34200.121,1,184689,300,168710,1
34200.196,1,184752,1,169200,-1
34200.355,2,184392,1250,168400,1
34200.373,2,184382,500,169190,-1
34200.413,1,184928,2500,168320,1
34200.462,1,184962,59,166900,1
34200.47,1,184972,61,163500,1
34200.56,1,185055,36,169200,-1
34200.604,5,184814,700,168770,1
34200.604,4,184689,200,168710,1
34200.78,1,185234,500,169090,-1
34200.851,2,184928,2500,168320,1
34200.888,1,185341,1250,168400,1
34201.125,2,185341,1250,168400,1
34201.174,1,185527,2500,168320,1
34201.176,2,185234,500,169090,-1
34201.324,1,185628,500,169090,-1
34201.845,1,185943,100,168900,1
34202.275,2,185628,500,169090,-1
34202.374,1,186346,500,169090,-1
34202.539,4,185943,100,168900,1
34202.539,5,185947,400,168900,1
34202.539,5,185947,100,168900,1
34202.544,5,186324,535,168940,-1
34202.551,5,185947,2800,168900,1
34202.916,2,185527,2500,168320,1
34202.961,1,186729,2500,168480,1
34202.969,5,186697,400,168940,-1
34202.973,5,186697,465,168940,-1
34202.973,5,186364,35,169070,-1
34203.043,2,184689,100,168710,1
34203.046,2,186346,500,169090,-1
34203.05,5,185947,400,168900,1
34203.161,1,186855,300,168810,1
34203.714,1,187130,500,169190,-1
34203.772,4,186855,300,168810,1
34204.28,1,187400,200,168810,1
34204.359,2,187400,200,168810,1
34204.361,2,187130,500,169190,-1
34204.545,2,186729,2500,168480,1
34204.583,1,187656,2500,168400,1
34204.665,2,187656,2500,168400,1
34204.672,2,167846,1,168500,1
34204.676,2,167850,25,168500,1
34204.702,1,187766,1250,168480,1
34204.75,1,187808,1000,168610,1
34204.774,2,187766,1250,168480,1
34204.817,1,187885,2500,168480,1
34204.838,1,187906,500,168910,1
34204.947,2,187885,2500,168480,1
34204.986,1,188040,1250,168480,1
34205.021,1,188073,2500,178700,-1
34205.387,1,188332,500,169290,-1
34205.727,2,188040,1250,168480,1
34205.765,1,188637,2500,168480,1
34205.848,2,188332,500,169290,-1
34205.966,1,188756,286,169290,-1
34206.147,5,188595,600,169180,-1
34206.147,4,184752,1,169200,-1
34206.147,4,185055,36,169200,-1
34206.167,5,188778,765,169270,-1
34206.167,5,188779,235,169280,-1
34206.297,5,188779,63,169280,-1
34206.511,2,188756,286,169290,-1
34206.61,1,189224,1000,169790,-1
34206.794,2,187906,500,168910,1
34206.853,5,189331,100,169060,1
34207.002,5,189483,400,169190,-1
34207.081,5,189593,500,168960,1
34207.116,1,189643,100,169200,-1
34207.207,5,189675,100,168960,1
34207.408,5,189675,538,168960,1
34207.625,5,189053,300,168920,1
34207.803,5,189663,102,169160,-1
34207.803,4,189643,100,169200,-1
34208.104,2,188637,2500,168480,1
34208.104,1,190530,1000,168000,1
34208.148,1,190575,2500,168480,1
34208.157,2,187808,1000,168610,1
34208.276,1,190683,700,169010,1
34208.315,2,190575,2500,168480,1
34208.355,1,190752,1250,168560,1
34208.541,2,190752,1250,168560,1
34208.581,1,190905,88,208000,-1
34208.582,1,190907,2500,168560,1
34208.823,1,191154,500,169390,-1
34209.338,5,191177,700,169030,1
34209.616,5,191177,100,169030,1
34209.616,5,190227,200,169020,1
34209.616,5,191180,400,169020,1
34209.616,5,191234,400,169020,1
34209.616,4,190683,700,169010,1
34209.752,2,190907,2500,168560,1
34209.791,1,191959,1250,168560,1
34209.829,1,191996,1000,168610,1
34209.864,2,191154,500,169390,-1
34209.917,1,192062,500,168710,1
34209.934,5,191915,400,169020,1
34209.955,2,191996,1000,168610,1
34209.985,1,192116,1000,168720,1
34210.482,1,192512,100,169190,-1
34210.618,2,191959,1250,168560,1
34210.664,1,192627,2500,168480,1
34210.705,2,192512,100,169190,-1
34210.804,2,184962,59,166900,1
34210.812,2,184972,61,163500,1
34211.027,1,192982,100,169090,-1
34211.117,2,192062,500,168710,1
34211.13,2,192982,100,169090,-1
34211.408,2,192627,2500,168480,1
34211.45,1,193359,1250,168480,1
34211.897,2,193359,1250,168480,1
34211.935,1,193731,2500,168400,1
34212.048,2,193731,2500,168400,1
34212.088,1,193909,1250,168480,1
34212.328,2,192116,1000,168720,1
34212.376,1,194163,1000,168610,1
34212.533,2,193909,1250,168480,1
34212.577,1,194297,2500,168400,1
34213.023,5,194467,200,168920,1
34213.092,2,194297,2500,168400,1
34213.139,1,194695,2500,168480,1
34213.674,1,195037,500,169290,-1
34213.872,2,194695,2500,168480,1
34213.91,1,195221,1250,168480,1
34213.969,2,189224,1000,169790,-1
34214.003,1,195292,1000,169280,-1
34214.084,2,195221,1250,168480,1
34214.124,1,195387,2500,168400,1
34214.394,2,195387,2500,168400,1
34214.433,1,195630,2500,168480,1
34214.622,2,195630,2500,168480,1
34214.661,1,195787,1250,168480,1
34214.954,2,195292,1000,169280,-1
34214.985,2,194163,1000,168610,1
34215.063,1,196156,1000,169280,-1
34215.113,1,196193,300,174200,-1
34215.155,2,195787,1250,168480,1
34215.192,1,196248,2500,168480,1
34215.59,2,196248,2500,168480,1
34215.627,1,196544,2500,168560,1
34215.647,2,195037,500,169290,-1
34215.885,1,196741,500,169390,-1
34216.169,2,196741,500,169390,-1
34216.173,2,196544,2500,168560,1
34216.213,1,197050,2500,168480,1
34216.432,1,197213,500,169290,-1
34216.709,2,197050,2500,168480,1
34216.748,1,197417,1250,168560,1
34216.868,2,197417,1250,168560,1
34216.907,1,197549,2500,168480,1
34217.931,5,197392,600,168820,1
34217.931,5,198021,400,168810,1
34217.931,1,198221,2000,168800,-1
34218.407,4,198221,400,168800,-1
34218.489,4,198221,1500,168800,-1
34218.5,4,198221,100,168800,-1
34218.5,5,198581,400,168800,-1
34218.726,2,190530,1000,168000,1
34218.784,5,198597,100,168810,1
34219.45,1,199262,116,189400,-1
34219.747,2,197549,2500,168480,1
34219.784,1,199496,1250,168480,1
34220.085,1,199687,1200,169180,-1
34220.143,2,199496,1250,168480,1
34220.17,2,197213,500,169290,-1
34220.183,1,199758,2500,168400,1
34220.481,1,199905,500,169190,-1
34220.596,2,196156,1000,169280,-1
34220.627,1,199973,1000,169170,-1
34220.635,1,199980,1200,168320,1
34221.138,1,200354,500,168610,1
34221.546,2,199980,1200,168320,1
34221.547,2,199687,1200,169180,-1
34221.562,2,200354,500,168610,1
34221.565,2,199905,500,169190,-1
34221.638,1,200664,1200,168420,1
34221.684,1,200697,500,169190,-1
34221.699,2,200664,1200,168420,1
34222.192,1,201036,1200,168320,1
34222.228,1,201074,500,168610,1
34222.731,1,201378,1200,169180,-1
34223.757,2,181222,900,168600,1
34223.794,1,202062,1000,169500,-1
34225.48,1,203111,1600,169000,-1
34225.532,2,199973,1000,169170,-1
34225.563,1,203164,1000,168990,-1
34225.641,2,199262,116,189400,-1
34225.644,1,203228,5000,182400,-1
34225.658,1,203241,1170,249890,-1
34226.683,2,200697,500,169190,-1
34226.837,2,29772,75,160000,1
34226.846,2,201074,500,168610,1
34226.849,1,204096,500,169090,-1
34226.907,2,203164,1000,168990,-1
34227.088,2,199758,2500,168400,1
34227.127,2,201036,1200,168320,1
34227.131,1,204297,2500,168320,1
34227.133,2,201378,1200,169180,-1
34227.369,1,204436,1200,169080,-1
34227.416,1,204468,500,168510,1
34228.101,5,204378,300,168780,-1
34228.101,5,204587,400,168780,-1
34228.101,5,201810,300,168800,-1
34228.108,5,201810,100,168800,-1
34228.514,2,204297,2500,168320,1
34228.552,1,205178,2500,168240,1
34228.568,2,204468,500,168510,1
34228.57,2,204096,500,169090,-1
34228.574,2,204436,1200,169080,-1
34228.61,1,205213,1000,168410,1
34228.686,1,205257,1200,168980,-1
34228.945,1,205445,500,168410,1
34229.065,5,205207,400,168780,-1
34229.237,2,205257,1200,168980,-1
34229.338,1,205664,1200,169080,-1
34229.494,1,205734,500,168990,-1
34229.586,1,205786,35,170000,-1
34230.11,2,205213,1000,168410,1
34230.117,1,206124,116,189400,-1
34230.372,5,205207,100,168780,-1
34230.372,5,206190,375,168800,-1
34230.372,1,206262,225,168800,1
34230.806,1,206556,1000,168980,-1
34231.146,4,206262,225,168800,1
34231.235,2,206556,1000,168980,-1
34231.292,2,205178,2500,168240,1
34231.334,1,206896,2500,168320,1
34231.485,1,207015,100,168800,-1
34233.097,2,207015,100,168800,-1
34233.104,1,207906,100,168700,-1
34233.379,1,208055,1000,169000,-1
34233.943,2,205445,500,168410,1
34234.105,1,208504,500,168410,1
34234.493,2,205734,500,168990,-1
34234.66,1,208838,500,168990,-1
34237.831,2,206896,2500,168320,1
34237.869,1,210726,1250,168320,1
34237.892,5,210540,100,168500,1
34237.892,5,205398,400,168420,1
34237.892,5,210155,1800,168420,1
34237.992,2,210726,1250,168320,1
34238.037,1,210838,2500,168240,1
34238.062,2,205664,1200,169080,-1
34238.088,2,208504,500,168410,1
34238.09,2,208838,500,168990,-1
34238.123,1,210884,1200,168980,-1
34238.311,1,211002,300,168690,-1
34238.885,1,211380,500,168310,1
34239.084,4,92104,100,168400,1
34239.415,4,92104,400,168400,1
34240.019,4,92104,2969,168400,1
34240.019,4,146433,31,168400,1
34240.195,4,146433,469,168400,1
34243.312,2,211002,300,168690,-1
34243.361,1,213967,1000,168690,-1
34243.383,2,211380,500,168310,1
34243.463,1,214033,1200,168120,1
34243.478,1,214044,300,168690,-1
34243.554,4,117482,31,168300,1
34244.024,1,214369,500,168210,1
34244.218,2,214044,300,168690,-1
34244.691,1,214685,300,168590,-1
34244.886,2,214033,1200,168120,1
34244.887,2,210884,1200,168980,-1
34245.37,2,210838,2500,168240,1
34245.412,1,215099,1250,168240,1
34245.431,1,215108,1200,168020,1
34245.449,2,215099,1250,168240,1
34245.489,1,215138,2500,168160,1
34245.799,2,215138,2500,168160,1
34245.842,1,215357,2500,168240,1
34245.902,2,215108,1200,168020,1
34246.454,2,215357,2500,168240,1
34246.494,1,215697,2500,168160,1
34246.877,2,215697,2500,168160,1
34246.918,1,215988,2500,168240,1
34247.029,1,216062,1200,168020,1
34248.044,2,213967,1000,168690,-1
34248.149,1,216739,1200,168880,-1
34248.213,2,215988,2500,168240,1
34248.251,1,216808,2500,168160,1
34248.546,2,216808,2500,168160,1
34248.589,1,217059,1250,168240,1
34248.627,2,217059,1250,168240,1
34248.665,1,217125,2500,168160,1
34248.884,5,216928,100,168400,-1
34248.884,1,217294,2900,168400,1
34249.024,2,214369,500,168210,1
34249.098,2,207906,100,168700,-1
34249.292,1,217527,500,168210,1
34249.694,2,214685,300,168590,-1
34249.722,1,217795,1000,168870,-1
34249.836,1,217884,300,168590,-1
34250.378,1,218236,800,168210,1
34250.927,1,218577,800,169090,-1
34251.055,4,217294,2900,168400,1
34251.063,4,117482,69,168300,1
34251.363,5,218644,100,168300,1
34252.333,2,203111,1600,169000,-1
34252.788,2,218236,800,168210,1
34252.792,2,218577,800,169090,-1
34252.897,1,219884,800,168110,1
34252.899,2,217527,500,168210,1
34253.009,1,219933,500,168110,1
34253.445,1,220183,800,168690,-1
34253.612,1,220253,1100,168480,-1
34254.38,1,220694,200,168300,-1
34254.418,1,220710,1600,168600,-1
34254.438,2,217884,300,168590,-1
34254.444,2,219884,800,168110,1
34254.447,2,220183,800,168690,-1
34254.554,1,220751,800,168010,1
34254.611,2,220751,800,168010,1
34254.649,1,220799,400,168490,-1
34254.758,4,217125,600,168160,1
34254.83,1,220889,1100,168280,-1
34254.976,2,216062,1200,168020,1
34254.978,2,216739,1200,168880,-1
34255.097,1,221027,800,168690,-1
34255.195,2,220253,1100,168480,-1
34255.646,1,221268,800,168110,1
34255.888,2,220889,1100,168280,-1
34256.025,1,221480,1200,168480,-1
34256.392,5,221103,300,168200,-1
34256.392,4,220694,200,168300,-1
34256.54,2,221268,800,168110,1
34256.542,2,221027,800,168690,-1
34256.879,1,221964,800,168590,-1
34257.228,2,217125,1900,168160,1
34257.253,2,221480,1200,168480,-1
34257.264,1,222159,1200,168380,-1
34257.273,1,222167,1900,168080,1
34257.421,2,221964,800,168590,-1
34257.426,1,222245,800,168110,1
34257.631,2,222245,800,168110,1
34257.794,2,219933,500,168110,1
34257.883,5,222012,1000,168120,1
34258.082,1,222525,800,168690,-1
34258.28,2,222525,800,168690,-1
34258.385,1,222675,3000,168300,-1
34258.415,2,220799,400,168490,-1
34258.628,1,222786,800,168590,-1
34258.632,1,222791,800,168390,-1
34259.032,4,222167,1000,168080,1
34259.043,4,222167,600,168080,1
34259.086,4,222167,300,168080,1
34259.181,1,223096,800,168010,1
34259.271,4,223096,700,168010,1
34259.398,1,223202,2000,168100,1
34259.562,1,223296,2500,167760,1
34259.927,4,223202,2000,168100,1
34260.408,5,223187,11,168180,-1
34260.784,2,59350,1500,171200,-1
34260.84,2,223096,100,168010,1
34260.843,2,222786,800,168590,-1
34260.944,1,224046,800,167910,1
34261.439,2,117802,200,169900,-1
34261.598,1,224345,800,168490,-1
34261.689,2,222159,1200,168380,-1
34261.711,1,224407,1200,167920,1
34261.729,5,224305,100,168100,-1
34261.729,5,223187,989,168180,-1
34261.729,5,222690,313,168240,-1
34261.729,5,223041,700,168240,-1
34261.729,4,222675,2598,168300,-1
34261.804,1,224488,500,168010,1
34262.104,2,224046,800,167910,1
34263.602,1,225376,1000,168110,1
34263.634,2,222791,800,168390,-1
34263.785,5,225380,700,168170,1
34263.785,5,225392,300,168150,1
34263.884,1,225535,600,168390,-1
34264.279,1,225726,500,168050,1
34264.344,5,225392,100,168150,1
34264.665,2,224407,1200,167920,1
34264.834,1,226059,100,168200,-1
34264.902,4,225376,1000,168110,1
34264.902,4,225726,500,168050,1
34264.902,4,224488,500,168010,1
34264.902,4,65992,12700,168000,1
34265.005,1,226146,500,167910,1
34265.183,2,225535,600,168390,-1
34265.233,2,226146,500,167910,1
34265.496,4,65992,300,168000,1
34265.653,1,226496,1200,167820,1
34265.663,1,226501,800,168290,-1
34265.715,2,223296,2500,167760,1
34265.732,1,226550,7000,168100,1
34265.762,1,226579,1250,167760,1
34265.851,4,226550,400,168100,1
34266.107,1,226782,400,268200,-1
34266.169,4,226550,2400,168100,1
34266.208,4,226550,200,168100,1
34266.579,2,226579,1250,167760,1
34266.594,2,224345,800,168490,-1
34266.621,1,227096,2500,167680,1
34266.653,1,227117,800,168490,-1
34266.724,4,226550,1800,168100,1
34266.997,2,227117,800,168490,-1
34267.205,1,227503,500,168800,-1
34267.232,2,227096,2500,167680,1
34267.269,1,227535,1250,167760,1
34267.335,1,227568,800,168390,-1
34267.939,2,227535,1250,167760,1
34267.977,1,227928,2500,167760,1
34268.116,2,227568,800,168390,-1
34268.303,1,228103,800,168490,-1
34268.383,4,226550,1900,168100,1
34268.593,2,228103,800,168490,-1
34268.849,1,228425,800,168390,-1
34268.862,1,228436,200,159300,1
34269.321,2,112893,1000,167510,1
34269.387,4,226550,300,168100,1
34270.471,4,65992,300,168000,1
34270.474,4,65992,2800,168000,1
34270.665,2,226501,800,168290,-1
34270.792,4,65992,3471,168000,1
34270.792,4,69613,6200,168000,1
34270.792,4,113549,100,168000,1
34270.792,4,159442,20,168000,1
34270.792,4,161961,100,168000,1
34270.792,4,162815,50,168000,1
34270.805,1,229535,800,168290,-1
34271.573,2,133852,300,163500,1
34271.633,2,227928,2500,167760,1
34271.672,1,230132,2500,167680,1
34271.969,2,226496,1200,167820,1
34272.104,1,230369,1200,168280,-1
34272.167,5,228939,300,167930,1
34272.425,2,230132,2500,167680,1
34272.462,2,230369,1200,168280,-1
34272.471,1,230606,2500,167600,1
34272.499,2,229535,800,168290,-1
34272.608,4,84755,200,167900,1
34272.612,4,84755,100,167900,1
34272.665,1,230733,800,168190,-1
34272.852,2,29885,350,185000,-1
34272.877,1,230915,1000,167610,1
34273.44,2,230915,1000,167610,1
34273.854,2,228425,800,168390,-1
34273.875,2,217795,1000,168870,-1
34273.891,1,231510,1000,168180,-1
34273.94,1,231548,800,168390,-1
34274.682,1,231905,2500,168000,-1
34275.858,2,230733,800,168190,-1
34275.961,1,232572,800,168090,-1
34275.992,1,232591,1200,168180,-1
34276.045,2,232591,1200,168180,-1
34276.54,1,232870,1200,168080,-1
34278.297,2,231510,1000,168180,-1
34278.317,5,231273,400,167940,-1
34278.317,5,231913,100,167980,-1
34278.519,2,231905,2500,168000,-1
34278.591,5,232504,1000,167980,-1
34278.711,2,226059,100,168200,-1
34278.714,1,234021,1200,167520,1
34278.826,2,230606,2500,167600,1
34278.854,2,234021,1200,167520,1
34278.858,2,232870,1200,168080,-1
34278.874,2,232572,800,168090,-1
34278.88,1,234149,2500,167680,1
34278.901,1,234163,1000,167510,1
34278.905,1,234169,1000,168290,-1
34278.945,2,231548,800,168390,-1
34278.946,1,234200,1200,168180,-1
34279.097,1,234294,800,168390,-1
34279.144,1,234316,800,168190,-1
34279.254,1,234365,1200,167620,1
34280.7,1,235060,1000,167900,1
34281.366,2,234149,2500,167680,1
34281.402,1,235421,2500,167760,1
34281.501,2,235060,1000,167900,1
34281.91,1,235732,1000,167800,1
34283.19,2,234365,1200,167620,1
34283.3,1,236422,1200,167720,1
34283.366,2,234200,1200,168180,-1
34283.477,1,236499,1200,168280,-1
34284.095,2,234294,800,168390,-1
34284.144,2,234316,800,168190,-1
34284.247,1,236867,1000,167900,1
34284.289,1,236895,800,168190,-1
34284.305,1,236909,800,168390,-1
34284.89,1,237242,1000,168000,1
34285.137,5,237308,1000,168020,1
34285.137,4,237242,600,168000,1
34285.173,2,234169,1000,168290,-1
34285.24,4,237242,400,168000,1
34285.488,2,236422,1200,167720,1
34285.681,1,237635,150,168000,1
34285.733,4,237635,150,168000,1
34285.733,5,237300,850,167930,1
34286.176,5,237300,1000,167930,1
34286.263,5,237300,10,167930,1
34286.367,2,235421,2500,167760,1
34286.407,1,238012,1250,167760,1
34286.471,5,237300,40,167930,1
34286.847,1,238213,93,168400,-1
34286.861,2,238012,1250,167760,1
34286.886,5,237300,2100,167930,1
34286.886,5,237671,100,167920,1
34286.886,4,236867,1000,167900,1
34286.898,1,238248,2500,167680,1
34287.02,1,238323,1200,167620,1
34287.147,2,235732,1000,167800,1
34287.203,2,234163,1000,167510,1
34287.219,1,238440,1000,167690,1
34287.576,2,236895,800,168190,-1
34287.679,1,238676,800,168090,-1
34287.811,2,238440,1000,167690,1
34287.825,2,236499,1200,168280,-1
34287.931,1,238821,1200,168180,-1
34288.223,1,238953,1000,167690,1
34289.104,2,238953,1000,167690,1
34289.194,1,239377,1000,160100,1
34289.305,2,236909,800,168390,-1
34289.446,1,239471,800,168390,-1
34289.673,1,239581,1000,167690,1
34289.755,5,239591,100,167980,-1
34289.876,2,239581,1000,167690,1
34290.56,2,238248,2500,167680,1
34290.56,2,238821,1200,168180,-1
34290.572,1,239967,1200,168280,-1
34290.599,1,239989,2500,167760,1
34290.727,2,239967,1200,168280,-1
34290.886,2,239989,2500,167760,1
34290.949,1,240215,2500,167680,1
34291.136,1,240287,1200,168180,-1
34291.35,1,240411,1000,167690,1
34291.547,2,240215,2500,167680,1
34291.595,1,240522,2500,167760,1
34292.684,2,238676,800,168090,-1
34292.78,2,227503,500,168800,-1
34292.819,1,241126,800,168090,-1
34293.094,2,240411,1000,167690,1
34294.038,2,226782,400,268200,-1
34294.446,2,239471,800,168390,-1
34294.67,1,241977,800,168390,-1
34294.795,1,242032,500,167800,1
34295.093,1,242167,150,167800,1
34295.3,4,242032,188,167800,1
34295.361,4,242032,200,167800,1
34295.435,4,242032,112,167800,1
34295.435,4,242167,150,167800,1
34295.471,5,241330,400,168000,-1
34295.471,5,242144,200,168000,-1
34295.786,5,242198,10,168030,-1
34296.191,2,240522,2500,167760,1
34296.229,1,242784,2500,167680,1
34296.575,2,240287,1200,168180,-1
34296.602,1,242982,1200,168080,-1
34297.18,5,242981,1110,167760,1
34297.18,5,242292,1390,167730,1
34297.414,5,242292,1000,167730,1
34297.824,2,241126,800,168090,-1
34297.959,1,243670,800,168090,-1
34298.173,2,238323,1200,167620,1
34298.229,1,243764,300,162900,1
34298.283,1,243799,1200,167520,1
34298.833,1,244054,1200,168280,-1
34299.675,2,241977,800,168390,-1
34299.863,1,244509,800,168390,-1
34300.041,2,242784,2500,167680,1
34300.049,2,244054,1200,168280,-1
34300.084,1,244621,2500,167760,1
34300.561,4,244621,60,167760,1
34300.594,1,244885,150,167800,1
34300.69,1,244945,1200,168280,-1
34300.751,5,242810,200,167980,-1
34300.751,5,242987,290,168020,-1
34300.751,5,243335,1110,168020,-1
34300.751,5,244640,400,168060,-1
34300.873,2,244509,800,168390,-1
34300.972,1,245127,800,168290,-1
34301.133,2,244945,1200,168280,-1
34301.146,1,245191,500,167710,1
34301.203,2,242982,1200,168080,-1
34301.304,1,245259,1200,168180,-1
34301.455,2,243799,1200,167520,1
34301.612,5,245064,100,167980,-1
34301.612,5,245221,400,168070,-1
34301.612,5,241396,1000,168080,-1
34301.612,5,242169,200,168080,-1
34301.612,5,242894,300,168080,-1
34301.612,5,245222,400,168080,-1
34301.612,5,245266,900,168080,-1
34301.862,2,245127,800,168290,-1
34301.921,5,245369,289,167900,1
34301.921,5,245282,700,167860,1
34301.921,5,245414,1311,167840,1
34302.006,1,245569,800,168390,-1
34302.424,2,245569,800,168390,-1
34302.551,1,245777,800,168290,-1
34302.653,1,245828,2000,167810,1
34302.809,2,244621,2440,167760,1
34302.847,1,245933,1250,167760,1
34302.857,1,245939,1000,167900,1
34302.956,2,243670,800,168090,-1
34302.98,2,245933,1250,167760,1
34303.017,1,246003,2440,167760,1
34303.043,1,246020,300,168090,-1
34303.144,2,246003,2440,167760,1
34303.17,1,246065,1000,160000,1
34303.184,1,246078,2440,167680,1
34303.267,1,246135,1000,166300,1
34303.291,1,246150,1000,167900,1
34304.063,2,245828,2000,167810,1
34304.756,5,245950,800,167920,1
34304.756,5,245984,900,167920,1
34304.756,5,246057,800,167920,1
34304.96,1,246972,1000,167900,1
34305.232,2,31223,250,180000,-1
34305.591,2,244885,150,167800,1
34305.684,1,247266,150,168000,1
34305.793,4,247266,100,168000,1
34305.869,4,247266,50,168000,1
34305.946,1,247410,250,169000,-1
34306.058,5,246057,200,167920,1
34306.058,5,247377,400,167910,1
34306.058,4,245939,1000,167900,1
34306.058,4,246150,1000,167900,1
34306.058,4,246972,400,167900,1
34306.073,4,246972,500,167900,1
34306.145,4,246972,100,167900,1
34306.146,2,245191,500,167710,1
34306.226,1,247558,500,167710,1
34306.277,1,247590,1200,167520,1
34306.917,1,247952,3000,168000,-1
34307.556,2,245777,800,168290,-1
34307.697,1,248378,7,168000,-1
34307.757,1,248416,800,168290,-1
34308.046,2,246020,300,168090,-1
34308.194,1,248610,300,168090,-1
34308.524,1,248717,3000,167890,-1
34309.063,1,249029,3000,167100,1
34309.087,5,248803,100,167820,1
34309.087,1,249041,900,167800,-1
34309.397,2,245259,1200,168180,-1
34309.565,2,248717,3000,167890,-1
34309.626,2,247558,500,167710,1
34309.725,1,249347,500,167610,1
34309.868,2,249041,900,167800,-1
34309.948,1,249459,1200,168080,-1
34310.639,1,249755,150,167700,1
34311.026,2,247952,3000,168000,-1
34311.265,2,248610,300,168090,-1
34311.366,1,250070,300,167990,-1
34311.585,2,250070,300,167990,-1
34311.609,5,250072,88,167930,-1
34311.914,1,250315,300,168090,-1
34312.102,2,248416,800,168290,-1
34312.207,1,250472,800,168190,-1
34312.389,2,250472,800,168190,-1
34312.487,4,249755,150,167700,1
34312.578,2,250315,300,168090,-1
34312.689,1,250749,300,167990,-1
34312.721,1,250769,1200,168280,-1
34312.753,1,250792,800,168290,-1
34313.357,2,250792,800,168290,-1
34313.524,1,251268,800,168190,-1
34313.806,2,249347,500,167610,1
34313.809,2,250749,300,167990,-1
34313.872,1,251531,1000,167990,-1
34314.087,2,247590,1200,167520,1
34314.13,1,251682,300,167990,-1
34314.253,1,251747,1200,167420,1
34314.353,2,246078,2440,167680,1
34314.364,2,250769,1200,168280,-1
34314.391,1,251832,1250,167680,1
34314.394,2,249459,1200,168080,-1
34314.492,1,251877,1200,167980,-1
34314.688,1,252014,500,167610,1
34315.34,2,251747,1200,167420,1
34315.36,2,252014,500,167610,1
34315.364,2,251682,300,167990,-1
34315.366,2,251832,1250,167680,1
34315.381,2,251877,1200,167980,-1
34315.404,1,252389,2440,167760,1
34315.461,1,252421,1200,167520,1
34315.466,1,252429,500,167710,1
34315.528,1,252471,1200,168080,-1
34316.121,1,252791,400,168090,-1
34316.654,2,252389,2440,167760,1
34316.692,1,253046,1250,167760,1
34316.813,2,253046,1250,167760,1
34316.851,1,253135,2440,167760,1
34318.115,1,253692,2000,167770,1
34318.251,2,253135,2440,167760,1
34318.289,1,253781,2440,167680,1
34318.525,2,251268,800,168190,-1
34318.645,2,252421,1200,167520,1
34318.651,1,253981,800,168190,-1
34318.67,2,252429,500,167710,1
34318.673,2,252791,400,168090,-1
34318.722,1,254033,1000,167700,1
34318.74,1,254059,1200,167520,1
34318.755,1,254072,500,167610,1
34319.307,1,254414,500,168090,-1
34319.332,5,254028,100,167800,-1
34319.332,1,254426,900,167800,1
34319.379,2,254414,500,168090,-1
34319.565,2,253781,2440,167680,1
34319.582,2,254072,500,167610,1
34319.603,1,254589,2440,167760,1
34319.678,4,254426,900,167800,1
34319.678,4,253692,100,167770,1
34319.681,4,253692,400,167770,1
34319.765,2,254589,2440,167760,1
34319.811,1,254742,1250,167760,1
34319.836,2,253692,1500,167770,1
34319.852,1,254771,500,168090,-1
34320.105,2,254742,1250,167760,1
34320.143,1,254952,2440,167760,1
34320.197,1,254994,1000,167600,1
34320.313,2,251531,1000,167990,-1
34320.4,1,255113,500,167710,1
34320.443,2,254952,2440,167760,1
34320.469,1,255162,1000,167990,-1
34320.485,1,255181,2440,167680,1
34320.503,1,255193,1000,166600,1
34320.541,2,254771,500,168090,-1
34320.554,2,255113,500,167710,1
34320.758,5,255178,85,167930,-1
34321.09,1,255619,150,167700,1
34322.486,1,256517,3000,166700,1
34322.989,1,256795,500,167990,-1
34323.541,1,257112,500,167610,1
34323.632,2,252471,1200,168080,-1
34323.656,2,253981,800,168190,-1
34323.747,1,257236,1200,167980,-1
34323.769,1,257259,1200,168280,-1
34323.864,1,257316,800,168190,-1
34323.87,2,222675,402,168300,-1
34323.961,5,257175,200,167710,1
34323.961,4,254033,400,167700,1
34324.07,2,257236,1200,167980,-1
34324.291,1,257634,1200,168080,-1
34324.616,2,257634,1200,168080,-1
34324.653,2,257316,800,168190,-1
34324.754,1,257881,800,168090,-1
34324.838,1,257935,1200,167980,-1
34325.172,2,255162,1000,167990,-1
34326.083,2,255619,150,167700,1
34326.192,1,258723,500,167780,-1
34326.266,2,258723,500,167780,-1
34326.398,2,254059,1200,167520,1
34326.756,1,259117,500,167780,-1
34326.83,2,257259,1200,168280,-1
34327.033,2,259117,500,167780,-1
34327.261,4,254033,600,167700,1
34327.349,1,259509,500,167780,-1
34327.5,2,259509,500,167780,-1
34327.533,1,259611,150,167700,1
34327.629,4,259611,150,167700,1
34327.727,1,259754,150,167800,1
34327.84,4,259754,150,167800,1
34327.928,5,259689,82,167880,-1
34327.979,1,259937,500,167780,-1
34327.986,2,256795,500,167990,-1
34328.135,1,260062,500,167990,-1
34328.341,2,259937,500,167780,-1
34328.539,1,260302,500,167960,-1
34328.547,2,257112,500,167610,1
34328.678,1,260399,500,167610,1
34328.949,2,260302,500,167960,-1
34329.757,2,257881,800,168090,-1
34329.862,1,261191,800,168090,-1
34329.934,5,260306,20,167900,-1
34331.748,5,260306,44,167900,-1
34332.541,2,255181,2440,167680,1
34332.572,2,257935,1200,167980,-1
34332.579,1,263028,2440,167760,1
34332.628,1,263057,1200,167520,1
34333.136,2,260062,500,167990,-1
34333.219,1,263457,1000,167990,-1
34333.273,1,263484,500,167990,-1
34333.676,2,260399,500,167610,1
34333.683,4,263028,500,167760,1
34333.819,1,263770,500,167610,1
34333.986,4,263028,1940,167760,1
34333.986,5,263720,60,167740,1
34334.474,1,264156,2500,167440,1
34334.866,2,261191,800,168090,-1
34334.926,1,264416,1200,168280,-1
34334.961,1,264436,1200,168080,-1
34334.972,1,264440,800,168090,-1
34335.007,2,264156,2500,167440,1
34335.045,1,264496,2500,167360,1
34335.12,2,264436,1200,168080,-1
34335.252,2,263057,1200,167520,1
34335.333,5,264196,500,167670,1
34335.522,1,264752,1200,167980,-1
34336.019,2,264416,1200,168280,-1
34336.124,2,263770,500,167610,1
34336.228,1,265150,500,167510,1
34336.242,1,265158,1200,167420,1
34336.542,2,263484,500,167990,-1
34336.651,2,264496,2500,167360,1
34336.66,1,265359,150,167700,1
34336.688,1,265380,1250,167360,1
34336.771,1,265444,500,167890,-1
34337.141,2,265380,1250,167360,1
34337.178,1,265673,2500,167360,1
34337.435,2,265444,500,167890,-1
34337.476,4,265359,150,167700,1
34337.54,1,265894,500,167890,-1
34337.76,2,264440,800,168090,-1
34337.864,1,266089,800,167990,-1
34338.132,2,265673,2500,167360,1
34338.169,1,266269,1250,167360,1
34338.916,2,264752,1200,167980,-1
34339.022,1,266774,1200,167880,-1
34339.34,5,266699,1000,167650,1
34339.34,5,262758,600,167610,1
34339.611,2,266269,1250,167360,1
34339.648,1,267134,2500,167360,1
34339.805,2,266774,1200,167880,-1
34339.919,1,267295,1200,167980,-1
34340.032,5,266782,20,167820,-1
34340.438,5,267257,100,167650,1
34340.438,5,267590,229,167640,1
34340.438,5,262758,271,167610,1
34341.04,5,266782,87,167820,-1
34341.227,2,265150,500,167510,1
34341.382,1,268289,500,167510,1
34341.99,2,267295,1200,167980,-1
34342.107,1,268809,1200,167880,-1
34342.536,2,265894,500,167890,-1
34342.709,1,269213,500,167890,-1
34342.801,2,267134,2500,167360,1
34342.839,1,269328,2500,167280,1
34342.867,2,266089,800,167990,-1
34342.929,1,269402,800,167990,-1
34344.357,2,268289,500,167510,1
34344.459,1,270255,500,167410,1
34344.683,1,270353,500,167680,-1
34344.894,2,270353,500,167680,-1
34345.054,5,262758,129,167610,1
34345.054,4,254994,871,167600,1
34345.209,1,270668,500,167680,-1
34345.329,2,270668,500,167680,-1
34345.426,2,265158,1200,167420,1
34345.719,1,270902,150,167600,1
34345.767,4,254994,129,167600,1
34345.767,4,270902,150,167600,1
34345.779,2,269213,500,167890,-1
34345.864,1,270981,1200,167320,1
34345.881,1,270996,500,167790,-1
34345.96,5,270424,100,167510,1
34345.96,4,68905,900,167500,1
34346.02,1,271080,500,167860,-1
34346.112,2,270996,500,167790,-1
34346.447,1,271290,500,167790,-1
34346.646,4,68905,50,167500,1
34346.663,2,271290,500,167790,-1
34346.843,1,271507,350,169000,-1
34346.848,2,238213,93,168400,-1
34346.989,1,271580,500,167790,-1
34347.002,1,271591,93,167700,-1
34347.213,1,271698,2500,167600,-1
34347.318,2,271080,500,167860,-1
34347.322,1,271756,500,167580,-1
34347.602,2,269328,2500,167280,1
34347.649,1,271971,2500,167360,1
34347.849,4,68905,50,167500,1
34347.849,4,81918,110,167500,1
34347.927,2,269402,800,167990,-1
34348.065,1,272219,800,167990,-1
34348.098,2,270255,500,167410,1
34348.103,2,271580,500,167790,-1
34348.318,1,272367,500,167890,-1
34348.434,2,272219,800,167990,-1
34348.439,2,271756,500,167580,-1
34348.499,2,271971,2500,167360,1
34348.541,1,272510,2500,167280,1
34348.545,4,81918,50,167500,1
34348.546,2,272367,500,167890,-1
34348.613,1,272555,800,167890,-1
34348.864,1,272715,500,167790,-1
34348.981,1,272774,100,167700,-1
34349.132,2,268809,1200,167880,-1
34349.411,1,272989,500,167410,1
34349.558,4,272989,500,167410,1
34350.127,2,270981,1200,167320,1
34350.239,1,273429,1200,167220,1
34350.385,2,273429,1200,167220,1
34350.63,2,202062,1000,169500,-1
34350.773,2,141118,300,163500,1
34352.183,1,274541,500,167380,-1
34352.258,2,274541,500,167380,-1
34352.373,2,271698,2500,167600,-1
34352.39,2,263457,1000,167990,-1
34352.407,1,274693,1000,167690,-1
34352.539,1,274762,1200,167780,-1
34352.746,2,272715,500,167790,-1
34352.777,1,274937,500,167380,-1
34352.85,1,274989,800,167690,-1
34352.896,2,274937,500,167380,-1
34352.925,2,274989,800,167690,-1
34353.2,2,272555,800,167890,-1
34353.298,1,275303,800,167790,-1
34353.336,1,275324,500,167670,-1
34353.398,1,275376,800,167690,-1
34353.448,2,272510,2500,167280,1
34353.49,1,275445,1250,167360,1
34353.547,1,275504,2000,167400,1
34353.58,2,275376,800,167690,-1
34353.604,2,275445,1250,167360,1
34353.649,1,275587,2500,167280,1
34353.884,4,275504,1000,167400,1
34353.926,2,275324,500,167670,-1
34353.975,4,275504,1000,167400,1
34353.975,5,275653,100,167400,1
34353.975,1,275832,300,167400,-1
34354.052,1,275880,800,167790,-1
34354.719,2,275880,800,167790,-1
34354.769,1,276434,150,167300,1
34354.822,1,276493,800,167690,-1
34355.221,2,275587,2500,167280,1
34355.258,1,276809,1250,167280,1
34355.263,5,276131,100,167350,-1
34355.273,2,274762,1200,167780,-1
34355.385,1,276917,1200,167680,-1
34355.409,2,276809,1250,167280,1
34355.448,1,276974,2500,167280,1
34355.75,1,277169,600,167310,1
34355.8,5,276948,200,167350,-1
34355.944,2,276974,2500,167280,1
34355.981,1,277326,2500,167200,1
34356.245,2,276493,800,167690,-1
34356.259,4,277169,100,167310,1
34356.321,4,275832,300,167400,-1
34356.321,5,277548,100,167400,-1
34356.321,1,277596,200,167400,1
34356.349,1,277617,800,167590,-1
34356.365,4,277596,200,167400,1
34356.449,2,275303,800,167790,-1
34356.549,1,277770,800,167690,-1
34356.774,4,277169,100,167310,1
34356.905,2,243764,300,162900,1
34357.522,2,277169,400,167310,1
34357.803,1,278626,300,162300,1
34358.181,4,30603,6,167300,1
34358.203,2,89993,1000,170000,-1
34358.206,2,91760,1000,167000,1
34358.211,2,277770,800,167690,-1
34358.337,5,278013,100,167400,-1
34358.337,5,278967,100,167400,-1
34358.337,1,278984,2300,167400,1
34358.337,1,278985,800,167590,-1
34358.388,4,278984,700,167400,1
34358.572,4,278984,500,167400,1
34359.001,4,278984,200,167400,1
34359.103,4,278984,800,167400,1
34359.882,2,276917,1200,167680,-1
34359.992,1,280131,1200,167580,-1
34360.0,5,279857,856,167530,-1
34360.003,5,280135,700,167540,1
34360.003,5,280135,100,167540,1
34361.125,2,274693,1000,167690,-1
34361.149,2,247410,250,169000,-1
34361.347,2,277617,800,167590,-1
34361.485,2,276434,150,167300,1
34361.491,1,281062,800,167590,-1
34361.493,1,281065,2300,167500,1
34361.539,4,281065,2300,167500,1
34361.578,1,281113,150,167400,1
34361.774,2,280131,1200,167580,-1
34361.795,1,281286,250,167600,-1
34361.832,1,281307,1200,167880,-1
34361.889,1,281347,1200,167680,-1
34361.907,1,281354,1000,167500,1
34361.934,4,281354,1000,167500,1
34362.704,2,281307,1200,167880,-1
34362.787,4,278984,100,167400,1
34362.787,4,281113,150,167400,1
34363.338,2,278985,800,167590,-1
34363.409,1,282311,800,167590,-1
34363.536,1,282394,300,162300,1
34363.868,2,277326,2500,167200,1
34363.915,1,282660,1250,167280,1
34363.985,2,282660,1250,167280,1
34364.028,1,282741,2500,167200,1
34364.098,1,282780,1300,167420,1
34365.052,4,282780,97,167420,1
34365.079,4,282780,1203,167420,1
34365.079,5,282309,100,167400,1
34365.079,5,283105,400,167400,1
34365.256,5,283486,100,167500,-1
34365.906,1,283981,400,170000,-1
34366.487,2,281062,800,167590,-1
34366.759,1,284490,800,167590,-1
34366.837,2,248378,7,168000,-1
34367.135,2,281347,1200,167680,-1
34367.148,2,282741,2500,167200,1
34367.189,1,284779,2500,167280,1
34367.209,2,284779,2500,167280,1
34367.247,1,284814,1250,167280,1
34367.332,2,284814,1250,167280,1
34367.371,1,284898,2500,167280,1
34367.381,1,284903,7,167500,-1
34368.407,2,282311,800,167590,-1
34368.502,1,285670,800,167590,-1
34368.572,2,285670,800,167590,-1
34369.066,1,286134,800,167490,-1
34370.386,2,284903,7,167500,-1
34370.522,1,287134,7,167500,-1
34370.619,1,287194,600,167500,-1
34371.47,1,287804,800,166910,1
34371.757,2,284490,800,167590,-1
34371.787,1,288050,150,167300,1
34371.896,1,288134,800,167590,-1
34373.793,5,289213,1000,167360,1
34373.823,5,289001,97,167310,1
34374.067,2,286134,800,167490,-1
34374.204,1,289600,800,167490,-1
34374.428,5,289067,100,167400,-1
34374.428,5,289674,50,167400,-1
34375.595,5,290442,200,167350,1
34375.595,5,289961,700,167310,1
34375.595,4,30603,94,167300,1
34375.595,4,30603,150,167300,1
34375.668,5,290662,68,167390,-1
34375.935,2,284898,2500,167280,1
34375.979,1,290957,2500,167200,1
34376.467,2,287804,800,166910,1
34376.61,2,288134,800,167590,-1
34376.613,1,291472,800,166910,1
34376.711,1,291526,1200,167580,-1
34376.722,1,291543,800,167490,-1
34376.861,2,271591,93,167700,-1
34377.199,1,291945,93,167400,-1
34378.484,2,119239,1000,167100,1
34379.029,2,291472,800,166910,1
34379.033,2,289600,800,167490,-1
34379.143,5,292685,100,167350,-1
34379.143,5,293036,200,167390,-1
34379.243,5,293036,432,167390,-1
34379.243,4,291945,93,167400,-1
34379.301,2,290957,2500,167200,1
34379.347,1,293665,500,167110,1
34379.348,1,293667,1250,167200,1
34379.437,2,293667,1250,167200,1
34379.481,1,293788,2500,167120,1
34379.717,1,293987,800,166910,1
34380.062,4,30603,750,167300,1
34380.062,4,288050,150,167300,1
34380.062,5,294165,100,167300,1
34380.134,1,294342,1000,167800,-1
34380.233,2,293665,500,167110,1
34380.251,1,294417,800,167890,-1
34380.334,1,294487,500,167010,1
34380.499,5,294586,400,167300,1
34380.822,1,294882,150,167300,1
34380.847,4,294882,150,167300,1
34381.343,2,291543,800,167490,-1
34381.443,1,295352,600,167490,-1
34381.747,2,291526,1200,167580,-1
34381.852,1,295700,1200,167480,-1
34381.941,2,295352,600,167490,-1
34382.05,2,294487,500,167010,1
34382.099,1,295878,600,167490,-1
34382.178,2,295700,1200,167480,-1
34382.4,1,296051,1200,167580,-1
34382.644,1,296209,500,167110,1
34382.788,2,296209,500,167110,1
34382.945,2,296051,1200,167580,-1
34383.057,1,296530,1200,167480,-1
34383.302,1,296697,500,167010,1
34383.399,2,296530,1200,167480,-1
34383.451,2,293788,2500,167120,1
34383.466,2,296697,500,167010,1
34383.487,1,296809,2500,167200,1
34383.621,1,296885,1200,167580,-1
34383.849,1,297079,500,167110,1
34384.619,2,294417,800,167890,-1
34384.717,2,293987,800,166910,1
34384.879,4,51781,1000,167200,1
34384.879,4,296809,2500,167200,1
34385.272,2,296885,1200,167580,-1
34385.318,1,298077,800,166910,1
34385.373,2,298077,800,166910,1
34385.383,1,298131,1200,167480,-1
34385.401,1,298152,2500,166870,1
34385.557,1,298271,200,167800,-1
34386.066,1,298645,800,166810,1
34386.619,1,299043,800,167790,-1
34387.098,2,295878,600,167490,-1
34387.238,1,299472,600,167490,-1
34387.793,2,297079,500,167110,1
34387.896,1,299884,500,167010,1
34387.979,2,298152,2500,166870,1
34387.993,5,299394,700,167210,1
34388.018,1,299976,1250,166870,1
34388.05,2,299976,1250,166870,1
34388.072,2,299472,600,167490,-1
34388.091,1,300044,2500,166800,1
34388.445,1,300328,600,167390,-1
34388.661,2,300044,2500,166800,1
34388.704,1,300531,1250,166870,1
34388.815,2,300531,1250,166870,1
34388.856,1,300711,2500,166800,1
34389.146,2,299043,800,167790,-1
34389.306,1,301046,800,167690,-1
34389.613,5,301173,450,167290,-1
34389.827,1,301413,150,167100,1
34390.376,5,299213,75,167170,1
34390.603,2,301046,800,167690,-1
34390.724,1,301991,800,167790,-1
34391.068,2,298645,800,166810,1
34391.26,2,301991,800,167790,-1
34391.269,1,302372,800,166810,1
34391.613,2,302372,800,166810,1
34391.83,1,302759,800,166710,1
34392.376,1,303090,800,167690,-1
34392.617,1,303222,500,167000,1
34392.781,2,298131,1200,167480,-1
34392.882,1,303396,1200,167380,-1
34392.898,2,299884,500,167010,1
34393.036,1,303506,500,167010,1
34393.372,5,303649,100,167150,1
34393.372,5,302165,1144,167140,1
34393.372,5,301391,450,167110,1
34393.372,4,249029,806,167100,1
34393.449,2,300328,600,167390,-1
34393.696,1,303938,600,167390,-1
34394.047,2,300711,2500,166800,1
34394.088,1,304253,2500,166720,1
34394.114,2,303506,500,167010,1
34394.116,2,303938,600,167390,-1
34394.205,1,304364,1200,167580,-1
34394.241,1,304408,500,166910,1
34394.697,2,303396,1200,167380,-1
34394.734,5,304063,100,167200,-1
34394.734,1,304815,900,167200,1
34394.734,1,304816,1000,167490,-1
34394.749,1,304838,1200,167280,-1
34394.792,1,304900,600,167290,-1
34394.963,4,304815,250,167200,1
34394.978,4,304815,500,167200,1
34395.123,4,304815,150,167200,1
34395.123,4,249029,2194,167100,1
34395.123,4,301413,150,167100,1
34395.24,1,305250,100,167000,1
34395.551,2,287194,600,167500,-1
34395.642,1,305558,800,167260,-1
34395.989,2,304364,1200,167580,-1
34396.011,2,304408,500,166910,1
34396.014,2,304900,600,167290,-1
34396.014,2,304253,2500,166720,1
34396.051,1,305905,2500,166640,1
34396.115,1,305963,500,166810,1
34396.394,2,287134,7,167500,-1
34396.531,1,306290,7,167200,-1
34396.562,5,305630,500,167190,-1
34396.664,1,306403,600,167190,-1
34396.838,2,302759,800,166710,1
34397.064,1,306768,800,166710,1
34397.116,2,306403,600,167190,-1
34397.148,2,305558,800,167260,-1
34397.234,2,305963,500,166810,1
34397.292,5,306369,697,167180,-1
34397.292,4,306290,7,167200,-1
34397.297,2,304816,1000,167490,-1
34397.378,2,303090,800,167690,-1
34397.378,1,307007,1200,167480,-1
34397.433,2,307007,1200,167480,-1
34397.566,1,307161,100,167290,-1
34397.632,1,307206,800,167690,-1
34397.825,2,305905,2500,166640,1
34397.871,1,307418,2500,166720,1
34397.927,1,307463,1200,167580,-1
34398.117,1,307583,500,166910,1
34398.226,2,304838,1200,167280,-1
34398.274,1,307700,1200,167380,-1
34398.608,1,307981,500,167480,-1
34398.762,2,307981,500,167480,-1
34398.813,2,305250,100,167000,1
34399.024,1,308316,3000,169100,-1
34399.308,1,308486,150,167100,1
34399.373,1,308521,600,167300,-1
34400.437,2,307463,1200,167580,-1
34400.592,5,304990,100,167270,-1
34400.592,5,308880,700,167280,-1
34400.592,4,307161,100,167290,-1
34400.609,4,308521,600,167300,-1
34400.609,5,307646,100,167300,-1
34400.615,5,307401,300,167370,-1
34400.615,4,307700,900,167380,-1
34400.676,5,309309,700,167290,-1
34400.676,5,309294,300,167310,-1
34400.694,5,309294,700,167310,-1
34400.694,4,307700,300,167380,-1
34400.694,5,307939,200,167380,-1
34400.717,5,307939,300,167380,-1
34400.719,1,309385,1000,167590,-1
34400.746,1,309410,100,167290,-1
34400.777,1,309433,1200,167680,-1
34400.794,4,309410,100,167290,-1
34400.841,2,272774,100,167700,-1
34401.026,1,309614,1200,167320,1
34401.058,5,306510,700,167480,-1
34401.29,5,309767,500,167390,1
34401.347,2,307583,500,166910,1
34401.4,1,309868,500,167490,-1
34401.438,2,309385,1000,167590,-1
34401.449,5,309893,375,167430,-1
34401.449,5,309884,625,167470,-1
34401.487,1,309943,1000,167300,1
34401.52,5,308244,600,167480,-1
34401.52,4,309868,100,167490,-1
34401.555,4,309868,400,167490,-1
34401.766,1,310114,1000,167590,-1
34401.803,2,309614,1200,167320,1
34401.851,2,310114,1000,167590,-1
34401.972,1,310246,100,167290,1
34402.003,1,310269,300,167110,1
34402.062,2,310269,300,167110,1
34402.07,2,306768,800,166710,1
34402.175,1,310416,800,166710,1
34402.51,2,310416,800,166710,1
34402.552,1,310689,300,167110,1
34402.628,2,307206,800,167690,-1
34402.795,1,310866,1200,167780,-1
34402.971,1,311015,800,167690,-1
34403.114,2,310689,300,167110,1
34403.224,1,311195,500,167590,-1
34403.433,2,309433,1200,167680,-1
34403.518,1,311347,800,166810,1
34403.535,2,310866,1200,167780,-1
34403.717,1,311487,500,167210,1
34403.873,1,311588,2500,167410,1
34404.139,2,311015,800,167690,-1
34404.15,1,311809,900,167500,1
34404.272,1,311888,1200,167780,-1
34404.407,1,311956,800,167790,-1
34405.329,4,311809,900,167500,1
34405.329,5,311577,100,167500,1
34405.36,2,311888,1200,167780,-1
34405.471,1,312658,1200,167680,-1
34405.629,2,311588,2500,167410,1
34405.8,2,312658,1200,167680,-1
34406.519,2,308486,150,167100,1
34406.674,1,313420,150,167500,1
34406.697,4,313420,150,167500,1
34406.781,5,311163,100,167400,1
34406.781,1,313528,1000,167300,1
34407.801,1,314150,150,167400,1
34407.818,4,314150,150,167400,1
34408.168,2,311347,800,166810,1
34408.229,2,311195,500,167590,-1
34408.271,1,314453,800,166910,1
34408.317,1,314481,1200,167780,-1
34408.322,1,314487,500,167590,-1
34408.57,1,314623,200,167400,-1
34408.631,2,307418,2500,166720,1
34408.64,2,314487,500,167590,-1
34408.675,1,314710,2500,166800,1
34408.719,2,311487,500,167210,1
34408.836,1,314867,1200,167120,1
34408.979,1,314949,500,167310,1
34409.241,4,314623,200,167400,-1
34409.408,2,311956,800,167790,-1
34409.485,1,315300,800,167790,-1
34409.508,2,314867,1200,167120,1
34409.52,1,315322,500,167690,-1
34411.061,2,314949,500,167310,1
34411.167,1,316468,1200,167020,1
34411.175,1,316481,500,167210,1
34411.669,5,316497,350,167400,-1
34412.274,2,315300,800,167790,-1
34412.282,2,314481,1200,167780,-1
34412.298,2,315322,500,167690,-1
34412.303,2,314710,2500,166800,1
34412.34,1,317275,2500,166720,1
34412.365,1,317294,1200,167680,-1
34412.371,1,317300,1200,167880,-1
34412.385,1,317317,800,167890,-1
34412.728,1,317574,500,167590,-1
34412.828,2,317275,2500,166720,1
34412.831,2,317294,1200,167680,-1
34412.846,2,317574,500,167590,-1
34412.873,1,317708,2500,166800,1
34412.915,1,317749,1200,167780,-1
34413.269,2,314453,800,166910,1
34413.272,1,317965,500,167690,-1
34413.309,2,317749,1200,167780,-1
34413.327,2,317708,2500,166800,1
34413.338,2,317965,500,167690,-1
34413.365,1,318051,2500,166720,1
34413.378,1,318061,800,166910,1
34413.461,1,318125,1200,167680,-1
34413.818,1,318394,500,167590,-1
34413.932,5,318206,500,167360,1
34413.932,5,318423,100,167350,1
34413.932,5,314818,82,167320,1
34413.932,5,315508,500,167320,1
34413.932,5,316411,625,167320,1
34413.932,5,318079,193,167310,1
34414.26,5,318079,507,167310,1
34414.26,4,309943,1000,167300,1
34414.26,4,313528,493,167300,1
34414.901,2,318051,2500,166720,1
34414.909,4,313528,100,167300,1
34414.941,2,318394,500,167590,-1
34414.945,1,319199,1250,166800,1
34414.984,1,319238,1000,167590,-1
34415.04,1,319302,500,167690,-1
34415.149,2,319302,500,167690,-1
34415.154,2,319199,1250,166800,1
34415.212,1,319438,2500,166720,1
34415.309,2,208055,1000,169000,-1
34415.313,2,317317,800,167890,-1
34415.418,1,319581,800,167790,-1
34415.568,1,319677,500,167590,-1
34415.727,1,319824,1000,167900,-1
34415.809,4,313528,222,167300,1
34415.815,2,319677,500,167590,-1
34416.117,1,320201,500,167590,-1
34416.178,2,316481,500,167210,1
34416.293,4,313528,185,167300,1
34416.399,2,318061,800,166910,1
34416.436,2,319438,2500,166720,1
34416.477,2,320201,500,167590,-1
34416.481,1,320470,2500,166800,1
34416.502,1,320484,800,166810,1
34416.568,5,320500,350,167300,1
34416.679,1,320660,500,167310,1
34416.769,4,320660,400,167310,1
34416.898,4,320660,100,167310,1
34417.107,1,321048,150,167200,1
34417.225,1,321144,400,167310,1
34417.264,4,321144,400,167310,1
34417.506,4,310246,65,167290,1
34417.558,2,320470,2500,166800,1
34417.595,1,321384,1250,166800,1
34417.994,5,321458,700,167300,-1
34418.502,5,321822,100,167360,1
34418.57,5,321822,300,167360,1
34418.617,5,322133,100,167360,1
34418.76,2,321384,1250,166800,1
34418.817,1,322342,2500,166720,1
34418.973,2,316468,1200,167020,1
34418.986,2,317300,1200,167880,-1
34419.613,1,322934,100,167210,1
34420.161,1,323311,500,167590,-1
34420.335,2,322342,2500,166720,1
34420.358,2,323311,500,167590,-1
34420.372,1,323491,1250,166800,1
34420.419,2,319581,800,167790,-1
34420.496,1,323583,800,167790,-1
34420.528,2,323491,1250,166800,1
34420.568,1,323653,2500,166720,1
34420.706,5,322214,45,167380,-1
34420.707,1,323752,500,167590,-1
34421.042,2,323752,500,167590,-1
34421.066,2,323653,2500,166720,1
34421.069,2,320484,800,166810,1
34421.105,1,324122,1250,166800,1
34421.255,1,324227,500,167690,-1
34421.267,1,324240,800,166910,1
34421.461,2,324122,1250,166800,1
34421.499,1,324388,2500,166800,1
34421.652,2,322934,100,167210,1
34421.801,1,324696,100,167310,1
34421.848,4,324696,100,167310,1
34423.29,2,321048,150,167200,1
34424.254,5,325703,700,167320,1
34424.644,1,326843,500,167110,1
34424.819,1,327017,1200,167020,1
34424.965,2,327017,1200,167020,1
34425.076,1,327252,150,167300,1
34425.168,4,327252,100,167300,1
34425.203,2,319238,1000,167590,-1
34425.421,1,327510,1000,167590,-1
34425.499,2,323583,800,167790,-1
34425.578,1,327631,800,167790,-1
34425.604,4,327252,50,167300,1
34425.713,1,327731,1200,167020,1
34425.805,1,327821,150,167300,-1
34425.809,4,327821,150,167300,-1
34425.972,4,310246,35,167290,1
34425.972,1,327951,100,167290,-1
34426.133,4,327951,100,167290,-1
34426.133,5,328022,1200,167290,-1
34426.133,1,328061,2700,167300,1
34426.261,2,324227,500,167690,-1
34426.269,2,324240,800,166910,1
34426.335,4,328061,200,167300,1
34426.396,1,328314,500,167690,-1
34426.495,4,328061,32,167300,1
34426.533,1,328435,800,166910,1
34426.71,2,327731,1200,167020,1
34426.721,2,327631,800,167790,-1
34426.889,4,328061,2468,167300,1
34427.08,2,328435,800,166910,1
34427.136,1,329032,1200,167020,1
34427.258,1,329139,800,167790,-1
34427.307,1,329170,8000,168000,-1
34427.569,2,329032,1200,167020,1
34427.724,1,329493,500,172600,-1
34427.808,1,329584,1200,166920,1
34427.846,2,329139,800,167790,-1
34427.852,1,329643,800,166910,1
34428.023,2,329643,800,166910,1
34428.245,2,328314,500,167690,-1
34428.319,5,330008,84,167300,-1
34428.36,1,330039,800,167790,-1
34428.364,1,330046,200,167490,-1
34428.376,5,324886,15,167210,1
34428.74,2,324388,2500,166800,1
34428.782,1,330434,2500,166720,1
34428.795,2,318125,1200,167680,-1
34428.803,1,330457,1200,167580,-1
34428.807,2,326843,500,167110,1
34428.811,2,330046,200,167490,-1
34428.92,2,330434,2500,166720,1
34428.925,2,330457,1200,167580,-1
34428.928,1,330598,800,166810,1
34428.934,1,330603,500,167010,1
34428.959,1,330625,1250,166800,1
34429.001,2,330603,500,167010,1
34429.095,2,330625,1250,166800,1
34429.135,1,330785,2500,166800,1
34429.146,5,330584,84,167300,1
34429.146,5,330573,1,167160,1
34429.149,5,330573,15,167160,1
34429.208,2,330785,2500,166800,1
34429.249,1,330868,1250,166800,1
34429.275,2,330868,1250,166800,1
34429.315,1,330941,2500,166800,1
34429.319,1,330950,1200,167680,-1
34429.379,2,330950,1200,167680,-1
34429.581,1,331247,300,167490,-1
34429.867,1,331520,1200,167580,-1
34430.129,1,331763,500,167010,1
34430.71,2,330941,2500,166800,1
34430.748,1,332232,2500,166800,1
34431.525,1,332897,100,167200,-1
34431.552,4,332897,14,167200,-1
34431.558,2,331247,300,167490,-1
34431.88,1,333215,300,167390,-1
34432.249,1,333542,100,167300,-1
34432.293,2,332232,2500,166800,1
34432.332,1,333625,1250,166800,1
34432.438,2,329584,1200,166920,1
34432.495,5,333214,60,167150,-1
34432.654,2,333625,1250,166800,1
34432.712,1,333997,2500,166720,1
34432.715,2,333997,2500,166720,1
34432.753,1,334061,1250,166800,1
34433.238,2,334061,1250,166800,1
34433.28,1,334619,2500,166720,1
34433.359,2,330039,800,167790,-1
34433.475,1,334801,800,167790,-1
34433.556,2,334801,800,167790,-1
34433.93,2,330598,800,166810,1
34434.15,1,335430,800,166810,1
34434.702,1,335926,800,167790,-1
34434.899,1,336133,150,167000,1
34435.011,2,335926,800,167790,-1
34435.129,2,331763,500,167010,1
34435.256,1,336444,800,167690,-1
34435.275,1,336468,500,167010,1
34435.285,1,336481,1200,166820,1
34435.294,5,331771,1384,167070,1
34435.294,5,333988,700,167020,1
34435.294,4,336468,500,167010,1
34435.294,4,69625,3616,167000,1
34435.304,4,69625,2584,167000,1
34435.304,4,89310,16,167000,1
34435.347,2,336444,800,167690,-1
34435.658,2,331520,1200,167580,-1
34435.801,2,333215,300,167390,-1
34435.879,1,336994,1200,167480,-1
34435.926,1,337040,800,167690,-1
34435.948,1,337059,500,167290,-1
34435.965,5,336709,43,167100,-1
34436.01,4,89310,600,167000,1
34436.162,4,89310,4000,167000,1
34436.488,1,337484,500,166910,1
34436.806,2,335430,800,166810,1
34436.908,1,337824,800,166810,1
34437.183,4,89310,384,167000,1
34437.183,4,168324,1000,167000,1
34437.183,4,303222,500,167000,1
34437.183,4,336133,150,167000,1
34437.183,1,338011,466,167000,-1
34438.916,2,337824,800,166810,1
34438.997,2,336481,1200,166820,1
34439.024,1,339473,800,166710,1
34439.778,5,339910,100,166930,1
34439.778,4,337484,400,166910,1
34439.899,2,337484,100,166910,1
34440.008,1,340250,300,166910,1
34440.034,2,334619,2500,166720,1
34440.075,1,340323,2500,166640,1
34440.085,2,337059,500,167290,-1
34440.098,2,340250,300,166910,1
34440.126,1,340359,1200,166720,1
34440.441,2,340323,2500,166640,1
34440.482,1,340676,2500,166720,1
34440.686,1,340839,900,167190,-1
34440.744,2,340839,900,167190,-1
34440.93,2,337040,800,167690,-1
34441.158,2,340359,1200,166720,1
34441.178,1,341236,800,167690,-1
34441.236,1,341290,900,167290,-1
34441.28,1,341322,1200,166820,1
34441.571,2,338011,466,167000,-1
34441.648,2,327510,1000,167590,-1
34441.672,1,341652,1000,167190,-1
34441.781,2,341322,1200,166820,1
34441.965,1,341964,100,166800,1
34442.151,1,342137,1200,167180,-1
34442.253,5,340482,20,167000,-1
34442.61,2,341652,1000,167190,-1
34442.659,5,342114,700,166810,1
34442.659,5,342340,700,166810,1
34442.659,4,341964,100,166800,1
34442.746,2,339473,800,166710,1
34442.748,2,341236,800,167690,-1
34442.872,1,342837,100,167290,-1
34443.423,1,343267,800,166610,1
34443.783,2,342837,100,167290,-1
34444.004,5,342897,68,166900,-1
34444.031,1,343775,100,167190,-1
34444.329,2,343775,100,167190,-1
34444.526,2,341290,900,167290,-1
34444.606,1,344277,100,167290,-1
34444.739,1,344394,900,167190,-1
34444.795,2,344394,900,167190,-1
34445.284,1,344822,900,167290,-1
34445.467,2,340676,2500,166720,1
34445.501,2,344277,100,167290,-1
34445.509,1,344985,1250,166800,1
34445.512,2,344985,1250,166800,1
34445.55,1,345015,2500,166800,1
34445.605,1,345057,100,167190,-1
34446.176,1,345600,1000,166800,1
34447.559,2,281286,250,167600,-1
34447.772,1,346953,1000,166900,1
34447.981,1,347143,250,167200,-1
34447.993,2,345015,2500,166800,1
34448.034,1,347174,1250,166800,1
34448.097,2,347174,1250,166800,1
34448.149,1,347269,2500,166720,1
34448.421,2,343267,800,166610,1
34448.597,1,347595,800,166610,1
34448.791,2,344822,900,167290,-1
34448.893,1,347886,900,167190,-1
34449.228,2,345600,1000,166800,1
34449.332,2,347595,800,166610,1
34449.49,1,348317,800,166610,1
34450.099,2,348317,800,166610,1
34450.253,1,348914,800,166510,1
34450.416,2,332897,86,167200,-1
34450.612,2,345057,100,167190,-1
34450.799,1,349309,100,167190,-1
34450.883,2,347269,2500,166720,1
34450.898,2,347886,900,167190,-1
34450.923,1,349421,2500,166800,1
34450.971,1,349461,900,167290,-1
34451.279,1,349657,3000,167000,-1
34452.153,5,350260,69,166950,1
34452.327,5,350473,400,166950,1
34452.327,5,349458,600,166910,1
34452.353,2,349309,100,167190,-1
34452.358,2,342137,1200,167180,-1
34452.555,1,350710,100,167090,-1
34452.654,4,346953,1000,166900,1
34452.731,2,350710,100,167090,-1
34452.776,1,350904,1200,167180,-1
34452.902,5,350865,150,166940,-1
34452.997,2,350904,1200,167180,-1
34453.04,5,350712,169,166900,1
34453.113,1,351249,100,167190,-1
34453.265,1,351360,86,166900,-1
34453.29,4,351360,86,166900,-1
34453.428,1,351491,1200,167180,-1
34454.461,1,352370,150,166800,1
34454.56,1,352449,350,166500,1
34455.249,2,348914,800,166510,1
34455.291,5,352771,100,166810,1
34455.333,1,353119,800,166510,1
34455.708,5,353148,10,166990,-1
34455.818,2,349461,900,167290,-1
34455.848,5,353148,10,166990,-1
34455.945,2,353119,800,166510,1
34456.002,1,353697,900,167190,-1
34456.065,1,353750,800,166610,1
34456.07,5,352975,100,166810,1
34456.07,4,349421,2500,166800,1
34456.07,4,352370,50,166800,1
34456.229,2,131354,1000,172000,-1
34456.434,1,354086,2500,166480,1
34456.558,1,354211,100,167100,-1
34456.641,1,354272,1000,169500,-1
34457.164,4,352370,50,166800,1
34457.651,2,353697,900,167190,-1
34457.757,1,355097,900,167290,-1
34457.83,2,353750,800,166610,1
34457.924,1,355234,800,166510,1
34457.927,4,349657,2000,167000,-1
34457.938,1,355245,1000,167500,-1
34457.948,2,351491,1200,167180,-1
34458.055,2,220710,1600,168600,-1
34458.099,4,349657,700,167000,-1
34458.11,2,351249,100,167190,-1
34458.193,2,354086,2500,166480,1
34458.22,2,336994,1200,167480,-1
34458.235,1,355511,1250,166550,1
34458.349,2,355511,1250,166550,1
34458.388,1,355637,2500,166550,1
34458.47,1,355686,100,167190,-1
34458.884,4,349657,300,167000,-1
34459.531,5,356004,800,167080,-1
34459.531,5,356009,200,167090,-1
34459.616,5,356009,14,167090,-1
34459.671,5,356009,43,167090,-1
34459.808,5,356009,100,167090,-1
34459.861,2,352370,50,166800,1
34460.011,2,355245,1000,167500,-1
34460.035,1,356972,50,167000,1
34460.166,1,357074,1000,165800,1
34460.62,4,354211,11,167100,-1
34461.623,2,333542,100,167300,-1
34462.055,4,354211,89,167100,-1
34462.064,1,358960,150,167000,1
34462.598,1,359376,1000,167000,1
34462.651,1,359415,500,167000,1
34462.76,2,355097,900,167290,-1
34462.896,1,359666,1200,167680,-1
34462.912,1,359684,900,167290,-1
34462.917,1,359688,1200,167380,-1
34462.929,2,355234,800,166510,1
34463.232,1,359999,800,166510,1
34463.47,2,355686,100,167190,-1
34463.783,1,360560,100,167190,-1
34464.156,2,359999,800,166510,1
34464.361,1,361089,800,166610,1
34464.876,2,360560,100,167190,-1
34464.896,2,356972,50,167000,1
34464.991,5,347258,15,167170,-1
34464.991,5,359882,35,167180,-1
34465.016,1,361687,800,167590,-1
34465.023,5,359882,100,167180,-1
34465.294,2,361089,800,166610,1
34465.296,2,361687,800,167590,-1
34465.306,5,359882,31,167180,-1
34465.562,1,362085,100,167010,1
34465.567,1,362088,700,167100,1
34465.593,5,359882,250,167180,-1
34465.596,2,359376,1000,167000,1
34465.951,2,359415,500,167000,1
34466.109,1,362611,800,167690,-1
34466.111,5,359882,250,167180,-1
34466.317,2,362085,100,167010,1
34466.386,5,359882,200,167180,-1
34466.401,5,359882,134,167180,-1
34466.401,4,347143,166,167200,-1
34466.447,1,362938,1000,167100,1
34466.676,1,363133,100,167110,1
34466.75,4,347143,84,167200,-1
34467.496,2,358960,150,167000,1
34467.672,1,364064,150,167200,1
34467.729,5,363388,100,167250,-1
34467.763,2,359666,1200,167680,-1
34467.783,2,359684,900,167290,-1
34467.929,1,364357,1200,167780,-1
34467.953,1,364380,900,167390,-1
34468.052,2,359688,1200,167380,-1
34468.096,1,364487,21,167200,1
34468.165,1,364534,1200,167480,-1
34468.189,1,364551,500,158500,1
34468.258,5,355552,100,167280,-1
34468.595,2,364380,900,167390,-1
34468.707,1,364963,900,167290,-1
34468.797,2,364357,1200,167780,-1
34468.841,2,364534,1200,167480,-1
34468.915,1,365211,1200,167680,-1
34468.946,1,365234,1200,167380,-1
34469.182,5,365198,100,167220,1
34469.182,4,364064,55,167200,1
34469.297,5,355552,100,167280,-1
34469.297,4,364963,800,167290,-1
34469.3,1,365523,28,167100,1
34469.477,1,365707,500,166910,1
34469.535,2,364963,100,167290,-1
34469.547,5,365754,500,167220,1
34469.768,1,365931,100,167100,1
34469.85,2,364487,21,167200,1
34470.022,1,366152,700,167390,-1
34470.438,5,365704,100,167280,-1
34470.438,5,365764,680,167290,-1
34470.622,2,362088,700,167100,1
34470.683,1,366610,1000,167200,1
34470.831,2,365523,28,167100,1
34470.926,5,366508,150,167280,-1
34471.111,2,362611,800,167690,-1
34471.224,1,367074,800,167690,-1
34471.325,1,367165,900,167200,1
34471.681,2,363133,100,167110,1
34471.894,1,367637,100,167110,1
34471.995,2,365707,500,166910,1
34472.101,1,367786,500,167010,1
34473.107,1,368620,1000,167200,1
34474.01,1,369398,3000,168900,-1
34474.09,2,367786,500,167010,1
34474.091,5,366629,300,167220,1
34474.091,5,366975,11,167220,1
34474.091,2,366152,700,167390,-1
34474.128,2,355637,2500,166550,1
34474.176,1,369519,1250,166550,1
34474.198,1,369544,700,167290,-1
34474.309,2,369519,1250,166550,1
34474.328,2,365211,1200,167680,-1
34474.346,1,369699,2500,166480,1
34474.352,2,365234,1200,167380,-1
34474.378,1,369726,1200,167280,-1
34474.382,1,369732,1200,167580,-1
34474.756,1,370038,500,166910,1
34474.869,2,369732,1200,167580,-1
34474.871,2,369699,2500,166480,1
34474.895,2,369726,1200,167280,-1
34474.9,1,370188,1200,167380,-1
34474.908,1,370194,2500,166550,1
34474.939,2,364064,95,167200,1
34475.08,1,370352,2500,167100,1
34475.301,2,370194,2500,166550,1
34475.319,1,370561,300,160500,1
34475.338,1,370590,1250,166550,1
34475.555,5,370229,300,167240,-1
34475.555,5,369593,700,167250,-1
34475.741,2,370590,1250,166550,1
34475.78,1,370990,2500,166550,1
34476.231,2,367074,800,167690,-1
34476.345,1,371397,1200,167680,-1
34476.381,1,371416,800,167690,-1
34476.433,1,371457,95,167200,1
34476.9,2,367637,100,167110,1
34477.158,1,372129,100,167110,1
34477.595,2,370990,2500,166550,1
34477.622,2,371397,1200,167680,-1
34477.659,1,372503,1200,167580,-1
34477.671,1,372521,2500,166480,1
34477.818,2,370188,1200,167380,-1
34477.902,1,372730,1200,167280,-1
34477.945,5,371110,100,167250,-1
34478.016,5,371110,100,167250,-1
34478.143,1,372930,1000,167000,1
34478.866,1,373499,350,175000,-1
34478.912,2,372521,2500,166480,1
34478.934,2,372503,1200,167580,-1
34478.95,1,373576,2500,166550,1
34478.992,2,372730,1200,167280,-1
34479.024,1,373647,1200,167380,-1
34479.08,1,373681,1200,167680,-1
34479.174,5,373657,90,167240,-1
34479.2,2,369544,700,167290,-1
34479.345,1,373916,700,167290,-1
34479.761,2,370038,500,166910,1
34479.852,1,374339,150,167200,1
34479.894,1,374386,500,166910,1
34480.063,2,373681,1200,167680,-1
34480.069,2,373576,2500,166550,1
34480.106,1,374574,1250,166550,1
34480.118,2,373647,1200,167380,-1
34480.131,2,374574,1250,166550,1
34480.171,1,374645,2500,166550,1
34480.177,1,374652,1200,167580,-1
34480.228,1,374714,1200,167380,-1
34480.428,2,173512,1020,170000,-1
34480.893,2,367165,900,167200,1
34480.902,5,373941,1000,167250,-1
34480.902,5,374663,100,167250,-1
34481.156,2,374652,1200,167580,-1
34481.159,2,373916,700,167290,-1
34481.279,1,375705,1200,167680,-1
34481.32,1,375742,300,167390,-1
34481.381,2,371416,800,167690,-1
34481.442,1,375868,800,167690,-1
34481.585,2,374386,500,166910,1
34481.866,1,376199,500,167010,1
34482.16,2,372129,100,167110,1
34482.331,1,376535,100,167110,1
34482.576,1,376723,2000,167300,1
34483.092,2,374645,2500,166550,1
34483.13,1,377206,1250,166640,1
34483.653,2,377206,1250,166640,1
34483.691,1,377710,2500,166640,1
34484.044,2,377710,2500,166640,1
34484.081,1,378012,2500,166550,1
34484.336,2,375868,800,167690,-1
34484.424,2,376723,2000,167300,1
34484.549,1,378450,800,167790,-1
34485.61,2,376535,100,167110,1
34485.78,1,379446,100,167210,1
34485.902,2,375705,1200,167680,-1
34485.974,1,379597,1200,167680,-1
34485.999,2,366610,1000,167200,1
34486.199,2,378012,2500,166550,1
34486.238,1,379785,2500,166640,1
34486.321,2,375742,300,167390,-1
34486.457,1,379922,300,167390,-1
34486.871,2,376199,500,167010,1
34487.001,1,380333,500,167010,1
34488.192,2,256517,3000,166700,1
34488.855,1,381678,150,167300,1
34489.551,2,378450,800,167790,-1
34489.782,1,382326,800,167790,-1
34489.879,2,374339,150,167200,1
34489.973,5,380988,600,167340,-1
34490.029,2,379922,300,167390,-1
34490.065,1,382559,150,167300,1
34490.176,1,382646,200,167490,-1
34490.509,5,380654,39,167320,1
34490.509,4,381678,150,167300,1
34490.509,4,382559,111,167300,1
34490.781,2,379446,100,167210,1
34490.907,1,383233,100,167210,1
34491.933,2,380333,500,167010,1
34492.037,1,384089,500,167110,1
34492.467,5,383560,200,167340,-1
34492.467,5,382046,700,167370,-1
34492.467,4,374714,300,167380,-1
34492.554,4,374714,900,167380,-1
34492.554,1,384499,1600,167400,1
34492.642,4,384499,1200,167400,1
34492.859,2,372930,1000,167000,1
34493.076,2,368620,1000,167200,1
34493.182,1,384964,1200,167480,-1
34493.606,1,385210,2000,167400,1
34493.796,1,385323,2000,167400,1
34494.285,4,384964,1200,167480,-1
34494.285,4,382646,200,167490,-1
34494.442,1,385778,100,167490,-1
34494.473,2,371457,95,167200,1
34494.563,2,385778,100,167490,-1
34494.623,1,385932,95,167400,1
34494.78,2,382326,800,167790,-1
34494.835,1,386130,1200,167880,-1
34494.894,1,386185,800,167790,-1
34494.948,2,384089,500,167110,1
34495.095,1,386320,500,167690,-1
34495.105,1,386323,1000,167200,1
34495.233,2,386185,800,167790,-1
34495.339,2,365931,100,167100,1
34495.347,5,386290,1500,167490,-1
34495.347,1,386482,500,167500,1
34495.39,1,386503,2000,167500,1
34495.474,1,386567,2000,167500,1
34495.68,1,386664,800,167890,-1
34495.911,2,383233,100,167210,1
34496.221,1,387044,100,167210,1
34496.583,5,386515,357,167510,1
34496.583,4,386482,500,167500,1
34496.583,4,386503,1143,167500,1
34496.959,2,386567,2000,167500,1
34496.96,2,386503,857,167500,1
34496.962,2,385323,2000,167400,1
34496.963,2,385210,2000,167400,1
34497.879,1,388260,150,167500,1
34499.228,2,387044,100,167210,1
34499.329,1,389229,100,167310,1
34499.433,2,385932,95,167400,1
34499.524,1,389338,95,167500,1
34499.919,2,382559,39,167300,1
34500.081,2,379597,1200,167680,-1
34500.088,1,389736,39,167500,1
34500.1,2,386320,500,167690,-1
34500.191,1,389809,1200,167780,-1
34500.346,1,389924,500,167690,-1
34500.68,2,386664,800,167890,-1
34500.736,2,389809,1200,167780,-1
34500.783,1,390260,800,167890,-1
34500.85,1,390334,1200,167680,-1
34500.905,2,390334,1200,167680,-1
34501.053,5,389768,700,167590,-1
34501.053,1,390501,600,167600,1
34501.396,1,390751,1200,167780,-1
34503.109,5,391200,100,167650,-1
34503.132,4,390501,600,167600,1
34503.688,2,390751,1200,167780,-1
34503.8,1,392540,1200,167680,-1
34503.846,1,392586,100,167310,1
34503.912,2,389924,500,167690,-1
34504.0,2,388260,150,167500,1
34504.125,2,392540,1200,167680,-1
34504.331,2,389229,100,167310,1
34504.347,1,392924,1200,167680,-1
34504.444,1,392990,100,167310,1
34504.462,1,393004,150,167600,1
34504.502,1,393036,500,167790,-1
34504.7,4,393004,150,167600,1
34504.784,2,392586,100,167310,1
34504.884,5,393318,150,167600,1
34504.892,2,392924,1200,167680,-1
34504.973,1,393428,7200,167300,1
34505.003,1,393454,1200,167680,-1
34505.272,1,393634,100,167410,1
34505.33,2,393454,1200,167680,-1
34505.389,2,389338,95,167500,1
34505.395,5,391138,23,167680,-1
34505.404,5,393232,95,167510,1
34505.492,1,393824,95,167600,1
34505.552,4,393824,39,167600,1
34505.554,1,393887,1200,167680,-1
34505.61,4,393824,56,167600,1
34505.61,4,389736,39,167500,1
34505.611,2,393887,1200,167680,-1
34505.615,5,393711,39,167500,1
34505.664,5,393964,550,167640,-1
34505.664,5,391138,1450,167680,-1
34505.668,2,169073,500,160000,1
34505.782,2,390260,800,167890,-1
34505.892,1,394239,800,167890,-1
34506.097,1,394398,1200,167780,-1
34506.146,2,393634,100,167410,1
34506.151,2,394398,1200,167780,-1
34506.235,2,393036,500,167790,-1
34506.251,1,394532,100,167310,1
34506.291,1,394576,500,165000,1
34506.551,2,379785,2500,166640,1
34506.589,1,394819,1250,166640,1
34506.648,1,394873,1200,167680,-1
34506.808,1,395076,500,167690,-1
34506.834,2,394819,1250,166640,1
34506.876,1,395180,2500,166640,1
34507.115,2,394239,800,167890,-1
34507.178,2,395180,2500,166640,1
34507.221,1,395542,2500,166550,1
34507.223,1,395546,800,167990,-1
34507.476,2,393428,7200,167300,1
34507.495,2,370352,2500,167100,1
34507.699,1,396035,2000,167590,-1
34508.73,1,396895,150,167500,1
34508.824,5,396849,60,167540,-1
34509.441,2,392990,100,167310,1
34509.548,1,397637,100,167310,1
34509.759,4,396895,150,167500,1
34510.94,2,395546,800,167990,-1
34511.157,1,398943,800,167890,-1
34511.251,2,394532,100,167310,1
34511.391,1,399114,100,167310,1
34511.811,2,395076,500,167690,-1
34511.892,2,394873,1200,167680,-1
34511.95,1,399561,500,167690,-1
34512.004,1,399602,1200,167600,-1
34512.133,2,386130,1200,167880,-1
34514.552,2,397637,100,167310,1
34514.689,1,401715,100,167310,1
34515.979,2,399114,100,167310,1
34515.983,2,399561,500,167690,-1
34516.095,1,402896,100,167210,1
34516.119,1,402913,1200,167780,-1
34516.163,2,398943,800,167890,-1
34516.299,2,395542,2500,166550,1
34516.338,1,403102,2500,166480,1
34516.345,1,403110,800,167990,-1
34516.38,1,403138,1000,167000,1
34516.653,1,403368,500,167600,-1
34517.035,2,399602,1200,167600,-1
34517.047,1,403695,1200,167600,-1
34518.316,1,404677,1200,167600,-1
34518.318,1,404680,1200,167600,-1
34519.335,2,401715,100,167310,1
34519.444,1,405517,100,167410,1
34519.449,1,405521,150,168000,-1
34519.873,1,405883,1000,165100,1
34521.091,2,402896,100,167210,1
34521.258,1,406937,100,167210,1
34521.342,2,403110,800,167990,-1
34521.472,1,407058,800,167990,-1
34521.653,2,403368,500,167600,-1
34521.799,1,407305,500,167600,-1
34521.998,2,402913,1200,167780,-1
34522.166,1,407521,1200,167780,-1
34522.328,2,407521,1200,167780,-1
34522.564,2,404677,1200,167600,-1
34522.712,1,407827,1200,167780,-1
34524.228,2,405517,100,167410,1
34524.328,1,409221,100,167310,1
34524.614,2,403102,2500,166480,1
34524.637,1,409419,2980,167600,-1
34524.658,1,409442,2500,166400,1
34524.741,2,406937,100,167210,1
34524.768,2,407827,1200,167780,-1
34524.814,2,407305,500,167600,-1
34524.861,1,409634,100,167110,1
34524.916,1,409680,1200,167680,-1
34525.345,2,403695,1200,167600,-1
34525.423,1,410065,500,167600,-1
34525.455,1,410085,1200,167600,-1
34526.109,1,410607,200,167600,-1
34526.385,2,409221,100,167310,1
34526.472,2,407058,800,167990,-1
34526.547,1,410967,100,167410,1
34526.683,1,411063,200,167110,1
34526.755,2,410065,500,167600,-1
34527.11,1,411405,800,167990,-1
34527.359,2,404680,1200,167600,-1
34527.414,2,409634,100,167110,1
34527.443,2,410967,100,167410,1
34527.831,2,409442,2500,166400,1
34527.871,1,411949,2500,166480,1
34527.898,2,409680,1200,167680,-1
34527.952,1,412021,100,167310,1
34528.012,1,412091,1200,167780,-1
34528.119,2,412021,100,167310,1
34528.488,1,412508,100,167310,1
34528.608,1,412601,100,167210,1
34529.157,1,413127,500,167600,-1
34529.303,2,411063,200,167110,1
34529.305,2,410607,200,167600,-1
34529.414,1,413306,200,167690,-1
34529.717,2,413306,200,167690,-1
34529.983,1,413779,200,167600,-1
34530.068,2,411949,2500,166480,1
34530.106,1,413873,1250,166480,1
34530.412,2,412091,1200,167780,-1
34530.429,2,413873,1250,166480,1
34530.472,1,414114,2500,166400,1
34530.522,1,414155,200,167110,1
34530.633,1,414235,1200,167680,-1
34531.165,2,396035,2000,167590,-1
34532.112,2,411405,800,167990,-1
34532.23,1,415468,800,167990,-1
34532.54,2,414114,2500,166400,1
34532.577,1,415731,2500,166480,1
34532.587,2,414235,1200,167680,-1
34532.699,2,298271,200,167800,-1
34532.822,2,414155,200,167110,1
34532.832,2,413779,200,167600,-1
34532.84,1,415960,1200,167780,-1
34532.886,1,415998,200,167690,-1
34533.429,1,416364,200,167210,1
34533.492,2,412508,100,167310,1
34533.526,1,416451,100,167600,-1
34533.613,2,412601,100,167210,1
34533.683,1,416581,100,167410,1
34533.766,1,416676,100,167210,1
34534.163,2,413127,500,167600,-1
34534.264,1,417067,75,165600,1
34534.423,1,417155,500,167600,-1
34534.764,1,417401,6000,175000,-1
34535.514,2,417155,500,167600,-1
34535.747,1,418103,500,167600,-1
34536.572,2,415731,2500,166480,1
34536.609,1,418693,1250,166480,1
34537.172,2,418693,1250,166480,1
34537.215,1,419194,2500,166400,1
34537.233,2,415468,800,167990,-1
34537.328,1,419297,800,167990,-1
34538.08,2,419194,2500,166400,1
34538.116,2,418103,500,167600,-1
34538.127,1,419893,2500,166480,1
34538.268,1,420005,500,167690,-1
34538.491,2,420005,500,167690,-1
34538.682,2,416581,100,167410,1
34538.772,2,416676,100,167210,1
34538.791,1,420440,100,167410,1
34538.845,1,420487,100,167210,1
34539.0,2,419893,2500,166480,1
34539.039,1,420618,1250,166480,1
34539.394,1,420867,500,167600,-1
34540.014,2,420618,1250,166480,1
34540.051,1,421352,2500,166400,1
34541.07,2,420440,100,167410,1
34541.249,1,422307,100,167310,1
34541.291,2,421352,2500,166400,1
34541.328,2,420487,100,167210,1
34541.33,1,422380,2500,166480,1
34541.332,2,420867,500,167600,-1
34541.47,1,422475,100,167310,1
34541.631,2,416451,100,167600,-1
34541.977,2,422380,2500,166480,1
34542.014,1,422929,2500,166400,1
34542.027,2,422475,100,167310,1
34542.043,1,422965,500,167600,-1
34542.08,1,423006,200,163500,1
34542.332,2,419297,800,167990,-1
34542.562,1,423379,800,167990,-1
34542.565,1,423380,100,167210,1
34542.882,2,415998,200,167690,-1
34543.089,1,423780,200,167690,-1
34543.091,1,423782,1000,167600,-1
34543.119,2,422307,100,167310,1
34543.219,1,423860,100,167410,1
34543.352,1,423948,1000,167500,-1
34543.382,2,422929,2500,166400,1
34543.39,1,423981,1000,167500,-1
34543.427,1,424026,1250,166480,1
34543.432,2,416364,200,167210,1
34543.485,2,424026,1250,166480,1
34543.513,1,424106,1000,167500,-1
34543.528,1,424126,2500,166400,1
34543.691,1,424276,200,167210,1
34544.649,2,410085,1200,167600,-1
34544.652,2,422965,500,167600,-1
34544.654,2,423782,1000,167600,-1
34544.968,1,425259,1000,167500,-1
34545.137,2,423860,100,167410,1
34545.248,1,425473,100,167310,1
34545.334,2,415960,1200,167780,-1
34545.436,2,424106,1000,167500,-1
34545.44,2,423981,1000,167500,-1
34545.44,2,423948,1000,167500,-1
34546.172,4,384499,400,167400,1
34546.275,2,424276,200,167210,1
34546.279,2,423780,200,167690,-1
34546.348,1,426442,200,167590,-1
34546.54,2,426442,200,167590,-1
34546.65,1,426695,1200,167680,-1
34546.721,1,426770,500,167590,-1
34546.787,1,426843,1200,167500,-1
34546.943,2,424126,2500,166400,1
34546.947,1,427023,1000,167400,-1
34546.949,1,427025,1000,167400,-1
34546.965,2,426843,1200,167500,-1
34546.992,1,427067,2500,166320,1
34546.994,2,426695,1200,167680,-1
34547.003,2,423380,100,167210,1
34547.008,2,426770,500,167590,-1
34547.05,1,427127,200,167210,1
34547.056,2,423379,800,167990,-1
34547.149,1,427214,800,167990,-1
34547.201,1,427255,1200,167580,-1
34547.264,1,427321,100,167110,1
34547.294,2,427127,200,167210,1
34547.333,1,427374,1200,167500,-1
34547.528,1,427527,200,167590,-1
34547.732,2,427374,1200,167500,-1
34547.756,2,427214,800,167990,-1
34547.813,1,427749,500,167490,-1
34547.86,2,427025,1000,167400,-1
34547.861,2,427023,1000,167400,-1
34548.057,1,427967,800,167890,-1
34548.118,2,427967,800,167890,-1
34548.137,1,428040,200,167110,1
34548.296,4,425473,100,167310,1
34548.593,1,428359,800,166910,1
34548.817,2,427067,2500,166320,1
34548.857,1,428614,2500,166230,1
34549.156,1,428860,800,167890,-1
34549.182,2,428040,200,167110,1
34549.184,2,427527,200,167590,-1
34549.193,1,428891,200,167490,-1
34549.246,1,428933,400,167400,-1
34549.454,5,429059,150,167360,-1
34549.848,1,429470,1200,167400,-1
34550.033,2,428933,400,167400,-1
34550.073,1,429639,200,167010,1
34550.806,2,428614,2500,166230,1
34550.844,1,430332,1250,166320,1
34551.373,2,430332,1250,166320,1
34551.408,2,427749,500,167490,-1
34551.413,1,430824,2500,166230,1
34551.492,2,428860,800,167890,-1
34551.534,1,430934,500,167490,-1
34551.598,1,430971,800,167790,-1
34551.68,2,427255,1200,167580,-1
34551.898,1,431209,1200,167480,-1
34552.022,1,431300,150,167200,1
34552.224,2,429470,1200,167400,-1
34552.262,2,427321,100,167110,1
34552.408,1,431564,100,167110,1
34552.623,5,431487,1000,167220,1
34553.007,5,431487,173,167220,1
34553.007,4,386323,727,167200,1
34553.023,2,428359,800,166910,1
34553.124,1,432218,800,166810,1
34553.133,4,386323,273,167200,1
34553.133,4,431300,127,167200,1
34553.226,5,432291,23,167220,1
34553.234,5,432291,77,167220,1
34553.234,4,431300,23,167200,1
34554.071,1,433047,2500,167200,-1
34554.073,2,429639,200,167010,1
34554.075,1,433049,200,166910,1
34554.077,2,428891,200,167490,-1
34554.332,1,433231,1200,167280,-1
34554.519,5,428923,100,167120,1
34554.565,5,428923,100,167120,1
34554.652,1,433493,200,167390,-1
34556.173,5,428923,100,167120,1
34556.184,5,428923,1000,167120,1
34556.192,5,428923,200,167120,1
34556.192,5,431284,100,167120,1
34556.192,4,431564,100,167110,1
34556.192,4,362938,600,167100,1
34556.299,2,433231,1200,167280,-1
34556.304,4,362938,300,167100,1
34556.361,4,362938,100,167100,1
34556.361,1,434909,900,167100,-1
34556.363,1,434911,1000,167100,-1
34556.408,1,434949,1200,167200,-1
34556.457,2,433049,200,166910,1
34556.46,2,433493,200,167390,-1
34556.464,2,434949,1200,167200,-1
34556.505,1,435022,200,166810,1
34556.507,2,430934,500,167490,-1
34556.541,4,434909,900,167100,-1
34556.541,4,434911,600,167100,-1
34556.603,2,430971,800,167790,-1
34556.694,1,435134,100,167290,-1
34556.703,1,435141,800,167790,-1
34556.808,2,430824,2500,166230,1
34556.845,1,435288,1250,166230,1
34556.864,2,435022,200,166810,1
34556.867,2,435134,100,167290,-1
34556.963,1,435385,1200,167280,-1
34557.018,2,435385,1200,167280,-1
34557.086,2,435288,1250,166230,1
34557.137,1,435533,2500,166160,1
34557.178,1,435564,200,167290,-1
34557.234,1,435619,100,167190,-1
34557.279,2,409419,2980,167600,-1
34557.504,1,435823,1200,167180,-1
34557.626,1,435896,200,166810,1
34557.63,2,434911,400,167100,-1
34557.78,1,436035,500,166810,1
34558.123,2,432218,800,166810,1
34558.235,1,436381,800,166810,1
34558.512,2,433047,2500,167200,-1
34558.852,1,436878,900,167000,1
34558.877,1,436912,200,167000,1
34558.893,2,436912,200,167000,1
34559.227,2,435141,800,167790,-1
34559.327,2,436878,900,167000,1
34559.328,1,437278,800,167690,-1
34559.476,2,435533,2500,166160,1
34559.514,1,437435,1250,166230,1
34559.558,2,437435,1250,166230,1
34559.596,1,437514,2500,166230,1
34560.428,2,435619,100,167190,-1
34560.545,1,438334,100,167290,-1
34560.704,2,437514,2500,166230,1
34560.727,1,438527,6756,167100,1
34560.742,1,438552,1250,166230,1
34560.76,2,438334,100,167290,-1
34561.1,1,438886,100,167190,-1
34561.463,2,438552,1250,166230,1
34561.501,1,439250,2500,166230,1
34561.761,2,438886,100,167190,-1
34561.875,1,439592,100,167290,-1
34561.901,1,439616,150,167000,1
34562.125,5,439640,750,167140,1
34562.533,2,439592,100,167290,-1
34562.642,1,440233,100,167190,-1
34562.783,2,436035,500,166810,1
34562.81,2,440233,100,167190,-1
34563.145,5,439662,500,167140,1
34563.187,1,440727,100,167290,-1
34563.233,2,436381,800,166810,1
34563.332,1,440838,800,166810,1
34563.545,2,440838,800,166810,1
34563.735,1,441143,500,166810,1
34564.019,1,441378,800,166710,1
34564.24,5,439662,500,167140,1
34564.24,5,439955,500,167140,1
34564.333,2,437278,800,167690,-1
34564.485,5,439955,700,167140,1
34564.543,2,440727,100,167290,-1
34564.563,1,441730,800,167690,-1
34564.589,4,438527,6756,167100,1
34564.722,1,441850,100,167190,-1
34565.227,2,441850,100,167190,-1
34565.263,2,30577,100,195000,-1
34565.377,1,442391,100,167290,-1
34566.369,2,441143,500,166810,1
34566.469,1,443309,500,166910,1
34566.473,2,435823,1200,167180,-1
34566.592,1,443416,1200,167280,-1
34566.66,2,435896,200,166810,1
34566.664,2,435564,200,167290,-1
34566.734,1,443532,200,166910,1
34566.829,2,431209,1200,167480,-1
34566.849,2,439250,2500,166230,1
34566.886,1,443672,2500,166320,1
34567.299,1,444007,200,167390,-1
34567.577,5,443352,100,167070,1
34567.647,1,444244,900,167000,1
34567.784,5,444209,600,167120,1
34567.784,1,444366,466,167090,-1
34567.917,1,444466,900,167300,-1
34567.975,2,444244,900,167000,1
34567.982,2,444466,900,167300,-1
34567.992,1,444541,900,167000,1
34568.142,2,444541,900,167000,1
34568.167,5,440551,100,167020,1
34568.167,5,443034,700,167010,1
34568.167,5,443808,100,167010,1
34568.167,5,444326,700,167010,1
34568.167,4,403138,1000,167000,1
34568.167,4,439616,150,167000,1
34569.023,2,441378,800,166710,1
34569.101,1,445464,1200,166720,1
34569.267,1,445622,800,166710,1
34569.3,1,445644,100,166990,-1
34569.414,5,444997,100,166930,1
34569.414,5,440548,400,166920,1
34569.414,5,443292,1866,166920,1
34569.563,2,441730,800,167690,-1
34569.614,2,444366,466,167090,-1
34569.812,1,446059,800,167690,-1
34570.071,1,446285,150,166900,1
34570.266,2,445644,100,166990,-1
34570.288,5,445985,900,166950,-1
34570.322,2,425259,1000,167500,-1
34570.383,2,442391,100,167290,-1
34570.473,4,443309,20,166910,1
34570.531,1,446589,100,167290,-1
34570.548,1,446602,1200,167580,-1
34571.319,2,445464,1200,166720,1
34571.322,2,446602,1200,167580,-1
34571.474,2,443309,480,166910,1
34571.625,1,447417,500,166910,1
34571.897,2,446059,800,167690,-1
34571.9,5,446204,95,166980,-1
34572.111,5,447654,5,166980,1
34572.111,4,443532,200,166910,1
34572.111,4,447417,500,166910,1
34572.202,2,444007,200,167390,-1
34572.211,2,446589,100,167290,-1
34572.217,1,447813,800,167590,-1
34572.218,1,447814,1000,167270,-1
34572.233,1,447830,200,167190,-1
34572.285,1,447880,500,166810,1
34572.286,4,446285,150,166900,1
34572.305,1,447892,1200,167480,-1
34572.826,1,448251,400,167190,-1
34572.841,5,446121,42,167000,-1
34572.892,1,448307,200,166910,1
34573.287,2,447892,1200,167480,-1
34573.447,2,445622,800,166710,1
34573.507,1,448808,1200,166720,1
34573.546,1,448843,800,166610,1
34573.567,2,448808,1200,166720,1
34573.687,2,448843,800,166610,1
34573.71,2,448251,400,167190,-1
34573.812,1,449067,400,167290,-1
34574.07,1,449350,1200,166720,1
34574.107,2,447813,800,167590,-1
34574.14,2,449350,1200,166720,1
34574.296,1,449571,800,166710,1
34574.356,2,449067,400,167290,-1
34574.469,1,449736,400,167190,-1
34574.711,4,448307,200,166910,1
34574.844,1,450059,800,167690,-1
34575.659,2,443672,2500,166320,1
34575.698,1,450747,1250,166320,1
34575.886,2,443416,1200,167280,-1
34575.989,1,450996,1200,167180,-1
34576.013,5,446121,62,167000,-1
34576.028,1,451023,1200,167480,-1
34576.033,2,450747,1250,166320,1
34576.074,1,451058,2500,166230,1
34576.879,1,451764,1000,166000,1
34576.951,2,447830,200,167190,-1
34576.956,1,451832,200,167090,-1
34577.284,2,447880,500,166810,1
34577.437,1,452238,500,166810,1
34577.447,1,452248,1200,166620,1
34578.064,2,447814,1000,167270,-1
34578.573,1,453077,900,167100,-1
34578.933,5,453240,95,166900,-1
34578.938,2,450996,1200,167180,-1
34579.027,2,451832,200,167090,-1
34579.157,1,453566,1200,167280,-1
34579.269,2,451058,2500,166230,1
34579.295,2,449571,800,166710,1
34579.308,1,453670,2500,166320,1
34579.36,1,453704,200,167090,-1
34579.372,2,450059,800,167690,-1
34579.423,2,453077,900,167100,-1
34579.426,2,453670,2500,166320,1
34579.437,1,453774,800,166710,1
34579.463,1,453797,2500,166320,1
34579.464,2,453704,200,167090,-1
34579.474,2,449736,400,167190,-1
34579.553,5,453240,100,166900,-1
34579.577,2,453797,2500,166320,1
34579.62,1,453906,2500,166230,1
34579.735,1,454003,400,167190,-1
34579.803,2,453906,2500,166230,1
34579.819,2,453566,1200,167280,-1
34579.821,1,454083,1200,167180,-1
34579.846,1,454121,1250,166320,1
34579.88,1,454156,900,167300,-1
34579.911,2,454156,900,167300,-1
34579.926,1,454188,900,167200,-1
34579.977,1,454228,200,167090,-1
34580.001,2,453774,800,166710,1
34580.015,1,454264,800,167590,-1
34580.072,2,454083,1200,167180,-1
34580.106,2,454121,1250,166320,1
34580.131,2,452238,500,166810,1
34580.149,1,454338,1250,166320,1
34580.154,2,454188,900,167200,-1
34580.163,2,454228,200,167090,-1
34580.168,1,454349,900,167100,-1
34580.282,1,454412,500,166810,1
34580.365,1,454477,1200,167180,-1
34580.402,2,454338,1250,166320,1
34580.426,2,454412,500,166810,1
34580.439,1,454534,2500,166230,1
34580.659,2,454534,2500,166230,1
34580.679,1,454703,800,166610,1
34580.697,1,454717,1250,166320,1
34580.828,1,454843,500,166810,1
34580.85,1,454861,200,167090,-1
34580.879,1,454891,20,165000,1
34580.89,2,454717,1250,166320,1
34580.931,1,454958,2500,166230,1
34581.0,2,454003,400,167190,-1
34581.007,2,454843,500,166810,1
34581.137,2,452248,1200,166620,1
34581.139,2,451023,1200,167480,-1
34581.375,1,455367,400,167090,-1
34581.922,1,455766,500,166710,1
34582.005,5,455008,41,167000,-1
34582.33,2,454958,2500,166230,1
34582.369,1,456229,2500,166160,1
34582.419,2,454861,200,167090,-1
34582.437,1,456329,200,166990,-1
34582.54,2,454349,900,167100,-1
34582.548,1,456474,300,166900,-1
34582.62,2,454477,1200,167180,-1
34582.647,2,455766,500,166710,1
34582.654,2,455367,400,167090,-1
34582.789,1,456771,1200,167080,-1
34582.808,1,456790,500,166610,1
34582.825,1,456821,1200,167380,-1
34583.346,1,457416,400,166990,-1
34583.455,2,454703,800,166610,1
34583.545,1,457624,800,166710,1
34583.897,2,457624,800,166710,1
34584.153,1,458293,800,166610,1
34584.585,1,458604,600,166900,-1
34585.014,2,454264,800,167590,-1
34585.126,1,459116,800,167590,-1
34585.866,5,458255,42,166850,-1
34586.351,4,166397,1000,166700,1
34586.427,1,460184,1200,166520,1
34586.765,2,456474,300,166900,-1
34587.022,1,460782,1300,166600,1
34587.139,2,405521,150,168000,-1
34587.336,2,459116,800,167590,-1
34587.458,2,458293,800,166610,1
34587.461,1,461119,100,167090,-1
34587.522,2,282394,300,162300,1
34587.554,1,461191,150,167000,-1
34587.801,5,456969,500,166620,1
34587.801,4,456790,500,166610,1
34587.801,4,255193,1000,166600,1
34587.801,4,460782,630,166600,1
34587.833,2,460782,670,166600,1
34587.847,5,460567,95,166690,-1
34587.847,5,461150,605,166690,-1
34587.952,1,461601,500,166610,1
34588.129,2,460184,1200,166520,1
34588.131,2,456821,1200,167380,-1
34588.153,1,461765,800,166510,1
34588.154,1,461766,150,166600,1
34588.185,5,461150,20,166690,-1
34588.214,4,461601,500,166610,1
34588.307,1,461888,1200,166880,-1
34588.343,2,457416,400,166990,-1
34588.348,2,456329,200,166990,-1
34588.376,1,461929,100,166800,-1
34588.462,1,461994,200,166890,-1
34588.504,2,458604,600,166900,-1
34588.514,1,462042,1100,166890,-1
34588.659,4,461766,150,166600,1
34588.845,1,462405,5000,166500,1
34589.056,2,461765,800,166510,1
34589.122,2,456229,2500,166160,1
34589.155,1,462732,800,166510,1
34589.159,1,462736,1250,166160,1
34589.32,2,462732,800,166510,1
34589.347,2,462736,1250,166160,1
34589.386,1,462917,2500,166080,1
34589.41,2,456771,1200,167080,-1
34589.503,2,461888,1200,166880,-1
34589.588,1,463092,1200,166780,-1
34589.59,2,461994,200,166890,-1
34589.607,1,463113,200,166790,-1
34589.635,2,462042,1100,166890,-1
34589.708,1,463213,800,166410,1
34589.742,1,463263,1100,166790,-1
34589.954,1,463442,1000,172000,-1
34590.697,2,461119,100,167090,-1
34590.805,1,464164,100,166990,-1
34591.274,1,464553,200,166450,1
34591.983,4,31444,100,166500,1
34591.983,4,171091,350,166500,1
34592.006,2,463213,800,166410,1
34592.119,1,465248,800,166310,1
34592.433,4,171091,227,166500,1
34592.477,4,171091,350,166500,1
34592.507,4,171091,2073,166500,1
34592.507,4,352449,350,166500,1
34592.507,4,462405,5000,166500,1
34593.152,1,465971,100,166490,-1
34593.331,2,464164,100,166990,-1
34593.337,5,466034,100,166460,-1
34593.337,5,466075,900,166460,-1
34593.402,5,466114,500,166480,-1
34593.438,1,466198,100,166890,-1
34593.546,5,466114,200,166480,-1
34593.546,4,465971,100,166490,-1
34593.65,5,466303,100,166490,1
34593.652,5,466303,100,166490,1
34593.652,4,464553,100,166450,1
34593.989,5,466651,100,166480,1
34593.989,4,464553,100,166450,1
34594.274,1,466890,300,161500,1
34594.682,2,462917,2500,166080,1
34594.744,2,463263,1100,166790,-1
34594.748,1,467275,1250,166160,1
34594.781,2,463092,1200,166780,-1
34594.827,5,467327,700,166410,1
34594.827,5,467073,100,166380,1
34594.827,5,466828,200,166350,1
34594.907,1,467425,1100,166890,-1
34595.583,2,467275,1250,166160,1
34595.621,1,467959,2500,166160,1
34595.817,2,465248,800,166310,1
34595.921,1,468186,800,166210,1
34596.104,2,467959,2500,166160,1
34596.132,2,467425,1100,166890,-1
34596.144,1,468338,2500,166080,1
34596.222,1,468404,1100,166790,-1
34596.313,1,468464,900,166800,-1
34596.931,2,468338,2500,166080,1
34596.95,2,468404,1100,166790,-1
34596.969,1,468970,2500,166160,1
34597.107,1,469041,1100,166890,-1
34597.162,1,469074,150,166400,1
34597.167,1,469079,2000,166500,-1
34597.272,2,466198,100,166890,-1
34597.373,1,469249,100,166790,-1
34597.956,4,469079,1800,166500,-1
34598.21,2,469041,1100,166890,-1
34598.212,5,469890,100,166450,1
34598.316,1,470003,1100,166790,-1
34598.468,2,470003,1100,166790,-1
34598.635,4,469079,200,166500,-1
34598.862,1,470468,1100,166890,-1
34598.88,1,470480,1200,166980,-1
34598.924,2,470468,1100,166890,-1
34599.037,1,470601,5300,166200,1
34599.198,2,468970,2500,166160,1
34599.237,1,470755,2500,166080,1
34599.285,1,470784,1000,166500,1
34599.409,1,470895,1100,166790,-1
34599.455,2,463113,200,166790,-1
34599.469,1,470950,1000,166400,1
34599.476,1,470956,200,166690,-1
34599.57,2,468464,900,166800,-1
34599.585,1,471046,900,166700,-1
34600.011,2,468186,800,166210,1
34600.116,1,471431,800,166110,1
34600.61,1,471775,1000,166600,1
34600.673,4,471775,1000,166600,1
34600.799,1,471954,5000,166500,1
34601.055,2,470895,1100,166790,-1
34601.155,1,472212,1100,166690,-1
34601.208,2,470480,1200,166980,-1
34601.822,2,470755,2500,166080,1
34601.862,1,472733,2500,166000,1
34602.051,1,472891,1200,166680,-1
34602.1,2,471046,900,166700,-1
34602.108,5,471869,100,166510,1
34602.108,5,472586,95,166510,1
34602.108,4,470784,505,166500,1
34602.221,4,470784,495,166500,1
34602.221,4,471954,5000,166500,1
34602.221,5,470976,200,166500,1
34602.239,2,469249,100,166790,-1
34602.344,1,473115,100,166690,-1
34602.541,2,472891,1200,166680,-1
34602.599,1,473349,1200,166780,-1
34602.79,2,473349,1200,166780,-1
34602.843,2,470950,1000,166400,1
34602.877,1,473633,1200,166880,-1
34603.148,1,473871,1200,166680,-1
34604.882,1,475494,100,166580,-1
34604.896,2,473871,1200,166680,-1
34605.006,1,475633,1200,166780,-1
34605.114,2,471431,800,166110,1
34605.221,1,475819,800,166110,1
34605.287,2,475819,800,166110,1
34605.77,2,475633,1200,166780,-1
34605.786,2,470956,200,166690,-1
34605.788,1,476298,200,166590,-1
34605.81,1,476313,800,166010,1
34606.154,2,472212,1100,166690,-1
34606.297,1,476677,1100,166690,-1
34606.881,2,472733,2500,166000,1
34606.919,1,477127,1250,166080,1
34607.063,1,477250,5000,166500,1
34607.104,2,473115,100,166690,-1
34607.172,1,477330,100,166590,-1
34607.224,4,477250,5000,166500,1
34607.28,2,469074,150,166400,1
34607.406,1,477552,150,166500,1
34607.457,4,477552,100,166500,1
34607.71,2,475494,100,166580,-1
34607.889,4,477552,50,166500,1
34608.341,5,478048,95,166490,-1
34608.341,1,478292,405,166500,1
34608.359,4,478292,405,166500,1
34608.411,1,478360,150,166400,1
34608.413,1,478361,1200,166780,-1
34608.827,2,476313,800,166010,1
34608.836,2,478361,1200,166780,-1
34608.844,2,477127,1250,166080,1
34608.882,1,478730,2500,166080,1
34608.895,4,478360,150,166400,1
34608.915,2,476298,200,166590,-1
34608.943,1,478765,1200,166780,-1
34609.018,1,478813,800,165910,1
34609.124,1,478912,200,166690,-1
34609.256,2,478912,200,166690,-1
34609.654,1,479308,200,166590,-1
34609.931,2,478765,1200,166780,-1
34610.036,1,479617,1200,166680,-1
34610.76,2,478730,2500,166080,1
34610.797,1,480116,2500,166080,1
34610.867,2,477330,100,166590,-1
34610.977,1,480274,100,166490,-1
34611.276,5,480244,50,166310,1
34611.285,5,480244,400,166310,1
34611.295,2,476677,1100,166690,-1
34611.562,1,480702,1100,166690,-1
34612.21,2,480116,2500,166080,1
34612.234,2,480702,1100,166690,-1
34612.249,1,481303,2500,166000,1
34612.262,1,481320,4000,165100,1
34612.325,1,481383,1100,166590,-1
34613.213,4,246135,300,166300,1
34613.525,4,246135,44,166300,1
34614.016,2,473633,1200,166880,-1
34614.018,2,478813,800,165910,1
34614.157,2,461929,100,166800,-1
34614.17,1,482998,800,165910,1
34614.74,2,481303,2500,166000,1
34614.78,1,483463,1250,166080,1
34615.081,2,483463,1250,166080,1
34615.12,1,483729,2500,166000,1
34615.271,2,483729,2500,166000,1
34615.31,1,483860,1250,166080,1
34615.391,2,483860,1250,166080,1
34615.43,1,483930,2500,166000,1
34615.495,2,483930,2500,166000,1
34615.533,1,484014,2500,166080,1
34615.579,2,484014,2500,166080,1
34615.616,1,484084,1250,166080,1
34615.638,1,484104,150,166300,1
34615.974,2,480274,100,166490,-1
34615.997,2,484084,1250,166080,1
34616.037,1,484408,2500,166000,1
34616.067,1,484440,100,166490,-1
34616.233,2,484408,2500,166000,1
34616.275,1,484592,1250,166080,1
34616.509,5,484727,100,166350,1
34616.509,5,482723,95,166310,1
34616.509,5,484202,405,166310,1
34616.651,4,246135,656,166300,1
34616.651,4,484104,150,166300,1
34616.971,2,484592,1250,166080,1
34616.974,2,484440,100,166490,-1
34617.008,1,485191,2500,166000,1
34617.044,1,485221,1200,166880,-1
34617.063,1,485238,100,166590,-1
34617.325,2,481383,1100,166590,-1
34617.335,2,485191,2500,166000,1
34617.373,1,485491,1250,166080,1
34617.452,2,485491,1250,166080,1
34617.472,1,485587,1100,166590,-1
34617.491,1,485607,2500,166000,1
34617.51,1,485629,2000,166000,1
34617.794,5,485345,200,166310,1
34617.913,2,485607,2500,166000,1
34617.951,1,486031,2500,166080,1
34618.327,1,486396,1000,166600,-1
34618.351,2,486031,2500,166080,1
34618.389,1,486460,1250,166080,1
34618.423,2,485221,1200,166880,-1
34618.424,5,486183,200,166270,1
34618.424,5,484965,800,166210,1
34618.947,2,485238,100,166590,-1
34618.992,1,486900,2000,166200,1
34619.053,1,486939,100,166490,-1
34619.174,2,482998,800,165910,1
34619.324,2,278626,300,162300,1
34619.417,2,486460,1250,166080,1
34619.454,1,487294,2500,166000,1
34619.592,1,487415,800,165910,1
34619.655,2,479308,200,166590,-1
34619.737,2,479617,1200,166680,-1
34619.741,1,487548,1200,166580,-1
34619.862,1,487664,200,166490,-1
34619.963,2,486396,1000,166600,-1
34619.979,1,487768,1000,166500,-1
34621.117,1,488538,300,161300,1
34622.29,2,485587,1100,166590,-1
34622.31,1,489443,5000,166900,-1
34622.403,1,489526,1100,166490,-1
34622.941,2,487415,800,165910,1
34623.044,1,490048,800,165910,1
34623.191,2,490048,800,165910,1
34623.591,1,490460,800,165810,1
34624.055,2,486939,100,166490,-1
34624.086,2,487664,200,166490,-1
34624.14,1,490941,100,166490,-1
34624.189,1,490989,200,166390,-1
34624.277,1,491067,150,166200,1
34624.278,2,487768,1000,166500,-1
34624.294,1,491085,1000,166400,-1
34624.406,5,490182,1000,166210,1
34624.406,5,490402,500,166210,1
34624.406,5,490837,700,166210,1
34624.406,4,470601,5100,166200,1
34624.451,2,487294,2500,166000,1
34624.492,1,491248,2500,165910,1
34624.944,2,487548,1200,166580,-1
34626.267,2,490941,100,166490,-1
34626.376,1,492885,100,166390,-1
34626.644,2,489526,1100,166490,-1
34626.738,1,493136,1200,166680,-1
34626.742,1,493143,1200,166480,-1
34626.747,1,493151,1100,166390,-1
34626.818,2,491085,1000,166400,-1
34626.834,1,493230,1000,166300,-1
34627.975,4,470601,100,166200,1
34628.078,2,490989,200,166390,-1
34628.184,1,494070,200,166290,-1
34628.348,4,470601,100,166200,1
34628.348,4,486900,2000,166200,1
34628.348,4,491067,150,166200,1
34628.595,2,490460,800,165810,1
34628.678,1,494319,800,165810,1
34629.327,1,494705,1000,165500,1
34630.947,2,491248,2500,165910,1
34630.983,1,495798,2500,166000,1
34631.232,1,495962,300,160810,1
34631.242,2,493151,1100,166390,-1
34631.323,2,494070,200,166290,-1
34631.341,1,496041,1100,166490,-1
34631.375,2,492885,100,166390,-1
34631.548,1,496204,100,166390,-1
34631.65,1,496272,200,166390,-1
34632.133,5,496012,100,166110,1
34632.66,2,496041,1100,166490,-1
34632.762,1,497123,1100,166390,-1
34633.363,1,497495,2500,166100,-1
34633.447,2,493230,1000,166300,-1
34633.675,2,494319,800,165810,1
34633.792,1,497807,800,165810,1
34633.858,5,495789,77,166010,1
34634.172,5,495789,2500,166010,1
34634.567,2,497807,800,165810,1
34634.673,1,498388,800,165710,1
34634.938,2,493136,1200,166680,-1
34635.332,2,496272,200,166390,-1
34635.545,1,499028,200,166290,-1
34635.65,4,69636,2500,166000,1
34635.738,2,495798,2500,166000,1
34635.775,1,499254,1250,166000,1
34635.795,5,498615,200,166050,-1
34635.795,5,498083,95,166090,-1
34635.795,4,497495,705,166100,-1
34636.157,2,496204,100,166390,-1
34636.328,2,485629,2000,166000,1
34636.437,1,499833,100,166290,-1
34636.497,4,69636,400,166000,1
34636.753,2,499254,1250,166000,1
34636.796,1,500146,2500,165910,1
34637.707,2,493143,1200,166480,-1
34637.725,2,497495,1795,166100,-1
34637.766,2,497123,1100,166390,-1
34637.781,1,500946,1200,166580,-1
34637.821,1,500979,1200,166380,-1
34637.903,1,501030,1100,166390,-1
34638.356,2,501030,1100,166390,-1
34638.465,2,500146,2500,165910,1
34638.467,1,501512,1100,166390,-1
34638.512,1,501557,2500,166000,1
34638.617,2,500979,1200,166380,-1
34638.695,1,501690,1200,166480,-1
34638.789,5,500672,100,166100,-1
34639.461,5,501451,3050,166040,1
34639.461,5,502119,95,166010,1
34639.461,4,69636,1855,166000,1
34639.675,2,498388,800,165710,1
34639.779,1,502515,800,165710,1
34639.827,4,69636,1445,166000,1
34639.827,4,169478,739,166000,1
34639.827,4,451764,1000,166000,1
34639.827,4,501557,2500,166000,1
34640.408,1,502978,2500,165520,1
34641.435,2,499833,100,166290,-1
34641.576,1,503778,100,166290,-1
34641.764,2,501690,1200,166480,-1
34641.865,1,504031,1200,166380,-1
34642.046,1,504149,600,166000,1
34642.193,2,501512,1100,166390,-1
34642.296,1,504330,1100,166290,-1
34642.358,5,504308,95,166090,-1
34642.358,1,504377,55,166100,1
34642.391,4,504377,55,166100,1
34642.565,2,502515,800,165710,1
34642.674,1,504631,800,165610,1
34642.85,2,504631,800,165610,1
34643.149,1,505045,3000,166010,1
34643.214,1,505099,800,165710,1
34643.348,2,502978,2500,165520,1
34643.385,1,505216,1250,165520,1
34643.636,1,505428,1000,166100,1
34643.681,4,505428,1000,166100,1
34643.84,1,505598,1000,166100,1
34643.931,4,505598,1000,166100,1
34644.016,2,505216,1250,165520,1
34644.06,1,505793,2500,165440,1
34644.092,2,499028,200,166290,-1
34644.14,1,505863,28,166300,-1
34644.198,1,505915,200,166190,-1
34644.234,2,500946,1200,166580,-1
34644.553,2,505099,800,165710,1
34644.685,1,506270,800,165610,1
34645.207,2,504330,1100,166290,-1
34645.311,1,506713,1100,166190,-1
34645.353,2,506270,800,165610,1
34645.405,2,505915,200,166190,-1
34645.453,1,506822,800,165710,1
34645.48,1,506840,200,166290,-1
34645.953,4,505045,3000,166010,1
34645.953,4,504149,600,166000,1
34646.061,2,506713,1100,166190,-1
34646.077,1,507395,1000,165810,1
34646.279,2,507395,1000,165810,1
34646.293,1,507546,1100,166290,-1
34646.406,2,506840,200,166290,-1
34646.41,1,507640,200,166190,-1
34646.486,2,507546,1100,166290,-1
34646.575,2,503778,100,166290,-1
34646.68,1,507876,100,166290,-1
34646.842,1,508044,1100,166290,-1
34646.904,2,508044,1100,166290,-1
34647.129,2,506822,800,165710,1
34647.231,1,508360,800,165610,1
34647.387,1,508505,1100,166190,-1
34649.348,1,510005,1495,165900,-1
34649.706,2,466890,300,161500,1
34649.942,2,508505,1100,166190,-1
34650.152,1,510663,1100,166290,-1
34650.477,2,505793,2500,165440,1
34650.516,1,510906,1250,165520,1
34650.539,2,510906,1250,165520,1
34650.578,1,510964,2500,165520,1
34650.959,5,510908,100,165850,1
34650.959,5,510677,400,165830,1
34651.254,1,511466,150,165800,1
34651.333,5,511481,800,165830,1
34651.333,4,357074,1000,165800,1
34651.333,4,511466,150,165800,1
34651.686,2,507876,100,166290,-1
34651.787,1,511859,100,166290,-1
34651.905,2,507640,200,166190,-1
34652.126,2,510005,1495,165900,-1
34652.171,1,512150,1000,166280,-1
34652.221,1,512190,200,166190,-1
34652.235,2,508360,800,165610,1
34652.301,2,511859,100,166290,-1
34652.325,1,512258,800,165610,1
34652.374,2,512190,200,166190,-1
34652.801,1,512648,200,166290,-1
34652.887,1,512699,100,166190,-1
34654.769,2,512648,200,166290,-1
34654.773,1,514101,200,166190,-1
34655.019,2,512258,800,165610,1
34655.077,1,514381,1000,165610,1
34655.13,1,514420,800,165510,1
34655.156,2,510663,1100,166290,-1
34655.171,1,514443,800,165800,1
34655.309,1,514553,1100,166290,-1
34655.404,5,514418,95,165910,1
34655.6,1,514760,1000,165500,1
34656.617,1,515550,1000,165700,1
34656.89,2,514381,1000,165610,1
34657.009,2,512150,1000,166280,-1
34657.393,5,516104,400,165900,-1
34657.887,2,512699,100,166190,-1
34657.957,1,516686,300,160800,1
34658.011,1,516725,100,166190,-1
34658.346,2,516725,100,166190,-1
34658.42,1,517010,2000,165000,1
34658.675,1,517156,100,166090,-1
34658.686,2,510964,2500,165520,1
34658.728,1,517195,2500,165590,1
34659.535,2,514443,800,165800,1
34659.666,2,517195,2500,165590,1
34659.704,1,517956,1250,165590,1
34660.137,2,514420,800,165510,1
34660.163,2,517956,1250,165590,1
34660.202,1,518426,2500,165520,1
34660.222,1,518445,800,165510,1
34660.315,2,514553,1100,166290,-1
34660.396,1,518591,2000,165000,1
34660.466,1,518628,1100,166290,-1
34661.002,1,519102,1000,165900,-1
34661.677,2,518628,1100,166290,-1
34661.778,1,519727,1100,166190,-1
34662.061,5,519163,95,165890,-1
34662.061,5,519332,905,165890,-1
34662.894,2,461191,150,167000,-1
34663.121,1,520730,500,165800,1
34663.676,2,517156,100,166090,-1
34663.779,1,521170,100,166090,-1
34663.848,5,520041,200,165890,-1
34663.917,5,520041,108,165890,-1
34664.342,2,504031,1200,166380,-1
34664.356,2,514101,200,166190,-1
34664.598,1,521749,200,166090,-1
34664.608,2,519102,1000,165900,-1
34664.662,1,521800,1200,166280,-1
34665.226,2,518445,800,165510,1
34665.325,1,522287,800,165510,1
34665.687,2,522287,800,165510,1
34665.904,1,522730,2000,165100,1
34666.012,1,522818,800,165410,1
34666.332,2,518426,2500,165520,1
34666.37,1,523106,2500,165440,1
34666.776,2,519727,1100,166190,-1
34666.789,1,523485,2000,165700,1
34666.87,2,523106,2500,165440,1
34666.92,1,523619,1250,165520,1
34667.073,1,523726,1100,166090,-1
34667.294,5,523287,500,165890,-1
34668.011,2,523619,1250,165520,1
34668.048,1,524435,2500,165440,1
34668.534,2,521749,200,166090,-1
34668.65,2,524435,2500,165440,1
34668.691,1,524901,1250,165520,1
34668.786,2,521170,100,166090,-1
34668.855,1,525042,200,165990,-1
34668.894,1,525066,100,166090,-1
34669.128,2,525042,200,165990,-1
34669.333,1,525379,150,165900,1
34669.382,1,525409,200,165990,-1
34669.506,2,525066,100,166090,-1
34669.68,1,525643,100,166090,-1
34669.805,2,524901,1250,165520,1
34669.842,1,525786,2500,165440,1
34670.338,2,525409,200,165990,-1
34670.411,1,526262,200,166090,-1
34671.016,2,522818,800,165410,1
34671.036,2,525643,100,166090,-1
34671.138,1,526924,800,165410,1
34671.319,4,525379,150,165900,1
34671.686,1,527307,100,165990,-1
34671.694,5,527038,600,165980,-1
34671.694,5,527234,800,165980,-1
34671.969,2,517010,2000,165000,1
34672.076,2,523726,1100,166090,-1
34672.144,2,526924,800,165410,1
34672.148,2,527307,100,165990,-1
34672.152,1,527688,1100,166090,-1
34672.367,1,527817,100,165910,1
34672.438,4,527817,100,165910,1
34672.457,2,521800,1200,166280,-1
34672.519,5,527871,270,165900,1
34672.564,1,527950,1200,166380,-1
34672.572,1,527953,1200,166180,-1
34672.782,1,528097,234,165900,1
34672.825,4,528097,234,165900,1
34672.899,2,527953,1200,166180,-1
34672.902,1,528201,100,165990,-1
34673.114,1,528376,1200,166280,-1
34673.449,1,528602,800,165410,1
34673.555,2,528376,1200,166280,-1
34673.673,1,528803,1200,166280,-1
34673.801,2,528803,1200,166280,-1
34674.228,1,529227,1200,166180,-1
34674.568,2,525786,2500,165440,1
34674.593,2,527950,1200,166380,-1
34674.612,1,529481,2500,165360,1
34674.631,2,527688,1100,166090,-1
34674.782,1,529662,1100,165990,-1
34674.813,2,526262,200,166090,-1
34674.888,1,529771,200,165990,-1
34674.969,1,529850,1200,166280,-1
34676.243,2,529850,1200,166280,-1
34676.41,1,530973,1000,165000,1
34676.442,2,529481,2500,165360,1
34676.501,1,531039,1200,166280,-1
34676.514,1,531054,1250,165440,1
34676.772,2,531054,1250,165440,1
34676.809,1,531327,2500,165360,1
34676.936,2,531327,2500,165360,1
34676.981,1,531473,2500,165440,1
34677.008,2,531473,2500,165440,1
34677.05,1,531528,2500,165360,1
34677.236,2,528602,800,165410,1
34677.35,1,531763,800,165310,1
34677.551,2,529227,1200,166180,-1
34677.646,1,532007,1200,166180,-1
34677.907,2,528201,100,165990,-1
34677.909,2,532007,1200,166180,-1
34678.209,1,532435,1200,166080,-1
34678.218,1,532436,100,165990,-1
34678.77,5,532503,700,165890,-1
34678.87,5,532855,300,165900,-1
34679.15,1,533154,100,165890,-1
34679.177,4,533154,100,165890,-1
34679.659,2,529662,1100,165990,-1
34679.698,2,531763,800,165310,1
34679.71,2,532436,100,165990,-1
34679.73,1,533658,1100,165890,-1
34679.76,5,533665,100,165880,-1
34679.76,5,533671,300,165880,-1
34679.76,4,533658,700,165890,-1
34679.794,1,533742,800,165410,1
34679.941,4,533658,400,165890,-1
34680.294,1,534155,800,165990,-1
34680.409,5,534143,2000,165950,-1
34680.409,5,533243,100,165980,-1
34680.409,5,534129,297,165980,-1
34680.409,4,529771,200,165990,-1
34680.409,4,534155,800,165990,-1
34680.409,5,534216,395,165990,-1
34680.409,1,534243,2208,166000,1
34680.441,4,534243,2000,166000,1
34680.451,1,534275,800,166390,-1
34680.483,4,534243,208,166000,1
34680.488,5,534273,100,166020,-1
34680.633,1,534411,200,165990,-1
34680.738,4,534411,200,165990,-1
34680.871,1,534621,600,165990,-1
34681.055,1,534746,1000,165200,1
34681.418,1,535024,500,165610,1
34681.654,1,535174,200,166090,-1
34682.157,1,535570,200,165610,1
34683.138,2,533742,800,165410,1
34683.231,1,536405,800,165510,1
34684.078,2,535570,200,165610,1
34684.08,2,535174,200,166090,-1
34684.187,1,537101,200,166190,-1
34684.369,2,532435,1200,166080,-1
34684.477,1,537310,1200,166180,-1
34684.786,1,537572,200,165710,1
34685.004,2,534275,800,166390,-1
