34200.167,1,201878,2000,175200,1
34200.302,1,201965,80,175400,1
34200.359,2,196784,500,175300,1
34200.367,1,201989,500,175500,1
34200.455,2,201878,2000,175200,1
34200.556,1,202074,100,170000,1
34200.577,2,201989,500,175500,1
34201.258,5,201895,600,175540,1
34201.293,2,201395,500,175520,1
34201.297,2,201694,500,175980,-1
34201.323,1,202627,500,175880,-1
34201.425,5,202621,200,175520,1
34201.425,5,202667,200,175520,1
34201.425,5,202624,400,175510,1
34201.425,4,197763,100,175500,1
34201.714,1,202858,100,175500,1
34201.809,4,202858,100,175500,1
34201.87,1,202998,500,175220,1
34202.205,2,202998,500,175220,1
34202.208,2,202627,500,175880,-1
34202.235,5,202927,100,175500,1
34202.42,1,203397,500,175780,-1
34202.587,1,203527,150,175500,1
34202.964,1,203797,500,175120,1
34203.342,2,201186,1250,174950,1
34203.344,2,201189,1250,176320,-1
34203.373,1,204046,1250,175040,1
34203.4,2,203797,500,175120,1
34203.402,2,203397,500,175780,-1
34203.419,1,204075,1250,176400,-1
34203.515,1,204112,500,175220,1
34204.075,1,204445,500,175880,-1
34204.483,2,196719,200,175300,1
34205.145,2,204046,1250,175040,1
34205.148,2,204075,1250,176400,-1
34205.178,1,205194,1250,175120,1
34205.181,1,205199,1250,176480,-1
34205.544,5,204451,700,175530,1
34205.865,1,205620,100,175510,1
34206.427,1,205879,1000,175790,-1
34206.442,2,205879,1000,175790,-1
34206.519,4,205620,100,175510,1
34206.519,5,205663,2000,175510,1
34206.519,4,203527,150,175500,1
34206.58,2,205194,1250,175120,1
34206.582,2,205199,1250,176480,-1
34206.613,1,205987,1250,175040,1
34206.615,1,205990,1250,176400,-1
34207.975,1,206748,500,176600,-1
34208.858,1,207243,115,184300,-1
34208.903,2,204112,500,175220,1
34208.905,2,204445,500,175880,-1
34209.011,1,207310,500,175120,1
34209.473,1,207548,1000,175790,-1
34209.485,1,207563,500,176600,-1
34209.545,5,204680,400,175420,1
34209.545,5,207422,2000,175420,1
34209.545,4,201965,80,175400,1
34209.561,1,207613,500,175780,-1
34210.817,2,207548,1000,175790,-1
34210.836,1,208342,1000,175770,-1
34210.916,1,208386,100,175310,1
34211.013,2,205987,1250,175040,1
34211.015,2,205990,1250,176400,-1
34211.046,1,208456,1250,175120,1
34211.05,1,208459,1250,176480,-1
34211.105,2,207310,500,175120,1
34211.106,2,207613,500,175780,-1
34211.152,1,208507,500,175220,1
34211.327,2,208507,500,175220,1
34211.524,4,208386,100,175310,1
34211.704,5,208783,500,175320,1
34211.713,1,208818,500,175120,1
34212.261,1,209126,500,175780,-1
34212.615,1,209307,150,175300,1
34212.638,4,209307,150,175300,1
34213.07,2,208456,1250,175120,1
34213.073,2,208459,1250,176480,-1
34213.103,1,209576,1250,175200,1
34213.107,1,209581,1250,176560,-1
34213.129,1,209594,100,175000,1
34213.13,2,208818,500,175120,1
34213.133,2,209126,500,175780,-1
34213.138,1,209602,500,175220,1
34213.357,4,209602,500,175220,1
34213.357,4,143906,500,175200,1
34213.682,4,143906,341,175200,1
34213.682,4,209576,859,175200,1
34213.684,1,209843,500,175580,-1
34213.943,1,209996,1500,185000,-1
34214.229,1,210159,500,175120,1
34214.593,4,209576,391,175200,1
34214.628,2,209581,1250,176560,-1
34214.74,1,210486,1250,174720,1
34214.743,1,210488,1250,175920,-1
34215.725,1,211033,1000,175300,-1
34216.14,1,211278,200,175300,-1
34216.424,2,209843,500,175580,-1
34216.528,1,211483,500,175480,-1
34217.249,2,207563,500,176600,-1
34217.252,2,210486,1250,174720,1
34217.259,1,211866,300,175100,1
34217.286,1,211872,1250,174630,1
34217.306,2,211483,500,175480,-1
34217.316,1,211891,500,175580,-1
34217.327,2,206748,500,176600,-1
34217.598,1,212029,700,175600,-1
34218.079,2,211891,500,175580,-1
34218.156,1,212278,1000,175110,1
34218.184,1,212287,500,175480,-1
34218.267,4,210159,25,175120,1
34218.519,2,211872,1250,174630,1
34218.551,1,212449,1250,174720,1
34218.557,2,210159,475,175120,1
34218.731,1,212553,500,175020,1
34218.816,4,212278,1000,175110,1
34218.816,4,160301,500,175100,1
34218.816,4,186327,1250,175100,1
34218.816,4,192474,400,175100,1
34218.816,4,192535,200,175100,1
34218.816,4,211866,300,175100,1
34219.156,1,212748,1000,175200,-1
34219.876,2,170530,300,170600,1
34220.739,1,213413,400,166000,1
34220.969,1,213515,5000,182400,-1
34220.977,1,213522,1170,249900,-1
34221.038,2,212449,1250,174720,1
34221.072,1,213570,1250,174630,1
34221.867,2,210488,1250,175920,-1
34221.894,2,212287,500,175480,-1
34221.898,1,213975,1250,175840,-1
34221.904,1,213978,500,175380,-1
34221.918,5,213609,500,175030,1
34222.063,4,212748,11,175200,-1
34222.085,5,213609,1500,175030,1
34222.085,4,212553,500,175020,1
34222.085,4,127012,4630,175000,1
34222.1,2,213975,1250,175840,-1
34222.139,2,213978,500,175380,-1
34222.141,1,214094,1250,175920,-1
34222.195,1,214136,3000,175100,-1
34222.3,4,127012,100,175000,1
34222.347,1,214226,1000,175100,-1
34222.432,1,214265,150,175000,1
34222.494,1,214309,500,175380,-1
34222.497,4,127012,70,175000,1
34222.497,4,185778,230,175000,1
34222.497,4,195722,1500,175000,1
34222.497,4,209594,100,175000,1
34222.497,4,214265,150,175000,1
34222.51,2,214094,1250,175920,-1
34222.543,1,214345,1250,175840,-1
34223.19,2,214345,1250,175840,-1
34223.222,1,214703,1250,175840,-1
34223.529,2,213570,1250,174630,1
34223.531,2,214703,1250,175840,-1
34223.561,1,214873,1250,174720,1
34223.564,1,214874,1250,175920,-1
34223.647,1,214913,1900,175000,-1
34223.8,4,214913,1900,175000,-1
34223.8,4,214136,1500,175100,-1
34224.079,1,215168,1200,174700,1
34224.131,2,214873,1250,174720,1
34224.162,1,215204,1250,174630,1
34224.251,2,215204,1250,174630,1
34224.283,1,215256,1250,174720,1
34224.573,2,212029,700,175600,-1
34224.754,2,215256,1250,174720,1
34224.793,1,215503,1250,174630,1
34224.918,2,215503,1250,174630,1
34224.959,1,215592,1250,174720,1
34225.246,1,215695,1200,175900,-1
34227.474,2,215695,1200,175900,-1
34227.516,1,216831,800,175600,-1
34231.645,2,96379,2000,177400,-1
34232.054,1,219024,2000,175600,-1
34232.457,5,215020,150,175080,-1
34232.491,2,214309,500,175380,-1
34232.603,1,219253,500,175380,-1
34232.847,1,219374,500,175700,-1
34232.873,5,218744,200,175000,1
34233.561,5,215020,146,175080,-1
34233.909,2,215592,1250,174720,1
34233.911,2,214874,1250,175920,-1
34233.941,1,219927,1250,174800,1
34233.947,1,219935,1250,176000,-1
34234.416,5,215020,504,175080,-1
34234.416,5,215022,400,175090,-1
34234.416,4,214136,96,175100,-1
34234.445,4,214136,1000,175100,-1
34234.527,1,220266,100,175090,-1
34234.587,4,220266,100,175090,-1
34234.587,4,214136,404,175100,-1
34234.587,4,214226,496,175100,-1
34234.605,4,214226,500,175100,-1
34234.76,4,214226,4,175100,-1
34234.864,1,220465,1000,174810,1
34235.011,2,216831,800,175600,-1
34236.024,2,212748,989,175200,-1
34236.222,2,211033,1000,175300,-1
34236.742,1,221337,1000,175290,-1
34238.283,1,221973,200,175110,1
34238.954,1,222262,200,175690,-1
34239.744,1,222598,100,175190,-1
34239.749,2,219927,1250,174800,1
34239.751,2,219935,1250,176000,-1
34239.866,1,222675,1250,174720,1
34239.87,1,222678,1250,175920,-1
34240.28,1,222848,100,176000,-1
34240.733,4,221973,200,175110,1
34240.733,5,222836,400,175100,1
34240.74,5,222836,600,175100,1
34240.836,2,222262,200,175690,-1
34240.915,1,223134,200,175390,-1
34241.014,2,223134,200,175390,-1
34241.39,1,223323,1100,175900,-1
34241.644,1,223426,200,175290,-1
34242.176,1,223661,200,175010,1
34242.451,5,223509,100,175180,-1
34242.451,4,222598,50,175190,-1
34242.601,2,219253,500,175380,-1
34242.64,2,222675,1250,174720,1
34242.641,2,222678,1250,175920,-1
34242.671,1,223863,1250,174800,1
34242.677,1,223866,1250,176000,-1
34242.684,1,223874,500,175380,-1
34242.791,2,223863,1250,174800,1
34242.792,2,223866,1250,176000,-1
34242.822,1,223966,1250,174720,1
34242.826,1,223969,1250,175920,-1
34242.863,2,223426,200,175290,-1
34243.073,4,222598,50,175190,-1
34243.105,1,224096,200,175390,-1
34243.18,2,223661,200,175010,1
34243.384,1,224239,500,174900,1
34243.411,2,220465,1000,174810,1
34243.817,1,224432,200,175110,1
34243.82,2,224096,200,175390,-1
34244.173,2,223966,1250,174720,1
34244.175,2,223969,1250,175920,-1
34244.213,1,224617,1250,174800,1
34244.219,1,224619,1250,176000,-1
34244.23,2,223874,500,175380,-1
34244.238,1,224629,500,175480,-1
34244.333,1,224678,200,175390,-1
34246.874,2,224432,200,175110,1
34246.877,2,224678,200,175390,-1
34246.984,1,225974,200,175290,-1
34247.113,1,226042,400,175200,1
34247.515,1,226235,200,175110,1
34247.762,1,226355,1000,173500,1
34247.803,2,226235,200,175110,1
34248.204,2,219374,500,175700,-1
34248.234,1,226605,200,175110,1
34248.262,4,226042,400,175200,1
34248.582,2,226605,200,175110,1
34248.73,2,224617,1250,174800,1
34248.732,2,224619,1250,176000,-1
34248.761,1,226839,1250,174880,1
34248.765,1,226843,1250,176080,-1
34248.802,1,226861,200,175110,1
34249.028,2,226839,1250,174880,1
34249.03,2,226843,1250,176080,-1
34249.06,1,227008,1250,174800,1
34249.063,1,227014,1250,176000,-1
34249.097,2,226861,200,175110,1
34249.181,1,227067,2400,175190,-1
34249.385,1,227164,200,175010,1
34249.483,2,224239,500,174900,1
34249.49,1,227211,500,175000,1
34249.561,2,227008,1250,174800,1
34249.563,2,227014,1250,176000,-1
34249.597,1,227251,1250,174880,1
34249.601,1,227254,1250,176080,-1
34249.99,2,227251,1250,174880,1
34250.009,2,224629,500,175480,-1
34250.022,1,227457,1250,174800,1
34250.046,1,227473,500,175380,-1
34250.11,2,227457,1250,174800,1
34250.142,1,227520,1250,174880,1
34250.161,2,225974,200,175290,-1
34250.257,2,227473,500,175380,-1
34250.311,1,227605,300,170000,1
34250.449,1,227655,200,175290,-1
34250.478,2,227520,1250,174880,1
34250.479,2,227254,1250,176080,-1
34250.509,1,227683,1250,174800,1
34250.513,1,227685,1250,176000,-1
34250.532,2,227655,200,175290,-1
34250.572,1,227709,500,175380,-1
34250.573,4,227067,7,175190,-1
34250.587,1,227721,1000,175190,-1
34251.016,1,228015,200,175190,-1
34251.089,2,221337,1000,175290,-1
34251.714,2,227067,2393,175190,-1
34251.907,5,228304,300,175180,-1
34251.907,4,227721,1000,175190,-1
34251.907,4,228015,200,175190,-1
34252.132,1,228533,200,175790,-1
34252.201,2,227164,200,175010,1
34252.459,1,228656,150,175200,1
34252.672,1,228730,200,174910,1
34253.294,4,228656,150,175200,1
34253.363,2,228730,200,174910,1
34253.365,1,229088,200,175010,1
34253.523,2,229088,200,175010,1
34253.63,1,229252,1400,176200,-1
34253.631,1,229255,2000,174400,1
34253.942,1,229458,200,175010,1
34254.269,2,229458,200,175010,1
34254.485,1,229800,200,174910,1
34256.585,2,228533,200,175790,-1
34258.001,1,231318,500,175200,-1
34258.186,1,231394,500,175300,-1
34258.238,1,231411,1000,175100,1
34258.42,1,231482,500,175400,-1
34258.638,1,231569,500,175500,-1
34258.669,2,185786,408,179500,-1
34258.858,1,231668,500,175600,-1
34258.927,2,231411,1000,175100,1
34259.077,1,231771,500,175700,-1
34259.295,1,231832,500,175800,-1
34259.305,1,231837,408,184000,-1
34259.52,1,231911,500,175900,-1
34259.565,2,229800,200,174910,1
34259.601,1,231932,200,174810,1
34259.736,1,232001,500,176000,-1
34259.738,1,232003,500,176100,-1
34260.14,1,232228,2000,174000,1
34260.464,1,232346,5000,175200,-1
34260.572,2,227709,500,175380,-1
34260.643,1,232410,500,175380,-1
34261.398,1,232767,1000,174600,1
34261.523,5,230665,500,175180,-1
34262.283,2,232410,500,175380,-1
34262.385,1,233198,500,175280,-1
34262.669,2,233198,500,175280,-1
34262.794,4,231318,500,175200,-1
34262.794,4,232346,100,175200,-1
34262.917,2,227683,1250,174800,1
34262.918,2,227685,1250,176000,-1
34262.938,1,233438,500,175380,-1
34262.948,1,233445,1250,174880,1
34262.953,1,233448,1250,176080,-1
34266.547,2,227211,500,175000,1
34266.778,4,232346,1414,175200,-1
34266.805,4,232346,200,175200,-1
34267.247,2,233448,1250,176080,-1
34267.272,4,232346,11,175200,-1
34267.281,1,235606,1250,176080,-1
34267.342,2,233445,1250,174880,1
34267.343,2,235606,1250,176080,-1
34267.373,1,235653,1250,174950,1
34267.378,1,235661,1250,176160,-1
34267.415,2,235653,1250,174950,1
34267.418,2,235661,1250,176160,-1
34267.447,1,235707,1250,174880,1
34267.451,1,235711,1250,176080,-1
34267.835,2,232346,3275,175200,-1
34267.953,2,235707,1250,174880,1
34267.955,2,235711,1250,176080,-1
34267.991,1,236097,1250,174950,1
34267.995,1,236100,1250,176160,-1
34268.039,1,236130,3275,175100,-1
34268.334,2,236130,3275,175100,-1
34268.607,2,236097,1250,174950,1
34268.61,2,236100,1250,176160,-1
34268.64,1,236563,1250,174880,1
34268.657,2,236563,1250,174880,1
34268.661,1,236581,1250,176080,-1
34268.663,2,236581,1250,176080,-1
34268.664,1,236584,3275,175100,-1
34268.691,1,236618,1250,174950,1
34268.7,1,236624,1250,176160,-1
34269.035,2,236584,3275,175100,-1
34269.051,2,208342,1000,175770,-1
34269.067,1,236914,1000,175290,-1
34269.149,1,236955,500,175300,-1
34269.193,1,236984,200,175100,1
34269.233,4,236984,200,175100,1
34269.521,2,236914,1000,175290,-1
34269.602,2,231932,200,174810,1
34269.607,2,229255,2000,174400,1
34269.61,1,237240,2000,174800,1
34269.781,1,237337,200,174810,1
34270.005,1,237494,1000,175290,-1
34271.116,1,238191,1000,174900,1
34271.12,1,238193,1000,175000,-1
34271.205,2,236624,1250,176160,-1
34271.237,1,238251,1250,176240,-1
34271.245,2,236618,1250,174950,1
34271.276,4,238193,1000,175000,-1
34271.276,1,238282,250,175040,1
34271.301,2,237494,1000,175290,-1
34271.301,4,238282,250,175040,1
34271.354,2,237337,200,174810,1
34271.408,1,238380,1200,174400,1
34271.423,2,215168,1200,174700,1
34271.438,1,238408,200,174910,1
34271.857,2,238251,1250,176240,-1
34271.878,1,238688,1250,174400,1
34271.881,1,238692,1250,175760,-1
34272.375,2,238408,200,174910,1
34272.47,1,239078,200,174810,1
34272.942,2,233438,500,175380,-1
34273.027,1,239393,500,175380,-1
34273.075,2,237240,2000,174800,1
34273.078,1,239424,2000,173600,1
34274.635,1,240209,1000,175000,1
34274.666,5,240221,800,175020,1
34274.666,5,240225,200,175010,1
34274.853,1,240363,1000,174910,1
34274.886,5,240225,200,175010,1
34274.886,4,240209,800,175000,1
34274.986,4,240209,200,175000,1
34275.983,2,239393,500,175380,-1
34276.088,1,241073,500,175280,-1
34276.381,2,239078,200,174810,1
34276.501,1,241286,200,174710,1
34276.869,1,241492,1000,175000,1
34277.008,2,236955,500,175300,-1
34277.183,1,241664,1011,174100,1
34277.528,2,238688,1250,174400,1
34277.53,2,238692,1250,175760,-1
34277.56,1,241840,1250,174310,1
34277.564,1,241844,1250,175680,-1
34277.924,5,242062,80,175040,1
34278.262,2,241492,1000,175000,1
34278.887,2,241844,1250,175680,-1
34278.89,2,241840,1250,174310,1
34278.918,1,242562,1250,175760,-1
34278.922,1,242565,1250,174400,1
34279.117,2,143290,1000,176100,-1
34279.145,2,238191,1000,174900,1
34279.223,2,189084,125,173000,1
34279.44,2,241286,200,174710,1
34279.55,1,242920,200,174610,1
34279.639,1,242952,125,172000,1
34279.942,2,242920,200,174610,1
34280.092,1,243181,200,174710,1
34280.131,1,243205,100,174900,1
34280.168,2,243181,200,174710,1
34280.447,1,243334,100,175000,1
34281.033,1,243658,200,174710,1
34281.124,2,241073,500,175280,-1
34281.231,1,243764,500,175380,-1
34281.337,1,243795,100,174910,1
34281.568,5,241074,300,175220,-1
34281.881,1,244092,100,175000,1
34282.024,1,244181,1000,175000,1
34282.796,2,243795,100,174910,1
34283.092,2,243764,500,175380,-1
34283.2,1,244804,500,175480,-1
34283.212,2,188592,1000,178000,-1
34283.377,1,244886,150,175100,1
34284.022,2,238380,1200,174400,1
34284.023,1,245234,1200,174700,1
34284.607,2,240363,1000,174910,1
34285.891,1,246039,1000,178000,-1
34286.451,2,244181,1000,175000,1
34288.412,1,247133,55,175280,-1
34288.606,2,244886,150,175100,1
34288.699,1,247272,150,175200,1
34289.875,2,247133,55,175280,-1
34290.321,2,244804,500,175480,-1
34290.432,1,248007,500,175380,-1
34290.786,1,248174,570,155000,1
34290.828,1,248212,100,175290,-1
34291.033,2,243658,200,174710,1
34291.18,1,248399,200,174710,1
34291.345,2,248399,200,174710,1
34293.42,2,247272,150,175200,1
34293.54,1,249438,200,174610,1
34294.607,1,249925,150,175200,1
34294.756,4,249925,150,175200,1
34294.964,2,242565,1250,174400,1
34294.966,2,242562,1250,175760,-1
34295.0,1,250113,1250,174480,1
34295.004,1,250116,1250,175840,-1
34295.007,2,248007,500,175380,-1
34295.017,2,250113,1250,174480,1
34295.018,2,250116,1250,175840,-1
34295.049,1,250145,1250,174400,1
34295.055,1,250148,1250,175760,-1
34295.157,1,250211,500,175380,-1
34295.389,2,250145,1250,174400,1
34295.39,2,250148,1250,175760,-1
34295.416,2,250211,500,175380,-1
34295.421,1,250357,1250,174480,1
34295.43,1,250367,1250,175840,-1
34295.589,2,250357,1250,174480,1
34295.59,2,250367,1250,175840,-1
34295.62,1,250459,1250,174400,1
34295.629,1,250464,1250,175760,-1
34295.696,1,250502,500,175380,-1
34295.83,2,249438,200,174610,1
34296.527,1,251004,55,175190,-1
34297.011,2,250459,1250,174400,1
34297.015,2,250464,1250,175760,-1
34297.048,1,251301,1250,174310,1
34297.052,1,251302,1250,175680,-1
34297.567,1,251539,500,179500,-1
34297.96,2,248212,100,175290,-1
34298.212,2,250502,500,175380,-1
34298.321,1,251901,500,175280,-1
34299.484,2,100182,500,173900,1
34299.492,2,251004,55,175190,-1
34302.39,2,244092,100,175000,1
34303.647,2,243205,100,174900,1
34303.931,2,223323,1100,175900,-1
34303.974,1,254902,1000,175600,-1
34304.107,1,254997,200,174510,1
34306.328,2,251302,1250,175680,-1
34306.361,1,256282,1250,175760,-1
34306.37,1,256291,1000,175200,-1
34306.982,2,251301,1250,174310,1
34307.024,1,256667,1250,174400,1
34307.133,1,256733,1000,175200,-1
34307.145,2,256667,1250,174400,1
34307.181,1,256759,1250,174310,1
34307.355,2,256282,1250,175760,-1
34307.386,1,256860,1250,175680,-1
34307.622,2,166679,1000,175900,-1
34308.047,2,219024,2000,175600,-1
34308.324,2,251901,500,175280,-1
34308.343,5,257231,52,175150,-1
34308.403,1,257346,500,175280,-1
34308.702,2,256759,1250,174310,1
34308.703,2,256860,1250,175680,-1
34308.706,1,257478,2000,177400,-1
34308.734,1,257492,1250,174240,1
34308.736,1,257494,1250,175600,-1
34308.766,2,257346,500,175280,-1
34308.948,2,254997,200,174510,1
34308.954,1,257635,500,175180,-1
34309.01,2,256733,1000,175200,-1
34309.041,2,257635,500,175180,-1
34309.378,1,257898,100,175110,1
34309.495,1,258002,500,175280,-1
34309.551,4,257898,100,175110,1
34309.555,2,258002,500,175280,-1
34309.852,1,258244,500,175200,-1
34310.042,1,258380,500,175180,-1
34316.195,5,258045,100,175080,-1
34316.305,2,257492,1250,174240,1
34316.307,2,257494,1250,175600,-1
34316.336,1,261348,1250,174160,1
34316.34,1,261351,1250,175520,-1
34316.347,4,243334,100,175000,1
34316.363,1,261360,1000,174810,1
34316.549,2,258380,500,175180,-1
34316.653,1,261487,500,175080,-1
34317.031,1,261699,100,175200,-1
34317.216,1,261804,475,174620,1
34317.42,5,261649,300,175070,-1
34317.42,4,261487,200,175080,-1
34318.05,5,262029,200,174980,-1
34318.05,4,261487,300,175080,-1
34318.05,5,262071,500,175080,-1
34318.107,2,261348,1250,174160,1
34318.109,2,261351,1250,175520,-1
34318.142,1,262312,1250,174240,1
34318.146,1,262314,1250,175600,-1
34318.2,1,262341,100,175090,-1
34318.211,4,262341,100,175090,-1
34318.258,1,262389,500,175080,-1
34318.365,2,262389,500,175080,-1
34318.554,2,245234,1200,174700,1
34318.713,1,262643,25,175180,-1
34318.972,2,261360,1000,174810,1
34319.037,1,262816,1000,174810,1
34319.456,2,262816,1000,174810,1
34319.589,1,263158,1200,174300,1
34319.765,2,170325,1000,174800,1
34319.897,2,256291,1000,175200,-1
34320.374,1,263554,1000,175100,-1
34321.013,2,261804,475,174620,1
34321.016,1,263850,500,174720,1
34321.942,1,264208,1000,174810,1
34322.488,1,264387,100,175190,-1
34322.731,1,264489,1000,175100,-1
34322.779,2,258244,500,175200,-1
34322.78,2,261699,100,175200,-1
34322.839,2,264489,1000,175100,-1
34323.248,2,263554,1000,175100,-1
34324.608,2,262312,1250,174240,1
34324.609,2,262314,1250,175600,-1
34324.643,1,265469,1250,174310,1
34324.648,1,265475,1250,175680,-1
34324.805,1,265580,150,175100,1
34324.945,4,265580,150,175100,1
34325.03,1,265732,500,174710,1
34325.333,5,264747,25,175170,-1
34325.344,5,264747,100,175170,-1
34325.45,5,264747,675,175170,-1
34325.45,4,262643,25,175180,-1
34325.45,5,262427,300,175180,-1
34325.463,5,262427,200,175180,-1
34325.463,5,265696,400,175180,-1
34325.463,4,264387,100,175190,-1
34325.499,2,263850,500,174720,1
34325.551,1,266019,500,175390,-1
34325.799,1,266190,20,175020,1
34326.184,1,266459,500,174900,1
34326.232,1,266489,1200,174600,1
34326.235,2,263158,1200,174300,1
34326.325,2,265732,500,174710,1
34326.427,1,266607,500,174810,1
34326.446,4,211278,100,175300,-1
34327.437,2,266019,500,175390,-1
34327.484,1,267242,1000,175200,1
34327.488,2,267242,1000,175200,1
34327.492,1,267245,1000,175210,1
34327.507,4,211278,100,175300,-1
34327.507,4,231394,500,175300,-1
34327.513,1,267263,200,175300,-1
34327.536,1,267280,500,175490,-1
34328.1,2,254902,1000,175600,-1
34328.136,2,266190,20,175020,1
34328.141,1,267670,45,175220,1
34328.143,1,267672,1200,176000,-1
34328.553,2,267245,1000,175210,1
34328.649,4,267263,200,175300,-1
34328.649,5,211279,300,175300,-1
34328.656,1,267963,200,175300,-1
34328.77,4,267963,200,175300,-1
34328.77,5,211279,400,175300,-1
34328.777,1,268052,200,175300,-1
34328.789,4,268052,200,175300,-1
34328.796,1,268071,200,175300,-1
34328.807,4,268071,200,175300,-1
34328.812,1,268083,200,175300,-1
34328.839,4,268083,200,175300,-1
34328.844,1,268098,200,175300,-1
34329.271,2,265469,1250,174310,1
34329.273,2,265475,1250,175680,-1
34329.303,1,268367,1250,174400,1
34329.307,1,268370,1250,175760,-1
34329.514,2,266607,500,174810,1
34329.621,1,268568,500,174810,1
34329.782,2,268568,500,174810,1
34330.049,4,268098,200,175300,-1
34330.059,1,268958,200,175300,-1
34330.088,4,268958,200,175300,-1
34330.088,5,211279,300,175300,-1
34330.094,1,268974,200,175300,-1
34330.16,1,269009,500,174910,1
34330.78,2,267670,45,175220,1
34330.785,4,268974,45,175300,-1
34330.801,2,264208,1000,174810,1
34330.817,1,269402,1000,174920,1
34331.352,1,269735,500,175680,-1
34331.839,4,268974,155,175300,-1
34331.839,5,211279,845,175300,-1
34331.846,1,270048,200,175300,-1
34331.875,4,270048,200,175300,-1
34331.875,5,211279,800,175300,-1
34331.882,1,270072,55,175300,-1
34331.913,4,270072,55,175300,-1
34331.921,1,270094,500,175020,1
34331.982,2,266459,500,174900,1
34331.991,1,270149,500,175000,1
34332.055,1,270182,11,175300,1
34332.534,2,267280,500,175490,-1
34332.676,1,270500,500,175490,-1
34332.711,4,270182,11,175300,1
34332.711,1,270510,89,175290,-1
34332.762,1,270544,95,175400,-1
34332.875,1,270608,2900,175500,-1
34333.04,2,268367,1250,174400,1
34333.076,1,270769,1250,174310,1
34333.34,2,269009,500,174910,1
34333.443,1,270994,500,174810,1
34334.041,2,270994,500,174810,1
34334.108,1,271450,500,174910,1
34334.164,2,268370,1250,175760,-1
34334.199,1,271492,1250,175680,-1
34334.729,2,270510,89,175290,-1
34336.489,2,241664,1011,174100,1
34336.571,1,272708,1000,175370,-1
34336.772,2,270769,1250,174310,1
34336.773,2,271492,1250,175680,-1
34336.809,1,272862,1250,174400,1
34336.809,2,270500,500,175490,-1
34336.812,1,272866,1250,175760,-1
34336.957,1,272940,500,175590,-1
34337.075,1,273023,850,175310,-1
34337.397,2,272708,1000,175370,-1
34337.688,1,273344,1000,175300,1
34339.074,2,273023,850,175310,-1
34339.114,2,271450,500,174910,1
34339.278,2,273344,1000,175300,1
34339.358,1,274271,850,175310,-1
34339.364,1,274274,500,174910,1
34341.354,2,269735,500,175680,-1
34341.364,2,274271,850,175310,-1
34341.431,1,275383,500,175680,-1
34341.925,2,270094,500,175020,1
34341.942,2,269402,1000,174920,1
34341.955,2,272940,500,175590,-1
34341.958,1,275645,1000,175010,1
34342.099,1,275724,500,175590,-1
34342.099,2,272866,1250,175760,-1
34342.136,1,275749,1250,175840,-1
34342.158,2,272862,1250,174400,1
34342.192,1,275801,1250,174480,1
34342.211,2,274274,500,174910,1
34342.225,1,275825,500,175020,1
34342.714,2,275724,500,175590,-1
34342.755,1,276154,500,175010,1
34342.759,1,276159,1200,174900,1
34342.775,1,276167,1000,175310,1
34342.784,2,266489,1200,174600,1
34343.303,1,276589,500,175690,-1
34343.557,1,276742,1000,175300,1
34343.668,2,192378,4600,177100,-1
34344.329,2,276167,1000,175310,1
34344.417,1,277228,1000,175320,1
34345.558,1,277805,1000,175330,1
34345.643,2,277228,1000,175320,1
34345.671,1,277867,55,175380,-1
34346.06,4,277867,55,175380,-1
34346.06,4,231482,45,175400,-1
34346.088,2,275801,1250,174480,1
34346.089,2,275749,1250,175840,-1
34346.119,1,278087,1250,174560,1
34346.122,1,278090,1250,175920,-1
34346.185,2,275825,500,175020,1
34346.188,2,275383,500,175680,-1
34346.191,2,276154,500,175010,1
34346.195,2,276589,500,175690,-1
34346.226,4,231482,455,175400,-1
34346.226,4,270544,45,175400,-1
34346.231,1,278161,500,175120,1
34346.288,1,278208,500,175110,1
34346.408,4,270544,50,175400,-1
34346.69,1,278404,500,175780,-1
34346.725,1,278424,1000,175400,1
34346.831,1,278517,500,175790,-1
34346.845,1,278526,1000,175400,1
34346.856,2,267672,1200,176000,-1
34347.084,1,278638,500,175400,1
34347.178,1,278698,1000,175340,1
34347.183,2,277805,1000,175330,1
34347.418,1,278857,1000,175400,1
34347.453,2,276742,1000,175300,1
34347.513,2,278698,1000,175340,1
34347.625,2,278857,1000,175400,1
34348.733,1,279646,500,175000,1
34348.842,4,231569,500,175500,-1
34348.842,4,270608,2900,175500,-1
34348.842,1,279734,1600,175500,1
34349.198,2,278161,500,175120,1
34349.199,2,278404,500,175780,-1
34349.33,1,280040,500,175880,-1
34349.604,2,278526,1000,175400,1
34349.605,2,278424,1000,175400,1
34349.87,1,280389,500,175220,1
34350.261,2,279734,1600,175500,1
34350.271,5,280394,200,175540,1
34350.609,1,280766,250,175200,1
34350.752,2,270149,500,175000,1
34350.76,1,280882,500,175400,1
34350.794,2,222848,100,176000,-1
34350.948,2,280882,500,175400,1
34351.0,1,281042,1000,175500,1
34351.104,1,281102,1000,175500,1
34351.285,2,278208,500,175110,1
34351.315,4,231668,500,175600,-1
34351.428,1,281307,500,175110,1
34351.472,1,281346,1000,175500,1
34351.507,1,281373,1000,175500,1
34351.519,2,280389,500,175220,1
34351.521,2,280040,500,175880,-1
34351.62,1,281439,500,175980,-1
34351.835,2,278517,500,175790,-1
34351.976,1,281709,500,175790,-1
34352.168,1,281871,500,175320,1
34352.191,1,281889,1000,175600,1
34352.284,1,281979,4500,174000,1
34352.304,1,281994,1000,175600,1
34352.448,2,281373,1000,175500,1
34352.541,5,279527,300,175670,-1
34352.541,5,280111,500,175690,-1
34352.541,4,231771,200,175700,-1
34352.551,1,282157,4800,179900,-1
34352.664,2,278087,1250,174560,1
34352.666,2,278090,1250,175920,-1
34352.695,1,282259,1250,174630,1
34352.701,2,281307,500,175110,1
34352.703,1,282271,1250,176000,-1
34352.85,1,282390,500,175210,1
34352.953,4,231771,11,175700,-1
34353.027,2,281709,500,175790,-1
34353.303,4,231771,289,175700,-1
34353.377,1,282787,1200,176400,-1
34353.596,2,281871,500,175320,1
34353.598,2,281439,500,175980,-1
34353.612,1,282985,500,175890,-1
34353.658,2,281994,1000,175600,1
34353.66,2,281889,1000,175600,1
34353.662,2,281346,1000,175500,1
34353.663,2,281102,1000,175500,1
34353.665,2,281042,1000,175500,1
34353.696,2,276159,1200,174900,1
34353.702,1,283053,500,176080,-1
34353.719,1,283068,1000,175620,1
34353.735,1,283082,4000,175500,1
34353.738,1,283087,1200,175200,1
34353.768,1,283119,400,175700,1
34353.816,2,278638,500,175400,1
34353.823,1,283200,500,175700,1
34354.007,2,283068,1000,175620,1
34354.063,2,283053,500,176080,-1
34354.094,1,283422,1000,175700,1
34354.156,4,283119,400,175700,1
34354.292,1,283573,500,175980,-1
34354.794,1,283954,450,175700,1
34354.858,2,283422,1000,175700,1
34354.873,1,284054,500,175320,1
34354.994,2,283573,500,175980,-1
34354.999,2,284054,500,175320,1
34355.014,2,282259,1250,174630,1
34355.015,2,282271,1250,176000,-1
34355.046,1,284181,1250,174720,1
34355.048,1,284184,1250,176080,-1
34355.087,2,284181,1250,174720,1
34355.089,2,284184,1250,176080,-1
34355.119,1,284249,1250,174630,1
34355.123,1,284252,1250,176000,-1
34355.182,1,284287,500,175500,1
34355.229,5,283964,200,175740,1
34355.36,4,188806,76,175800,-1
34355.373,4,188806,76,175800,-1
34355.431,1,284466,500,176080,-1
34355.554,4,188806,24,175800,-1
34355.559,4,188806,24,175800,-1
34355.559,4,231832,76,175800,-1
34355.583,4,231832,24,175800,-1
34355.76,4,231832,400,175800,-1
34355.854,2,283082,4000,175500,1
34355.868,1,284844,1000,175700,1
34355.996,1,284942,500,175420,1
34356.263,2,248174,570,155000,1
34356.684,1,285413,600,155000,1
34357.038,1,285694,200,172600,1
34357.317,2,242952,125,172000,1
34357.727,1,286132,125,173500,1
34357.854,2,282390,500,175210,1
34357.868,2,284844,1000,175700,1
34357.957,2,284252,1250,176000,-1
34357.973,2,283200,500,175700,1
34357.992,1,286364,1250,176080,-1
34358.004,1,286376,500,175210,1
34358.244,1,286560,3400,175900,-1
34358.302,2,284249,1250,174630,1
34358.333,1,286606,1250,174720,1
34358.353,2,286376,500,175210,1
34358.507,2,286606,1250,174720,1
34358.509,2,286364,1250,176080,-1
34358.539,1,286753,1250,174630,1
34358.544,1,286760,1250,176000,-1
34358.55,1,286765,500,175210,1
34358.616,2,282985,500,175890,-1
34358.767,1,286940,1000,175710,1
34358.987,2,286753,1250,174630,1
34358.99,2,286760,1250,176000,-1
34359.004,2,286765,500,175210,1
34359.021,1,287201,1250,174720,1
34359.028,1,287208,1250,176080,-1
34359.217,1,287354,500,175890,-1
34359.755,1,287710,500,175310,1
34359.927,2,286940,1000,175710,1
34360.568,5,285055,100,175800,1
34360.568,5,285630,100,175800,1
34360.568,5,287058,100,175800,1
34360.643,5,288096,2000,175880,-1
34360.643,4,287354,500,175890,-1
34360.643,4,127195,2300,175900,-1
34360.726,4,127195,600,175900,-1
34360.772,2,287710,500,175310,1
34360.781,1,288435,500,175890,-1
34360.939,1,288566,100,176500,-1
34361.032,2,284942,500,175420,1
34361.033,2,284466,500,176080,-1
34361.06,2,288435,500,175890,-1
34361.135,1,288686,500,176180,-1
34361.261,1,288785,200,175010,1
34361.315,1,288820,200,175510,1
34361.627,1,288981,1000,175800,1
34361.672,4,288981,1000,175800,1
34361.682,1,289034,500,175520,1
34361.814,2,284287,500,175500,1
34361.864,1,289186,500,175990,-1
34362.109,2,279646,500,175000,1
34362.747,1,289776,1000,175800,1
34362.773,4,289776,1000,175800,1
34362.861,2,283954,450,175700,1
34363.257,2,227605,300,170000,1
34363.331,2,170532,300,180700,-1
34363.838,1,290556,1000,175800,1
34363.869,4,290556,320,175800,1
34363.925,2,290556,680,175800,1
34364.777,1,291130,1000,175700,1
34364.825,2,288820,200,175510,1
34364.926,1,291241,200,175510,1
34364.977,1,291270,1000,175800,1
34364.982,2,291241,200,175510,1
34364.997,4,291270,1000,175800,1
34365.063,2,291130,1000,175700,1
34365.222,2,288785,200,175010,1
34365.415,1,291568,150,175800,1
34365.426,1,291578,200,175110,1
34365.452,4,291568,150,175800,1
34365.452,5,291422,200,175800,1
34365.452,1,291605,650,175800,-1
34365.488,1,291628,200,175610,1
34366.081,4,291605,200,175800,-1
34366.085,2,287201,1250,174720,1
34366.086,2,287208,1250,176080,-1
34366.118,1,292110,1250,174800,1
34366.122,1,292114,1250,176160,-1
34366.577,1,292390,1000,175780,1
34366.866,2,289186,500,175990,-1
34366.967,2,291578,200,175110,1
34367.026,1,292752,500,175990,-1
34367.032,5,292445,100,175790,1
34367.032,4,292390,900,175780,1
34367.197,4,292390,100,175780,1
34367.278,1,292961,200,175010,1
34367.35,5,291125,500,175710,1
34367.35,5,292916,400,175710,1
34367.376,5,292916,300,175710,1
34367.376,5,284140,100,175700,1
34367.381,2,289034,500,175520,1
34367.386,2,288686,500,176180,-1
34367.496,1,293109,500,176080,-1
34367.574,2,292752,500,175990,-1
34367.677,1,293211,500,176090,-1
34367.74,5,293006,400,175760,-1
34367.761,2,293211,500,176090,-1
34368.074,1,293505,500,175420,1
34368.234,1,293618,500,175990,-1
34368.255,5,293257,200,175720,1
34368.292,2,293618,500,175990,-1
34368.459,1,293790,2000,175800,-1
34368.726,1,293971,1000,175790,-1
34368.767,1,293994,500,176090,-1
34368.996,2,292961,200,175010,1
34369.112,5,294198,1000,175760,-1
34369.112,4,293971,1000,175790,-1
34369.201,1,294316,200,175110,1
34369.246,1,294350,1000,175700,1
34369.272,4,294350,1000,175700,1
34369.294,2,291605,450,175800,-1
34369.387,5,294305,100,175650,1
34369.777,5,294659,100,175700,-1
34370.486,2,291628,200,175610,1
34370.578,1,295353,1000,175700,-1
34370.646,1,295397,200,175610,1
34370.707,5,295355,600,175690,-1
34370.707,4,295353,200,175700,-1
34370.836,4,295353,800,175700,-1
34370.836,1,295581,200,175700,1
34370.857,4,295581,200,175700,1
34371.186,2,294316,200,175110,1
34371.267,1,295939,200,175010,1
34371.62,1,296180,1000,175610,1
34371.818,2,295939,200,175010,1
34371.824,2,286560,3400,175900,-1
34371.963,5,295753,11,175700,-1
34372.017,1,296512,200,175110,1
34372.17,2,296512,200,175110,1
34372.18,5,295753,100,175700,-1
34372.518,1,296881,200,175010,1
34373.513,2,296881,200,175010,1
34373.513,2,174710,500,176600,-1
34373.571,5,296954,300,175700,-1
34373.604,2,295397,200,175610,1
34373.695,1,297773,1000,175000,1
34373.707,1,297781,200,175610,1
34373.727,1,297798,200,175010,1
34373.766,2,293994,500,176090,-1
34373.773,5,296954,13,175700,-1
34374.199,1,298232,3400,175700,-1
34374.253,1,298265,500,176090,-1
34374.33,4,298232,400,175700,-1
34374.334,2,298265,500,176090,-1
34374.367,2,293505,500,175420,1
34374.369,2,293109,500,176080,-1
34374.481,1,298413,500,175980,-1
34374.508,4,298232,1000,175700,-1
34374.909,1,298820,500,175990,-1
34375.026,1,298919,500,175320,1
34375.036,2,292110,1250,174800,1
34375.07,1,298944,1250,174720,1
34375.072,2,298820,500,175990,-1
34375.146,2,292114,1250,176160,-1
34375.178,1,299021,1250,176080,-1
34375.632,2,297798,200,175010,1
34375.676,1,299408,500,175990,-1
34375.945,1,299674,300,175600,1
34376.285,1,299930,77,174500,1
34376.286,2,299021,1250,176080,-1
34376.319,1,299954,1250,176160,-1
34376.363,2,299954,1250,176160,-1
34376.394,1,300007,1250,176080,-1
34376.456,2,300007,1250,176080,-1
34376.489,1,300088,1250,176160,-1
34377.003,2,298944,1250,174720,1
34377.035,1,300572,1250,174800,1
34377.175,5,300593,100,175650,-1
34377.175,4,298232,900,175700,-1
34377.328,2,299408,500,175990,-1
34377.793,2,300572,1250,174800,1
34377.795,2,300088,1250,176160,-1
34377.827,1,301195,1250,174720,1
34377.829,1,301198,1250,176080,-1
34378.497,2,301198,1250,176080,-1
34378.532,1,301738,1250,176160,-1
34378.677,2,301195,1250,174720,1
34378.706,2,297781,200,175610,1
34378.709,1,301892,1250,174800,1
34378.924,2,301892,1250,174800,1
34378.926,2,301738,1250,176160,-1
34378.957,1,302100,1250,174720,1
34378.962,1,302106,1250,176080,-1
34379.068,1,302177,200,175610,1
34379.18,5,302062,1100,175690,-1
34379.195,5,302062,900,175690,-1
34379.316,4,298232,1100,175700,-1
34379.616,1,302568,500,175990,-1
34381.61,2,229252,1400,176200,-1
34381.625,1,304154,1400,176600,-1
34381.768,1,304325,500,175500,1
34382.581,5,304695,900,175650,1
34382.581,5,303898,700,175620,1
34382.581,4,296180,100,175610,1
34382.697,4,296180,800,175610,1
34382.792,2,285413,600,155000,1
34383.426,1,305542,600,155800,1
34383.529,1,305602,1000,175700,-1
34383.615,2,305602,1000,175700,-1
34384.066,2,302177,200,175610,1
34384.463,5,306214,100,175650,1
34384.472,5,306214,300,175650,1
34384.486,2,298413,500,175980,-1
34384.616,2,302568,500,175990,-1
34384.656,1,306484,100,175790,-1
34384.668,1,306502,500,175980,-1
34384.701,5,306214,100,175650,1
34384.705,5,306214,300,175650,1
34384.706,5,306214,200,175650,1
34384.714,1,306534,5000,175700,-1
34384.724,5,306214,600,175650,1
34384.864,1,306658,500,175410,1
34384.898,4,296180,100,175610,1
34384.899,4,299674,300,175600,1
34385.026,2,298919,500,175320,1
34385.162,1,306892,200,175010,1
34385.215,1,306938,500,175320,1
34385.695,1,307289,1000,175670,-1
34385.794,2,307289,1000,175670,-1
34387.075,2,302100,1250,174720,1
34387.077,2,302106,1250,176080,-1
34387.106,1,308424,1250,174800,1
34387.109,1,308425,1250,176160,-1
34387.127,5,307292,100,175590,-1
34387.652,5,307991,100,175600,-1
34388.567,2,308424,1250,174800,1
34388.574,2,308425,1250,176160,-1
34388.6,1,309475,1250,174720,1
34388.607,1,309483,1250,176080,-1
34388.617,2,306658,500,175410,1
34388.635,2,306938,500,175320,1
34388.639,2,306502,500,175980,-1
34388.642,1,309510,500,175220,1
34388.691,1,309546,500,175410,1
34388.72,2,309510,500,175220,1
34389.04,1,309821,5000,175500,1
34389.216,1,309955,500,175320,1
34389.239,1,309988,500,175990,-1
34389.602,2,297773,1000,175000,1
34389.784,1,310396,500,175980,-1
34389.787,2,309955,500,175320,1
34389.797,2,309546,500,175410,1
34389.899,2,310396,500,175980,-1
34390.007,1,310580,500,175310,1
34390.151,2,306892,200,175010,1
34390.153,1,310673,200,174910,1
34390.326,1,310869,500,175220,1
34390.696,5,309730,13,175600,-1
34390.868,1,311386,500,175880,-1
34392.906,1,313206,1000,175700,-1
34394.012,2,306534,5000,175700,-1
34394.101,1,314370,100,175690,-1
34394.238,2,309988,500,175990,-1
34395.006,2,310580,500,175310,1
34395.144,1,315346,500,175310,1
34395.922,2,310869,500,175220,1
34395.926,2,311386,500,175880,-1
34396.024,1,316095,500,175320,1
34396.32,2,316095,500,175320,1
34396.52,2,310673,200,174910,1
34396.524,1,316500,200,175010,1
34396.58,1,316552,500,175880,-1
34397.118,1,317068,500,175220,1
34397.34,2,316552,500,175880,-1
34397.401,2,317068,500,175220,1
34397.426,2,313206,1000,175700,-1
34397.666,1,317469,500,175320,1
34397.936,2,283087,1200,175200,1
34397.938,1,317729,1200,174900,1
34398.228,1,317984,500,175980,-1
34398.27,5,317059,500,175560,1
34398.27,5,316775,1720,175540,1
34398.27,4,304325,500,175500,1
34398.27,4,309821,2280,175500,1
34398.432,2,316500,200,175010,1
34398.642,1,318311,500,175890,-1
34398.667,2,317469,500,175320,1
34398.669,2,317984,500,175980,-1
34398.701,2,318311,500,175890,-1
34398.808,1,318477,500,175220,1
34398.888,1,318559,200,174910,1
34399.172,4,309821,2720,175500,1
34399.323,1,318926,500,175880,-1
34399.517,1,319067,500,175990,-1
34400.146,2,315346,500,175310,1
34400.284,2,314370,100,175690,-1
34400.284,1,319836,500,175310,1
34400.291,2,306484,100,175790,-1
34400.411,2,309475,1250,174720,1
34400.413,2,309483,1250,176080,-1
34400.447,1,320001,1250,174800,1
34400.452,1,320016,1250,176160,-1
34400.49,2,319836,500,175310,1
34400.521,2,318477,500,175220,1
34400.532,2,318926,500,175880,-1
34400.55,2,275645,1000,175010,1
34400.583,1,320178,1000,175210,1
34400.61,1,320207,500,175200,1
34400.644,2,318559,200,174910,1
34400.662,1,320256,500,175320,1
34400.741,2,320207,500,175200,1
34400.751,1,320382,500,175300,1
34400.888,1,320562,500,175410,1
34400.938,1,320627,200,175010,1
34400.977,2,320382,500,175300,1
34400.99,1,320679,500,175400,1
34401.115,1,320795,500,175980,-1
34401.718,2,319067,500,175990,-1
34401.817,1,321573,500,176090,-1
34402.095,2,320627,200,175010,1
34404.139,1,323881,1000,175600,1
34404.199,1,323939,1000,175600,1
34404.601,1,324283,1000,175600,1
34404.651,2,320001,1250,174800,1
34404.653,2,320016,1250,176160,-1
34404.682,1,324357,1250,174880,1
34404.686,1,324361,1250,176240,-1
34404.715,1,324389,1000,175600,1
34405.473,2,324357,1250,174880,1
34405.476,2,324361,1250,176240,-1
34405.505,1,325184,1250,174800,1
34405.511,1,325193,1250,176160,-1
34405.887,2,320562,500,175410,1
34405.978,1,325645,500,175410,1
34406.096,1,325757,1000,175700,1
34406.188,1,325843,1000,175700,1
34406.459,1,326102,1000,175700,1
34406.484,1,326130,150,175700,1
34406.515,1,326157,1000,175700,1
34406.742,1,326358,1000,175700,1
34406.816,2,321573,500,176090,-1
34406.895,4,293790,13,175800,-1
34407.051,4,293790,1000,175800,-1
34407.085,1,326692,500,176090,-1
34407.262,5,326643,3000,175740,1
34407.262,5,326164,500,175720,1
34407.299,1,326906,100,172500,1
34407.322,2,320256,500,175320,1
34407.332,2,320795,500,175980,-1
34407.335,1,326930,500,175880,-1
34407.666,4,293790,987,175800,-1
34407.688,5,327226,1000,175850,-1
34407.688,4,326930,500,175880,-1
34407.835,2,326358,1000,175700,1
34407.836,2,326102,1000,175700,1
34407.836,2,326157,1000,175700,1
34407.838,2,325843,1000,175700,1
34407.839,2,325757,1000,175700,1
34407.84,2,324389,1000,175600,1
34407.843,2,324283,1000,175600,1
34407.844,2,323939,1000,175600,1
34407.846,2,323881,1000,175600,1
34407.87,2,325184,1250,174800,1
34407.872,2,325193,1250,176160,-1
34407.899,1,327427,500,175720,1
34407.903,1,327434,1250,174880,1
34407.907,1,327439,1250,176240,-1
34407.919,2,317729,1200,174900,1
34407.962,1,327494,1200,175200,1
34407.996,1,327542,200,175210,1
34408.328,2,327427,500,175720,1
34408.436,5,327658,489,175800,-1
34408.436,1,327878,11,175820,1
34408.49,4,327878,11,175820,1
34408.829,2,325645,500,175410,1
34408.927,1,328294,500,175510,1
34408.995,1,328354,500,175980,-1
34409.55,2,327542,200,175210,1
34409.556,1,328812,500,175620,1
34409.593,1,328847,200,175310,1
34409.657,2,328847,200,175310,1
34410.131,1,329361,100,175790,-1
34410.802,1,329956,200,175310,1
34411.471,2,326692,500,176090,-1
34412.072,1,331156,500,176900,-1
34412.302,4,329361,100,175790,-1
34412.643,1,331654,500,176190,-1
34413.927,2,328294,500,175510,1
34414.066,1,332924,500,175510,1
34414.471,2,327439,1250,176240,-1
34414.504,1,333228,1250,176320,-1
34414.553,2,327434,1250,174880,1
34414.587,1,333305,1250,174950,1
34415.873,2,329956,200,175310,1
34416.012,1,334645,200,175410,1
34416.537,2,189089,1000,174300,1
34416.792,2,334645,200,175410,1
34416.878,1,335303,200,175310,1
34416.947,1,335373,1000,175400,1
34417.003,2,328354,500,175980,-1
34417.104,1,335501,500,175880,-1
34417.498,1,335836,2000,175800,1
34417.558,1,335888,2000,175800,1
34417.647,2,331654,500,176190,-1
34417.753,1,336042,2000,175800,1
34417.894,1,336169,500,176190,-1
34417.911,1,336184,1000,175800,1
34418.018,2,335501,500,175880,-1
34418.028,1,336275,1000,175000,1
34418.085,2,335303,200,175310,1
34418.122,1,336355,500,175980,-1
34418.196,1,336426,200,175410,1
34418.887,2,332924,500,175510,1
34418.987,1,337127,500,175610,1
34419.067,2,337127,500,175610,1
34419.371,2,326130,150,175700,1
34419.532,1,337549,500,175510,1
34419.552,4,127195,150,175900,-1
34419.556,2,328812,500,175620,1
34419.652,1,337619,500,175620,1
34419.986,2,336042,2000,175800,1
34419.988,2,335888,2000,175800,1
34419.989,2,335836,2000,175800,1
34420.209,2,337619,500,175620,1
34420.325,1,338204,500,175720,1
34420.748,2,337549,500,175510,1
34420.832,2,282787,1200,176400,-1
34420.845,1,338580,500,175610,1
34421.214,2,336355,500,175980,-1
34421.318,1,338963,500,176080,-1
34421.842,2,333305,1250,174950,1
34421.844,2,333228,1250,176320,-1
34421.874,1,339487,1250,175040,1
34421.876,1,339491,1250,176400,-1
34421.903,2,336169,500,176190,-1
34422.409,4,127195,500,175900,-1
34422.428,2,336426,200,175410,1
34422.472,1,339941,200,175510,1
34423.45,5,341017,100,175880,-1
34423.901,2,339487,1250,175040,1
34423.902,2,339491,1250,176400,-1
34423.922,5,341017,100,175880,-1
34423.933,1,341563,1250,175040,1
34423.938,1,341567,1250,176400,-1
34424.106,1,341756,250,177300,-1
34424.248,5,341017,701,175880,-1
34424.248,4,127195,1199,175900,-1
34424.632,2,327494,1200,175200,1
34424.656,1,342261,1200,175500,1
34424.688,4,127195,251,175900,-1
34424.688,4,231911,500,175900,-1
34425.003,1,342644,500,176290,-1
34425.061,2,341563,1250,175040,1
34425.063,2,341567,1250,176400,-1
34425.074,2,342644,500,176290,-1
34425.094,1,342721,1250,174950,1
34425.096,1,342724,1250,176320,-1
34425.357,2,338963,500,176080,-1
34425.364,2,336184,1000,175800,1
34425.463,1,343016,500,175980,-1
34425.489,2,320679,500,175400,1
34425.489,1,343030,200,176390,-1
34425.499,1,343038,500,175700,1
34425.532,2,343016,500,175980,-1
34425.662,1,343160,500,176190,-1
34425.707,2,342724,1250,176320,-1
34425.74,5,342700,13,175980,-1
34425.743,1,343230,1250,176400,-1
34425.766,2,343230,1250,176400,-1
34425.801,1,343314,1250,176320,-1
34425.835,2,343160,500,176190,-1
34425.847,2,338580,500,175610,1
34425.899,2,160245,300,180400,-1
34426.01,1,343535,500,176080,-1
34426.206,1,343732,500,175610,1
34426.51,1,344042,1200,176700,-1
34426.593,2,342721,1250,174950,1
34426.595,2,343314,1250,176320,-1
34426.625,1,344142,1250,175040,1
34426.628,1,344145,1250,176400,-1
34426.755,1,344270,500,176290,-1
34426.956,1,344528,100,175990,-1
34427.057,5,344549,11,175970,-1
34427.378,1,344917,2500,175100,1
34428.137,5,344549,489,175970,-1
34428.137,4,344528,100,175990,-1
34428.137,4,232001,411,176000,-1
34428.809,2,339941,200,175510,1
34428.839,4,232001,89,176000,-1
34428.911,1,346441,200,175610,1
34429.088,2,338204,500,175720,1
34429.191,1,346713,500,175820,1
34429.301,2,343038,500,175700,1
34429.309,1,346809,500,175800,1
34430.718,2,346441,200,175610,1
34430.723,5,342636,1000,176070,-1
34430.74,5,342636,500,176070,-1
34430.74,4,343535,500,176080,-1
34430.74,5,346289,175,176080,-1
34430.74,5,343041,500,176090,-1
34430.74,5,346992,600,176090,-1
34430.74,4,199515,575,176100,-1
34430.747,4,199515,1925,176100,-1
34430.747,4,232003,250,176100,-1
34430.93,1,348515,200,175510,1
34430.96,1,348536,500,176080,-1
34431.007,1,348572,300,181000,-1
34431.103,4,348536,500,176080,-1
34431.103,4,232003,250,176100,-1
34431.114,2,346713,500,175820,1
34431.208,2,343732,500,175610,1
34431.209,1,348731,1000,176100,-1
34431.346,1,348846,500,175610,1
34431.41,2,348515,200,175510,1
34431.456,1,348916,1000,176200,-1
34431.517,1,348963,200,175610,1
34431.522,1,348971,500,176020,1
34431.675,1,349117,1000,176300,-1
34431.679,1,349123,100,175210,1
34431.758,2,344270,500,176290,-1
34431.869,5,349238,700,176030,1
34431.869,4,348971,200,176020,1
34431.893,1,349349,1000,176400,-1
34431.895,1,349350,500,176290,-1
34432.025,1,349449,200,175800,1
34432.089,1,349505,500,176380,-1
34432.209,4,348731,1000,176100,-1
34432.249,1,349635,1000,176500,-1
34432.513,1,349843,1000,176600,-1
34432.67,2,346809,500,175800,1
34432.678,1,349994,500,176000,1
34432.766,1,350084,1000,176700,-1
34432.852,2,348963,200,175610,1
34432.917,1,350237,200,175510,1
34432.989,2,350237,200,175510,1
34432.99,1,350304,1000,176800,-1
34433.396,1,350619,1000,176900,-1
34433.428,1,350644,1000,177000,-1
34433.456,1,350659,200,175610,1
34433.674,2,344142,1250,175040,1
34433.708,1,350871,1250,174950,1
34433.729,2,344145,1250,176400,-1
34433.761,1,350935,1250,176320,-1
34434.684,5,351552,100,176160,-1
34434.877,2,350871,1250,174950,1
34434.879,2,350935,1250,176320,-1
34434.91,1,352127,1250,175040,1
34434.914,1,352134,1250,176400,-1
34434.982,2,352127,1250,175040,1
34435.028,1,352298,1250,174950,1
34435.05,2,352298,1250,174950,1
34435.082,1,352363,1250,175040,1
34435.258,1,352564,1000,176190,-1
34435.341,2,352564,1000,176190,-1
34435.384,2,349994,500,176000,1
34435.488,2,343030,200,176390,-1
34435.556,1,352826,1000,176800,-1
34435.677,1,352943,200,176390,-1
34436.041,1,353325,400,176000,1
34436.061,1,353337,1000,176200,-1
34436.167,2,350659,200,175610,1
34436.261,1,353504,200,175710,1
34436.347,2,348846,500,175610,1
34436.485,1,353711,500,175610,1
34436.898,2,349350,500,176290,-1
34436.955,2,348971,300,176020,1
34437.033,1,354273,500,176290,-1
34437.078,1,354316,500,176120,1
34437.109,2,353711,500,175610,1
34437.123,2,349505,500,176380,-1
34437.173,4,183555,600,176200,-1
34437.333,2,352363,1250,175040,1
34437.337,2,352134,1250,176400,-1
34437.367,1,354563,1250,175120,1
34437.37,1,354567,1250,176480,-1
34437.441,2,354273,500,176290,-1
34437.456,4,183555,400,176200,-1
34437.481,2,353504,200,175710,1
34437.488,2,352943,200,176390,-1
34437.489,5,354668,500,176130,1
34437.562,2,354316,500,176120,1
34437.57,1,354769,100,176190,-1
34437.576,1,354775,200,175810,1
34437.623,4,354769,100,176190,-1
34437.623,4,183555,400,176200,-1
34437.69,1,354890,500,176390,-1
34438.032,2,344042,1200,176700,-1
34438.213,1,355485,300,176120,1
34438.349,1,355583,500,175710,1
34438.466,2,355485,300,176120,1
34438.581,5,354668,200,176130,1
34438.581,5,355494,100,176130,1
34438.695,2,355583,500,175710,1
34438.809,1,356003,500,176280,-1
34438.837,2,354567,1250,176480,-1
34438.871,1,356065,1250,176480,-1
34438.92,1,356115,500,175710,1
34438.982,2,356115,500,175710,1
34439.221,4,183555,800,176200,-1
34439.357,1,356526,500,175920,1
34439.432,2,356065,1250,176480,-1
34439.467,1,356616,1250,176560,-1
34439.492,1,356633,500,175710,1
34439.664,2,356616,1250,176560,-1
34439.701,1,356833,1250,176480,-1
34439.705,2,356633,500,175710,1
34439.881,2,299930,77,174500,1
34440.032,1,357187,500,175810,1
34440.298,1,357373,77,175800,1
34440.359,5,357360,37,176180,-1
34440.359,4,183555,80,176200,-1
34440.359,4,348916,1000,176200,-1
34440.359,4,353337,883,176200,-1
34440.673,4,353337,100,176200,-1
34440.711,1,357708,1000,178500,-1
34441.243,2,357187,500,175810,1
34441.345,1,358341,500,175710,1
34441.365,4,353337,17,176200,-1
34441.421,2,354775,200,175810,1
34441.447,2,358341,500,175710,1
34441.534,1,358503,200,175910,1
34441.678,1,358622,1000,176000,1
34441.893,1,358871,500,175810,1
34442.096,2,195822,173,178900,-1
34442.164,1,359098,1200,177000,-1
34442.53,5,356338,200,176120,1
34442.697,2,354890,500,176390,-1
34442.882,1,359778,200,176490,-1
34442.989,1,359870,500,176390,-1
34443.182,2,358503,200,175910,1
34443.446,1,360304,200,175810,1
34443.472,2,356003,500,176280,-1
34443.547,2,358871,500,175810,1
34443.55,1,360411,500,176200,-1
34443.642,1,360482,500,175710,1
34443.687,2,356526,500,175920,1
34443.704,5,360116,200,176180,-1
34443.704,4,360411,500,176200,-1
34443.704,5,359745,200,176200,-1
34443.758,1,360608,900,176700,-1
34444.022,5,360575,400,176190,-1
34444.123,1,360994,300,176200,-1
34444.456,2,360994,300,176200,-1
34444.703,1,361443,300,176280,-1
34444.893,1,361660,1000,176200,-1
34444.996,1,361761,200,176100,-1
34445.043,4,361761,200,176100,-1
34445.043,5,361301,500,176190,-1
34445.043,5,361751,700,176190,-1
34445.043,4,361660,1000,176200,-1
34445.248,2,361443,300,176280,-1
34445.252,1,362016,300,176180,-1
34445.387,1,362122,400,176010,1
34445.416,5,362084,1000,176030,1
34445.416,5,362137,400,176030,1
34445.421,1,362161,100,176290,-1
34445.429,1,362167,500,176500,-1
34445.439,5,362137,400,176030,1
34445.439,5,356604,275,176020,1
34445.439,5,361652,100,176020,1
34445.439,5,362139,225,176020,1
34445.45,2,354563,1250,175120,1
34445.451,2,356833,1250,176480,-1
34445.481,1,362216,1250,175040,1
34445.485,1,362223,1250,176400,-1
34445.517,2,359870,500,176390,-1
34445.809,2,359778,200,176490,-1
34445.812,5,362211,500,176110,1
34445.812,5,362362,300,176030,1
34445.813,1,362553,200,176390,-1
34445.829,1,362569,500,175820,1
34446.065,1,362822,500,176290,-1
34446.094,5,362721,400,176030,1
34446.096,5,362721,400,176030,1
34446.099,4,362122,400,176010,1
34446.099,4,353325,400,176000,1
34446.099,4,358622,200,176000,1
34446.103,4,358622,800,176000,1
34446.103,1,362853,1200,176000,-1
34446.153,2,360304,200,175810,1
34446.233,1,362971,2000,176000,-1
34446.242,2,359098,1200,177000,-1
34446.244,1,362986,1200,176700,-1
34446.312,2,362569,500,175820,1
34446.363,2,362016,300,176180,-1
34446.369,1,363133,200,176100,-1
34446.42,1,363194,2000,176000,-1
34446.451,1,363222,200,175710,1
34446.919,1,363679,500,175720,1
34447.304,2,363133,200,176100,-1
34447.341,1,364065,1000,176100,-1
34447.386,2,362553,200,176390,-1
34447.419,1,364160,200,176290,-1
34447.47,1,364199,200,176000,-1
34447.493,5,363127,150,175950,-1
34447.528,5,361629,1000,175920,1
34447.677,2,363679,500,175720,1
34447.717,2,360482,500,175710,1
34447.779,2,363194,2000,176000,-1
34447.783,2,362971,2000,176000,-1
34447.783,2,362853,1200,176000,-1
34447.824,1,364544,500,175610,1
34447.943,2,364544,500,175610,1
34448.235,1,364951,1000,176000,-1
34448.298,5,364535,400,175920,1
34448.31,2,363222,200,175710,1
34448.361,1,365066,500,175610,1
34448.419,1,365124,200,175610,1
34449.244,2,365066,500,175610,1
34449.26,2,364951,1000,176000,-1
34449.275,2,362161,100,176290,-1
34449.328,1,366058,1000,175990,-1
34449.345,1,366078,500,175710,1
34449.541,1,366229,500,175620,1
34449.644,2,366078,500,175710,1
34449.689,2,364065,1000,176100,-1
34449.807,2,364160,200,176290,-1
34449.85,2,366058,1000,175990,-1
34449.892,1,366520,500,175610,1
34449.929,1,366544,200,176190,-1
34450.095,2,364199,200,176000,-1
34450.103,1,366699,200,176000,-1
34450.18,5,365168,277,175810,1
34450.375,2,362216,1250,175040,1
34450.376,2,362223,1250,176400,-1
34450.407,1,366952,1250,174950,1
34450.411,1,366955,1250,176320,-1
34450.442,2,366229,500,175620,1
34450.574,2,366699,200,176000,-1
34450.635,1,367174,500,175520,1
34450.891,1,367511,1000,175890,-1
34451.036,5,365168,277,175810,1
34451.068,2,362822,500,176290,-1
34451.151,2,342261,1200,175500,1
34451.154,1,367840,1200,175100,1
34451.156,2,362986,1200,176700,-1
34451.157,1,367843,1200,176400,-1
34451.209,1,367902,500,176290,-1
34452.09,5,368661,400,175840,-1
34452.192,1,368913,100,175810,1
34452.22,1,368945,2878,176000,-1
34452.28,5,368813,100,175840,1
34452.586,2,365124,200,175610,1
34452.586,5,368813,300,175840,1
34452.633,2,367902,500,176290,-1
34452.658,5,368813,100,175840,1
34452.731,1,369401,200,175880,-1
34452.737,1,369412,500,176190,-1
34452.919,1,369594,200,175510,1
34453.014,1,369651,1000,175870,-1
34453.017,2,367511,1000,175890,-1
34453.209,2,369412,500,176190,-1
34453.347,2,369594,200,175510,1
34453.46,1,370091,200,175610,1
34453.469,2,366952,1250,174950,1
34453.471,2,366955,1250,176320,-1
34453.501,1,370128,1250,175040,1
34453.505,1,370134,1250,176400,-1
34453.625,2,370128,1250,175040,1
34453.657,1,370311,1250,174950,1
34453.709,4,368913,100,175810,1
34453.84,2,370134,1250,176400,-1
34453.885,1,370541,1250,176320,-1
34454.0,2,370311,1250,174950,1
34454.004,2,370541,1250,176320,-1
34454.033,1,370750,1250,175040,1
34454.04,1,370763,1250,176400,-1
34454.073,1,370807,500,176290,-1
34454.559,2,370750,1250,175040,1
34454.593,1,371310,1250,174950,1
34454.861,2,371310,1250,174950,1
34454.89,2,366520,500,175610,1
34454.893,1,371681,1250,175040,1
34454.935,4,369651,100,175870,-1
34454.982,2,371681,1250,175040,1
34454.988,2,370763,1250,176400,-1
34455.043,1,371875,500,175610,1
34455.101,1,371955,1250,174950,1
34455.111,1,371968,1250,176320,-1
34455.369,2,370807,500,176290,-1
34455.379,2,370091,200,175610,1
34455.459,1,372313,200,175510,1
34455.58,1,372428,500,176190,-1
34455.774,2,366544,200,176190,-1
34455.86,4,369651,146,175870,-1
34456.017,1,372974,200,176090,-1
34456.134,2,371955,1250,174950,1
34456.137,2,371968,1250,176320,-1
34456.167,1,373092,1250,174880,1
34456.17,1,373094,1250,176240,-1
34456.259,2,371875,500,175610,1
34456.283,2,372428,500,176190,-1
34456.324,2,367174,500,175520,1
34456.329,2,369401,200,175880,-1
34456.332,4,349449,200,175800,1
34456.411,1,373339,500,175510,1
34456.508,2,372313,200,175510,1
34456.51,2,372974,200,176090,-1
34456.591,1,373531,200,175990,-1
34456.763,1,373735,500,175900,-1
34456.893,1,373921,500,176090,-1
34456.918,4,357373,77,175800,1
34457.189,2,373531,200,175990,-1
34457.266,1,374358,200,175410,1
34457.311,1,374391,1000,175870,-1
34457.316,1,374395,500,175420,1
34457.343,2,373339,500,175510,1
34457.515,2,30561,2000,172800,1
34457.551,2,320178,1000,175210,1
34457.583,1,374632,1000,175430,1
34457.644,2,374632,1000,175430,1
34457.655,1,374699,500,175410,1
34457.682,2,373092,1250,174880,1
34457.714,1,374760,1250,174800,1
34457.82,2,373094,1250,176240,-1
34457.846,1,374931,200,175990,-1
34457.854,1,374945,1250,176160,-1
34457.94,2,374945,1250,176160,-1
34457.948,1,375041,1000,175790,-1
34457.974,1,375071,1250,176240,-1
34457.974,4,375041,100,175790,-1
34458.004,2,373735,500,175900,-1
34458.02,2,375071,1250,176240,-1
34458.033,2,369651,754,175870,-1
34458.054,1,375179,1250,176160,-1
34458.087,1,375212,400,175800,-1
34458.198,5,375108,77,175740,-1
34458.199,2,373921,500,176090,-1
34458.445,1,375625,500,175990,-1
34459.307,2,374699,500,175410,1
34459.408,1,376740,500,175310,1
34459.72,2,374358,200,175410,1
34459.885,1,377198,1000,175700,-1
34459.976,2,375041,900,175790,-1
34460.151,1,377440,500,175880,-1
34460.213,2,374391,1000,175870,-1
34460.297,2,374931,200,175990,-1
34460.613,2,374395,500,175420,1
34460.616,2,377440,500,175880,-1
34460.629,1,377856,1000,175410,1
34460.707,2,377856,1000,175410,1
34460.715,1,377929,500,175320,1
34461.198,1,378435,2940,175200,1
34461.261,1,378489,500,175780,-1
34461.265,1,378492,2940,176300,-1
34461.652,5,377253,873,175650,-1
34461.652,5,378805,127,175650,-1
34461.873,1,379176,200,175310,1
34461.971,1,379293,2000,175100,1
34461.989,1,379320,20000,177500,-1
34462.443,1,379806,200,175890,-1
34462.871,2,378492,2940,176300,-1
34463.002,1,380394,2940,176200,-1
34463.27,1,380691,100,172500,1
34463.448,2,375625,500,175990,-1
34463.498,1,380946,100,175590,-1
34463.632,5,380098,300,175500,1
34463.777,1,381242,1000,175600,-1
34463.864,2,377198,1000,175700,-1
34463.898,2,375212,400,175800,-1
34464.408,2,376740,500,175310,1
34464.549,1,382025,500,175310,1
34464.603,1,382078,100,175500,1
34464.635,2,382025,500,175310,1
34464.702,5,381449,100,175540,-1
34464.849,1,382344,1000,175580,-1
34464.958,2,381242,1000,175600,-1
34464.975,5,382133,600,175510,1
34464.975,4,382078,100,175500,1
34465.071,1,382581,100,175490,-1
34465.098,1,382615,500,175410,1
34465.113,4,382581,100,175490,-1
34465.113,5,382548,400,175500,-1
34465.329,5,382634,200,175500,1
34465.329,1,382843,800,175500,-1
34465.417,2,382344,1000,175580,-1
34465.499,2,374760,1250,174800,1
34465.501,2,375179,1250,176160,-1
34465.502,2,382843,800,175500,-1
34465.531,1,382998,1250,174880,1
34465.533,1,383001,1250,176240,-1
34465.579,2,379806,200,175890,-1
34465.611,2,377929,500,175320,1
34465.613,2,378489,500,175780,-1
34465.616,1,383095,500,175420,1
34465.647,1,383119,500,175990,-1
34465.702,5,382869,300,175490,-1
34465.829,1,383334,1000,175580,-1
34465.867,1,383361,200,175890,-1
34465.901,2,383095,500,175420,1
34466.065,2,383334,1000,175580,-1
34466.178,1,383654,500,175320,1
34466.367,2,383654,500,175320,1
34466.39,2,383361,200,175890,-1
34466.504,1,383917,200,175990,-1
34466.61,2,379176,200,175310,1
34466.741,1,384129,500,175420,1
34467.045,1,384505,200,175410,1
34467.288,1,384751,500,175880,-1
34467.581,2,378435,2940,175200,1
34467.59,2,380394,2940,176200,-1
34467.637,1,385104,2940,175300,1
34467.654,1,385120,2940,176300,-1
34467.931,2,384505,200,175410,1
34467.97,2,384129,500,175420,1
34467.978,2,384751,500,175880,-1
34468.02,1,385480,200,175310,1
34468.056,1,385526,500,175420,1
34468.189,2,385526,500,175420,1
34468.603,1,385994,500,175320,1
34468.632,2,385480,200,175310,1
34468.771,1,386191,200,175410,1
34468.912,1,386382,100,175100,1
34468.922,2,386191,200,175410,1
34469.068,4,380946,100,175590,-1
34469.097,1,386567,1000,175980,-1
34469.175,1,386619,500,175780,-1
34469.257,1,386717,500,176000,-1
34469.273,2,386717,500,176000,-1
34469.282,1,386738,500,175800,-1
34469.291,5,385111,100,175590,-1
34469.343,1,386780,200,175410,1
34469.972,1,387364,2500,175520,1
34469.99,1,387374,2878,175600,-1
34470.099,2,382615,500,175410,1
34470.116,5,385111,200,175590,-1
34470.235,1,387587,500,175410,1
34470.392,4,387374,100,175600,-1
34470.412,2,385994,500,175320,1
34470.414,2,386619,500,175780,-1
34470.427,4,387374,100,175600,-1
34470.524,1,387825,500,175420,1
34470.534,2,84141,800,170000,1
34470.57,2,383119,500,175990,-1
34470.766,4,387374,100,175600,-1
34471.036,4,387374,100,175600,-1
34471.06,4,387374,1000,175600,-1
34471.074,1,388391,500,175880,-1
34471.315,4,387374,400,175600,-1
34472.364,4,387374,500,175600,-1
34472.729,2,382998,1250,174880,1
34472.732,2,383001,1250,176240,-1
34472.763,1,389885,1250,174950,1
34472.766,1,389893,1250,176320,-1
34472.772,4,387374,100,175600,-1
34472.777,4,387374,478,175600,-1
34473.485,2,387825,500,175420,1
34473.494,2,388391,500,175880,-1
34473.496,2,383917,200,175990,-1
34473.595,1,390713,500,175520,1
34473.714,1,390842,200,176090,-1
34473.858,2,387587,500,175410,1
34473.957,2,386567,1000,175980,-1
34473.981,1,391164,500,175510,1
34474.133,1,391300,500,175980,-1
34474.535,1,391650,500,176090,-1
34474.787,2,385104,2940,175300,1
34474.831,2,385120,2940,176300,-1
34474.851,1,391971,2940,175400,1
34474.977,1,392121,2940,176400,-1
34475.017,2,386780,200,175410,1
34475.051,2,386738,500,175800,-1
34475.13,1,392291,200,175510,1
34475.301,5,388488,200,175680,-1
34475.442,5,392515,100,175710,1
34475.451,2,387364,2500,175520,1
34476.063,5,393291,200,175680,-1
34476.96,2,389885,1250,174950,1
34476.963,2,389893,1250,176320,-1
34476.997,1,394257,1250,174880,1
34477.002,1,394261,1250,176240,-1
34477.062,2,391164,500,175510,1
34477.112,2,390713,500,175520,1
34477.119,2,391300,500,175980,-1
34477.135,1,394375,500,175420,1
34477.174,2,392291,200,175510,1
34477.178,2,390842,200,176090,-1
34477.262,2,394375,500,175420,1
34477.287,1,394504,1000,175410,1
34477.288,1,394507,500,175410,1
34477.329,1,394549,200,175410,1
34477.635,1,394814,500,175520,1
34477.772,2,391971,2940,175400,1
34477.799,2,392121,2940,176400,-1
34477.91,1,395067,2940,175300,1
34477.916,1,395074,2940,176300,-1
34477.948,2,391650,500,176090,-1
34477.969,1,395122,200,175990,-1
34478.032,1,395181,500,175990,-1
34478.168,5,394902,400,175600,1
34478.168,5,394873,600,175560,1
34478.196,1,395321,500,175980,-1
34478.205,5,394873,400,175560,1
34478.205,5,394830,175,175530,1
34478.205,4,394814,425,175520,1
34478.373,2,367840,1200,175100,1
34478.375,1,395496,900,175400,1
34478.376,2,395321,500,175980,-1
34478.473,2,394814,75,175520,1
34478.755,2,394504,1000,175410,1
34479.004,2,174946,500,173000,1
34479.057,2,182343,197,176500,-1
34479.108,1,396283,100,175750,-1
34479.156,5,395739,400,175700,1
34479.156,5,394392,100,175520,1
34479.61,1,396719,197,178000,-1
34479.814,1,396935,1000,175800,-1
34480.54,1,397609,425,175680,-1
34481.101,1,398158,500,175320,1
34482.288,2,394507,500,175410,1
34482.406,1,399177,500,175410,1
34482.756,2,395181,500,175990,-1
34482.778,1,399501,100,175630,-1
34482.878,2,396283,100,175750,-1
34482.988,2,396935,1000,175800,-1
34483.22,2,394257,1250,174880,1
34483.224,2,394261,1250,176240,-1
34483.254,1,399925,1250,174950,1
34483.256,1,399929,1250,176320,-1
34483.292,2,398158,500,175320,1
34483.302,1,399963,500,175420,1
34483.377,1,400033,16450,179600,-1
34483.425,5,399541,400,175580,-1
34483.548,5,399541,500,175580,-1
34483.569,5,399541,100,175580,-1
34483.569,5,399604,100,175610,-1
34483.612,1,400276,500,176090,-1
34483.936,2,399501,100,175630,-1
34484.112,2,397609,425,175680,-1
34484.214,1,400869,25,175780,-1
34484.544,2,395067,2940,175300,1
34484.549,2,395074,2940,176300,-1
34484.71,1,401324,2940,175400,1
34484.731,1,401343,2940,176400,-1
34485.035,1,401682,173,180300,-1
34485.197,1,401809,100,175790,-1
34486.552,1,402947,1000,175600,1
34486.664,1,403021,450,176600,-1
34486.735,2,399925,1250,174950,1
34486.738,2,399929,1250,176320,-1
34486.775,1,403123,1250,174880,1
34486.778,1,403128,1250,176240,-1
34486.85,2,403128,1250,176240,-1
34486.883,1,403242,1250,176320,-1
34486.933,2,400276,500,176090,-1
34487.055,2,400869,25,175780,-1
34487.065,1,403401,25,175680,-1
34487.091,2,403123,1250,174880,1
34487.127,1,403475,1250,174950,1
34487.171,2,403401,25,175680,-1
34487.329,2,394549,200,175410,1
34487.41,2,399177,500,175410,1
34487.437,1,403738,500,176090,-1
34487.636,1,403895,200,175410,1
34487.964,2,401324,2940,175400,1
34487.97,2,395122,200,175990,-1
34487.979,2,401343,2940,176400,-1
34487.99,1,404250,500,175410,1
34488.067,1,404312,2940,175300,1
34488.091,1,404327,2940,176300,-1
34488.206,1,404426,200,175990,-1
34488.369,2,404327,2940,176300,-1
34488.43,1,404594,2940,176400,-1
34488.47,1,404631,150,175700,1
34488.683,2,403475,1250,174950,1
34488.684,2,403242,1250,176320,-1
34488.72,1,404851,1250,174880,1
34488.725,1,404855,1250,176240,-1
34488.869,2,335373,1000,175400,1
34488.891,2,404312,2940,175300,1
34488.95,1,405115,2940,175400,1
34488.966,2,399963,500,175420,1
34489.281,1,405408,25,175780,-1
34489.297,1,405426,1000,175600,1
34489.737,4,404631,150,175700,1
34489.77,2,405115,2940,175400,1
34489.838,1,405960,500,175420,1
34489.976,1,406133,2940,175300,1
34490.092,2,404594,2940,176400,-1
34490.155,1,406318,2940,176300,-1
34490.273,2,405960,500,175420,1
34490.385,1,406520,500,175520,1
34490.537,1,406673,100,175690,-1
34490.757,4,406673,100,175690,-1
34490.757,5,406218,700,175690,-1
34490.833,2,404426,200,175990,-1
34490.837,1,407005,100,175670,-1
34490.856,2,405408,25,175780,-1
34490.964,1,407119,25,175880,-1
34491.033,1,407171,200,176090,-1
34491.733,2,407119,25,175880,-1
34491.736,1,407786,25,175780,-1
34491.936,2,407171,200,176090,-1
34491.945,1,407986,200,175990,-1
34492.067,2,406520,500,175520,1
34492.265,2,200387,100,178300,-1
34492.276,1,408268,500,175420,1
34492.439,2,403738,500,176090,-1
34492.99,2,404250,500,175410,1
34493.124,1,408948,500,175410,1
34493.804,2,408268,500,175420,1
34493.889,1,409537,500,175990,-1
34493.918,1,409566,500,175520,1
34494.356,2,407005,100,175670,-1
34494.398,2,409566,500,175520,1
34494.466,1,410028,500,175420,1
34494.786,2,404851,1250,174880,1
34494.791,2,404855,1250,176240,-1
34494.814,5,409209,37,175680,-1
34494.82,1,410389,1250,174800,1
34494.824,1,410393,1250,176160,-1
34494.845,2,408948,500,175410,1
34495.063,2,403895,200,175410,1
34495.098,1,410651,500,175310,1
34495.307,1,410809,200,175310,1
34495.407,1,410905,100,175700,-1
34495.657,5,410976,500,175660,-1
34495.834,5,410976,1000,175660,-1
34495.847,2,407986,200,175990,-1
34495.851,1,411340,200,175890,-1
34495.862,5,408177,150,175620,1
34495.862,4,402947,150,175600,1
34495.951,5,410976,37,175660,-1
34496.013,2,406133,2940,175300,1
34496.025,2,406318,2940,176300,-1
34496.104,1,411616,2940,175200,1
34496.107,1,411619,2940,176200,-1
34496.285,2,305542,600,155800,1
34496.844,4,402947,850,175600,1
34496.844,4,405426,1000,175600,1
34497.118,2,407786,25,175780,-1
34497.121,1,412590,25,175680,-1
34497.182,2,409537,500,175990,-1
34497.391,1,412831,500,175890,-1
34497.421,2,410905,100,175700,-1
34497.534,2,368945,2878,176000,-1
34498.465,2,401809,100,175790,-1
34498.658,2,410028,500,175420,1
34499.744,1,414714,500,175320,1
34499.854,1,414843,1000,175600,-1
34500.099,2,410651,500,175310,1
34500.181,2,410809,200,175310,1
34500.235,1,415206,500,175210,1
34500.426,1,415373,200,175210,1
34500.462,2,410389,1250,174800,1
34500.467,2,410393,1250,176160,-1
34500.497,1,415439,1250,174720,1
34500.5,1,415443,1250,176080,-1
34500.522,2,411340,200,175890,-1
34500.577,1,415511,100,175500,-1
34500.736,2,412590,25,175680,-1
34500.745,1,415663,25,175580,-1
34500.825,2,239424,2000,173600,1
34500.838,1,415770,2000,175200,1
34500.892,2,412831,500,175890,-1
34501.001,1,415960,500,175790,-1
34501.025,1,415984,200,175790,-1
34501.165,2,414714,500,175320,1
34501.285,1,416284,500,175220,1
34501.613,2,414843,1000,175600,-1
34501.642,5,415583,44,175460,-1
34502.075,2,411616,2940,175200,1
34502.08,2,411619,2940,176200,-1
34502.117,1,417177,1200,174900,1
34502.132,2,395496,900,175400,1
34502.133,2,415373,200,175210,1
34502.168,2,304154,1400,176600,-1
34502.169,1,417239,200,175110,1
34502.187,1,417264,2000,177300,-1
34502.201,1,417281,2940,175100,1
34502.334,1,417407,2940,176100,-1
34502.411,2,415663,25,175580,-1
34502.414,1,417476,25,175480,-1
34502.859,2,416284,500,175220,1
34502.951,2,415984,200,175790,-1
34503.114,5,415583,200,175460,-1
34503.123,5,415583,400,175460,-1
34503.189,1,418160,200,175690,-1
34503.949,5,418031,150,175460,-1
34503.949,4,417476,25,175480,-1
34503.949,4,415511,100,175500,-1
34504.306,1,419155,100,175500,1
34504.679,2,415439,1250,174720,1
34504.681,2,415443,1250,176080,-1
34504.7,2,415206,500,175210,1
34504.717,1,419481,1250,174630,1
34504.72,1,419484,1250,176000,-1
34504.738,1,419506,500,175220,1
34504.815,1,419576,100,178900,-1
34504.832,1,419590,500,175110,1
34505.138,4,419155,100,175500,1
34505.138,5,419290,900,175500,1
34505.158,5,419290,900,175500,1
34505.188,5,419290,200,175500,1
34505.296,1,419926,500,175680,-1
34505.656,2,367843,1200,176400,-1
34505.66,1,420237,800,176100,-1
34505.999,2,415960,500,175790,-1
34506.143,1,420763,500,175790,-1
34506.181,2,417281,2940,175100,1
34506.219,2,417407,2940,176100,-1
34506.252,1,420854,2940,175000,1
34506.281,1,420879,2940,176000,-1
34506.319,2,386382,100,175100,1
34506.604,5,420313,100,175490,-1
34506.878,1,421377,100,175500,-1
34507.173,5,419422,100,175420,1
34507.319,5,421436,100,175400,1
34507.365,5,421474,356,175460,-1
34507.365,5,421482,463,175460,-1
34507.365,5,421489,1181,175460,-1
34507.48,5,421436,100,175400,1
34507.57,1,422003,1000,175200,1
34507.608,1,422033,52,175400,-1
34507.817,2,417239,200,175110,1
34507.885,2,421377,100,175500,-1
34507.932,2,419506,500,175220,1
34507.937,2,419926,500,175680,-1
34508.028,1,422488,200,175010,1
34508.042,1,422503,500,175580,-1
34508.053,2,420854,2940,175000,1
34508.242,1,422686,2940,174900,1
34508.412,2,422033,52,175400,-1
34508.587,1,422983,500,175120,1
34509.554,2,422488,200,175010,1
34509.671,5,422445,100,175390,-1
34509.784,5,423492,52,175320,1
34509.83,2,419590,500,175110,1
34509.977,1,424141,500,175110,1
34510.225,1,424311,200,175110,1
34510.298,1,424363,100,175400,-1
34510.438,2,424311,200,175110,1
34510.565,2,424363,100,175400,-1
34510.942,1,424910,200,175110,1
34511.125,2,424910,200,175110,1
34511.15,2,420763,500,175790,-1
34511.281,1,425235,500,175790,-1
34511.34,2,419481,1250,174630,1
34511.344,2,419484,1250,176000,-1
34511.345,1,425292,100,175400,-1
34511.374,1,425313,1250,174720,1
34511.391,1,425331,1250,176080,-1
34511.429,2,424141,500,175110,1
34511.474,2,425292,100,175400,-1
34511.697,1,425600,200,175110,1
34512.046,1,425919,500,175210,1
34512.925,1,426649,100,175500,-1
34512.942,2,418160,200,175690,-1
34513.054,1,426771,200,175790,-1
34513.349,2,422686,2940,174900,1
34513.351,2,420879,2940,176000,-1
34513.355,1,427054,500,176000,-1
34513.518,1,427193,100,175310,1
34513.599,1,427259,2940,175000,1
34513.639,5,425428,54,175490,-1
34513.656,1,427303,100,175490,-1
34513.683,1,427330,2940,176100,-1
34513.746,2,426649,100,175500,-1
34513.949,2,190810,200,168610,1
34514.176,1,427804,500,175400,-1
34514.344,2,427303,100,175490,-1
34514.42,2,28069,200,155000,1
34514.504,2,422983,500,175120,1
34514.512,2,422503,500,175580,-1
34514.631,1,428155,500,175220,1
34515.167,1,428670,500,175680,-1
34515.449,2,425235,500,175790,-1
34515.765,1,429171,500,175890,-1
34515.833,2,425313,1250,174720,1
34515.836,2,425331,1250,176080,-1
34515.866,1,429250,1250,174800,1
34515.869,1,429258,1250,176160,-1
34515.903,5,427827,100,175320,1
34515.903,4,427193,100,175310,1
34516.053,2,425600,200,175110,1
34516.084,1,429458,200,175210,1
34516.142,5,429405,700,175300,1
34516.171,5,428432,100,175350,-1
34516.399,1,429680,800,175400,-1
34516.854,2,426771,200,175790,-1
34516.967,1,430258,200,175890,-1
34517.05,2,425919,500,175210,1
34517.165,5,429956,100,175270,1
34517.165,5,429299,300,175230,1
34517.165,4,428155,500,175220,1
34517.165,5,427594,100,175220,1
34517.182,5,427594,500,175220,1
34517.182,5,428271,500,175220,1
34517.189,1,430455,500,175210,1
34517.194,5,428911,400,175220,1
34517.194,4,349123,100,175210,1
34517.194,4,429458,200,175210,1
34517.194,4,430455,500,175210,1
34517.194,4,280766,250,175200,1
34517.194,4,415770,1800,175200,1
34517.311,2,429171,500,175890,-1
34517.337,2,427259,2940,175000,1
34517.339,2,427330,2940,176100,-1
34517.343,2,430258,200,175890,-1
34517.37,2,428670,500,175680,-1
34517.376,1,430597,500,175580,-1
34517.404,1,430627,2940,175100,1
34517.41,1,430632,2940,176200,-1
34517.452,2,430597,500,175580,-1
34517.483,1,430716,200,175490,-1
34517.752,1,430945,200,175690,-1
34517.9,1,431072,2,175400,-1
34517.914,1,431082,500,175480,-1
34518.06,1,431195,200,175210,1
34518.295,1,431393,500,175210,1
34518.332,5,431188,288,175220,1
34518.463,1,431532,500,175120,1
34518.939,2,430716,200,175490,-1
34519.032,1,432139,200,175390,-1
34519.183,2,432139,200,175390,-1
34519.554,1,432623,200,175490,-1
34520.601,2,431393,500,175210,1
34520.765,2,432623,200,175490,-1
34520.769,1,433730,200,175390,-1
34521.028,1,434023,100,178400,-1
34521.036,1,434031,500,175310,1
34521.045,2,433730,200,175390,-1
34521.263,1,434228,200,175490,-1
34521.411,1,434380,100,175210,1
34522.258,2,429250,1250,174800,1
34522.26,2,429258,1250,176160,-1
34522.291,1,435231,1250,174880,1
34522.295,1,435235,1250,176240,-1
34522.32,2,431532,500,175120,1
34522.344,1,435291,500,175220,1
34522.563,2,434228,200,175490,-1
34522.681,1,435538,200,175390,-1
34522.75,2,430945,200,175690,-1
34523.674,1,436476,1000,175200,1
34523.767,2,415770,200,175200,1
34523.77,1,436576,2000,174000,1
34523.831,2,430627,2940,175100,1
34523.867,2,430632,2940,176200,-1
34523.887,1,436730,400,175690,-1
34523.93,1,436771,2940,175200,1
34523.954,2,434031,500,175310,1
34523.966,1,436799,2940,176300,-1
34524.102,2,431082,500,175480,-1
34524.11,5,436650,100,175330,1
34524.269,5,434878,54,175320,1
34524.269,5,436747,46,175320,1
34524.325,1,437098,500,175580,-1
34524.861,2,437098,500,175580,-1
34524.885,1,437744,500,175480,-1
34525.151,4,435538,13,175390,-1
34525.155,5,436747,2,175320,1
34525.42,2,437744,500,175480,-1
34525.528,1,438448,500,175580,-1
34525.537,4,435538,171,175390,-1
34525.682,4,435538,16,175390,-1
34525.763,2,436771,2940,175200,1
34525.847,1,438800,2940,175100,1
34526.056,1,439000,200,175890,-1
34526.288,2,436730,400,175690,-1
34526.348,1,439257,700,175790,-1
34526.488,2,431072,2,175400,-1
34527.279,2,435291,500,175220,1
34527.287,2,439000,200,175890,-1
34527.385,1,440328,500,175320,1
34527.416,4,427804,500,175400,-1
34527.416,4,429680,400,175400,-1
34527.442,1,440382,200,175990,-1
34527.507,4,429680,400,175400,-1
34527.875,2,438448,500,175580,-1
34527.893,1,440836,1000,175780,-1
34527.98,1,440934,500,175680,-1
34527.996,2,435231,1250,174880,1
34528.006,2,435235,1250,176240,-1
34528.011,1,440964,500,175800,-1
34528.038,1,440992,1250,174950,1
34528.041,1,440999,1250,176320,-1
34528.06,2,431195,200,175210,1
34528.111,2,440964,500,175800,-1
34528.117,1,441079,500,175700,-1
34528.523,1,441458,200,175310,1
34529.116,2,440836,1000,175780,-1
34529.513,1,442482,150,175400,1
34529.63,2,441079,500,175700,-1
34529.953,2,438800,2940,175100,1
34529.985,2,436799,2940,176300,-1
34530.122,1,443087,2940,175200,1
34530.211,2,440992,1250,174950,1
34530.212,2,440999,1250,176320,-1
34530.234,1,443200,2940,176400,-1
34530.246,1,443212,1250,174880,1
34530.249,1,443217,1250,176240,-1
34530.283,2,440934,500,175680,-1
34530.351,1,443314,500,175580,-1
34530.528,2,441458,200,175310,1
34530.62,1,443576,200,175210,1
34530.868,2,417264,2000,177300,-1
34530.874,1,443840,700,176000,-1
34530.974,2,434380,100,175210,1
34531.35,2,439257,700,175790,-1
34531.368,2,443087,2940,175200,1
34531.383,2,443200,2940,176400,-1
34531.431,1,444362,700,175790,-1
34531.434,1,444366,2940,175100,1
34531.446,1,444376,2940,176300,-1
34531.616,2,440328,500,175320,1
34531.718,1,444614,500,175220,1
34532.325,1,445189,100,175490,-1
34532.5,1,445341,500,175400,1
34532.942,1,445736,500,175400,1
34533.274,5,442660,100,175440,1
34533.504,5,442660,100,175440,1
34533.601,2,444614,500,175220,1
34533.697,1,446451,500,175320,1
34533.841,5,442660,100,175440,1
34534.51,2,443314,500,175580,-1
34534.514,1,447231,500,175680,-1
34535.483,2,436476,1000,175200,1
34535.78,5,448192,100,175450,1
34535.78,4,442482,150,175400,1
34535.78,4,445341,500,175400,1
34535.78,4,445736,450,175400,1
34536.361,2,447231,500,175680,-1
34536.432,2,444362,700,175790,-1
34536.462,1,449109,500,175580,-1
34536.527,2,446451,500,175320,1
34536.58,1,449206,1000,175300,1
34536.67,1,449305,700,175790,-1
34536.821,2,443576,200,175210,1
34536.823,2,440382,200,175990,-1
34537.013,1,449639,500,175220,1
34537.072,1,449687,200,175110,1
34537.147,2,449687,200,175110,1
34537.519,2,436576,2000,174000,1
34537.553,2,449305,700,175790,-1
34537.592,1,450154,200,175110,1
34537.878,1,450458,700,175690,-1
34538.057,4,445736,50,175400,1
34538.092,1,450691,100,175470,-1
34538.109,1,450706,200,175890,-1
34538.527,2,443212,1250,174880,1
34538.529,2,443217,1250,176240,-1
34538.559,1,451147,1250,174800,1
34538.563,1,451153,1250,176160,-1
34538.676,2,451153,1250,176160,-1
34538.704,1,451317,100,175460,-1
34538.712,1,451324,1250,176160,-1
34538.794,2,450691,100,175470,-1
34538.946,4,449206,200,175300,1
34539.076,1,451727,100,175400,-1
34539.164,2,451317,100,175460,-1
34539.394,2,449109,500,175580,-1
34539.414,1,452013,500,175480,-1
34539.486,4,449206,300,175300,1
34539.602,2,444366,2940,175100,1
34539.61,2,444376,2940,176300,-1
34539.706,1,452300,100,175390,-1
34539.719,2,445189,100,175490,-1
34539.723,1,452316,2940,175000,1
34539.731,1,452323,2940,176200,-1
34539.791,2,451147,1250,174800,1
34539.793,2,451324,1250,176160,-1
34539.822,2,451727,100,175400,-1
34539.823,1,452423,1250,174880,1
34539.829,1,452437,1250,176240,-1
34539.946,4,449206,100,175300,1
34539.975,4,449206,400,175300,1
34539.975,5,447359,48,175300,1
34539.975,5,449210,752,175300,1
34539.983,1,452572,248,175300,1
34540.238,2,452013,500,175480,-1
34540.294,1,452837,500,175580,-1
34540.352,2,452300,100,175390,-1
34540.39,4,452572,248,175300,1
34540.391,2,452837,500,175580,-1
34540.701,2,452316,2940,175000,1
34540.703,2,452323,2940,176200,-1
34540.824,1,453335,2940,175100,1
34540.831,1,453340,2940,176300,-1
34540.836,1,453343,500,175480,-1
34541.273,1,453731,100,175380,-1
34541.383,2,453731,100,175380,-1
34541.721,2,449639,500,175220,1
34541.823,1,454156,500,175120,1
34541.986,1,454336,500,175500,-1
34542.881,2,450458,700,175690,-1
34542.883,2,450154,200,175110,1
34542.886,2,450706,200,175890,-1
34543.019,1,455369,700,175690,-1
34543.099,1,455444,200,175010,1
34543.6,1,455893,200,175890,-1
34544.275,2,452423,1250,174880,1
34544.278,2,452437,1250,176240,-1
34544.307,1,456610,1250,174800,1
34544.312,1,456617,1250,176160,-1
34544.333,2,453343,500,175480,-1
34544.34,1,456643,500,175380,-1
34544.364,2,455893,200,175890,-1
34544.468,1,456749,200,175790,-1
34544.932,1,457197,2000,88800,1
34545.009,2,453335,2940,175100,1
34545.013,2,453340,2940,176300,-1
34545.278,1,457528,2940,175000,1
34545.283,1,457534,2940,176200,-1
34545.868,2,455369,700,175690,-1
34545.907,2,456643,500,175380,-1
34545.988,1,458202,700,175590,-1
34546.013,1,458224,500,175480,-1
34546.372,1,458509,100,175390,-1
34546.441,5,458059,1000,175310,1
34546.629,2,282157,4800,179900,-1
34547.044,1,459046,4800,180300,-1
34547.233,1,459179,100,175360,-1
34547.325,2,458509,100,175390,-1
34547.573,1,459427,100,175300,-1
34547.668,2,459179,100,175360,-1
34548.693,5,460381,1,175250,-1
34548.733,1,460489,100,175290,-1
34548.846,2,455444,200,175010,1
34548.85,2,459427,100,175300,-1
34548.903,1,460690,2000,175300,-1
34549.048,1,460784,200,174910,1
34549.188,2,458224,500,175480,-1
34549.291,1,461005,500,175380,-1
34549.402,5,458623,248,175220,1
34549.402,4,422003,752,175200,1
34549.689,4,422003,248,175200,1
34549.79,1,461434,5000,175300,-1
34549.847,2,454156,500,175120,1
34549.951,1,461569,500,175020,1
34550.159,2,456610,1250,174800,1
34550.165,2,456617,1250,176160,-1
34550.195,1,461815,1250,174880,1
34550.199,1,461820,1250,176240,-1
34550.265,2,461569,500,175020,1
34550.336,2,456749,200,175790,-1
34550.495,1,462048,500,175120,1
34550.731,2,460489,100,175290,-1
34550.741,2,457528,2940,175000,1
34550.767,2,457534,2940,176200,-1
34550.835,1,462378,2940,175100,1
34550.849,1,462395,200,175890,-1
34550.863,1,462406,2940,176300,-1
34550.9,2,458202,700,175590,-1
34550.998,1,462541,700,175690,-1
34551.21,2,379293,2000,175100,1
34551.578,2,193537,200,178990,-1
34551.929,2,462048,500,175120,1
34552.026,1,463376,500,175020,1
34553.16,2,462378,2940,175100,1
34553.236,1,464877,2940,175000,1
34553.936,2,360608,900,176700,-1
34554.045,5,463016,13,175270,-1
34554.154,2,331156,500,176900,-1
34554.16,1,465852,900,175100,1
34554.453,2,463376,500,175020,1
34554.557,1,466245,500,175120,1
34555.156,5,463294,300,175290,-1
34555.186,1,466874,500,174000,1
34555.562,2,461005,500,175380,-1
34555.681,1,467259,500,175480,-1
34556.001,2,462541,700,175690,-1
34556.248,1,467831,700,175690,-1
34556.485,2,461815,1250,174880,1
34556.487,2,461820,1250,176240,-1
34556.517,1,468056,1250,174950,1
34556.523,1,468065,1250,176320,-1
34556.649,2,460784,200,174910,1
34556.718,1,468235,200,175010,1
34556.805,2,466245,500,175120,1
34556.807,1,468340,500,175220,1
34556.89,5,468038,100,175250,-1
34556.89,5,463294,150,175290,-1
34557.066,5,463294,550,175290,-1
34557.066,4,460690,1150,175300,-1
34557.334,2,464877,2940,175000,1
34557.341,2,462406,2940,176300,-1
34557.415,4,460690,850,175300,-1
34557.415,4,461434,50,175300,-1
34557.575,1,469049,2940,175100,1
34557.582,2,468340,500,175220,1
34557.61,1,469087,2940,176400,-1
34557.685,1,469177,500,175120,1
34557.852,2,457197,2000,88800,1
34557.866,1,469419,2000,154000,1
34558.367,2,185723,200,173900,1
34558.418,4,461434,2000,175300,-1
34558.841,4,461434,1000,175300,-1
34558.932,4,461434,219,175300,-1
34559.949,4,461434,1731,175300,-1
34560.143,2,468235,200,175010,1
34560.147,2,462395,200,175890,-1
34560.218,5,469722,500,175210,1
34560.232,1,471577,200,174910,1
34560.338,1,471680,1000,175300,1
34560.382,1,471712,200,175300,1
34560.565,1,471868,1000,175300,1
34560.672,1,471946,1000,175300,1
34560.786,1,472056,1000,175300,1
34560.787,1,472059,200,175990,-1
34561.251,2,467831,700,175690,-1
34561.389,1,472590,700,175690,-1
34561.577,1,472757,1000,175400,1
34561.674,5,471272,300,175420,-1
34561.862,2,469177,500,175120,1
34561.904,2,417177,1200,174900,1
34561.906,1,473071,800,175200,1
34561.948,4,472757,300,175400,1
34561.949,4,472757,700,175400,1
34561.958,2,471680,1000,175300,1
34561.966,1,473128,500,175220,1
34562.038,2,467259,500,175480,-1
34562.12,2,471577,200,174910,1
34562.229,1,473322,200,175010,1
34562.254,1,473352,1000,175010,1
34562.51,1,473509,200,174500,1
34562.511,1,473510,500,175580,-1
34562.662,2,472056,1000,175300,1
34562.664,2,471946,1000,175300,1
34562.667,2,471868,1000,175300,1
34562.775,5,454794,13,175480,-1
34563.015,2,468056,1250,174950,1
34563.019,2,468065,1250,176320,-1
34563.051,1,473995,1250,174880,1
34563.054,1,473998,1250,176240,-1
34563.452,5,473988,400,175400,1
34563.452,1,474385,4600,175400,-1
34563.515,4,474385,1000,175400,-1
34563.855,5,474692,100,175390,-1
34563.855,4,474385,3500,175400,-1
34563.88,4,474385,100,175400,-1
34564.31,2,469049,2940,175100,1
34564.319,2,469087,2940,176400,-1
34564.449,1,475275,2940,174900,1
34564.463,1,475285,2940,176300,-1
34564.673,5,454794,187,175480,-1
34564.673,5,473462,500,175480,-1
34564.673,4,454336,313,175500,-1
34566.256,5,476022,200,175460,-1
34566.392,2,472590,700,175690,-1
34566.516,1,477251,1000,175500,-1
34566.53,1,477268,700,175690,-1
34566.746,1,477456,1000,175600,-1
34566.762,5,476022,300,175460,-1
34566.994,1,477722,1000,175700,-1
34567.086,2,473995,1250,174880,1
34567.088,2,473998,1250,176240,-1
34567.117,1,477819,1250,174800,1
34567.121,1,477826,1250,176160,-1
34567.221,2,477268,700,175690,-1
34567.263,2,473128,500,175220,1
34567.269,2,473510,500,175580,-1
34567.334,1,478007,1000,175800,-1
34567.426,2,473322,200,175010,1
34567.429,2,472059,200,175990,-1
34567.475,1,478142,500,175480,-1
34567.478,1,478145,200,175890,-1
34567.57,1,478239,1000,175900,-1
34567.711,1,478400,100,175490,-1
34567.756,1,478457,500,175220,1
34567.774,4,471712,200,175300,1
34567.809,1,478526,100,175470,-1
34567.813,1,478533,1000,176000,-1
34567.813,2,478400,100,175490,-1
34568.07,1,478798,1000,176100,-1
34568.131,1,478838,1000,175200,1
34568.435,2,478457,500,175220,1
34568.465,1,479136,1000,176200,-1
34568.525,1,479180,500,175120,1
34568.53,2,477819,1250,174800,1
34568.532,2,477826,1250,176160,-1
34568.558,1,479204,1000,176300,-1
34568.562,1,479206,1250,174880,1
34568.564,1,479209,1250,176240,-1
34568.615,2,475275,2940,174900,1
34568.634,2,475285,2940,176300,-1
34568.639,2,479180,500,175120,1
34568.74,1,479402,2940,174800,1
34568.743,2,478142,500,175480,-1
34568.746,1,479409,2940,176200,-1
34568.795,2,478145,200,175890,-1
34568.831,1,479517,1000,176400,-1
34568.9,2,478526,100,175470,-1
34568.937,2,479206,1250,174880,1
34568.938,2,479209,1250,176240,-1
34568.967,1,479652,1250,174950,1
34568.97,1,479655,1250,176320,-1
34569.005,2,479652,1250,174950,1
34569.009,2,479655,1250,176320,-1
34569.039,1,479730,1250,174880,1
34569.041,1,479733,1250,176240,-1
34569.137,1,479826,500,175220,1
34569.198,1,479865,200,175010,1
34569.28,1,479939,1000,175390,-1
34569.491,2,479865,200,175010,1
34569.511,5,480089,270,175360,-1
34569.579,2,479826,500,175220,1
34569.592,1,480239,700,175690,-1
34569.652,5,480089,200,175360,-1
34569.664,5,480089,400,175360,-1
34569.69,1,480332,500,175120,1
34569.765,2,480332,500,175120,1
34569.772,2,479402,2940,174800,1
34569.785,2,479409,2940,176200,-1
34569.831,1,480493,2940,174900,1
34569.848,1,480509,2940,176300,-1
34570.097,1,480782,200,174910,1
34570.129,1,480816,1000,175400,-1
34570.254,1,480947,500,175120,1
34570.491,5,480877,150,175300,-1
34570.541,1,481195,100,175300,-1
34570.789,1,481405,500,175580,-1
34570.813,4,473071,400,175200,1
34571.814,2,480782,200,174910,1
34572.105,5,482234,1000,175210,1
34572.199,2,479939,1000,175390,-1
34572.654,2,480947,500,175120,1
34572.657,2,481405,500,175580,-1
34572.762,1,483080,500,175020,1
34572.771,2,480239,700,175690,-1
34572.796,1,483116,1000,175300,-1
34572.877,1,483176,700,175590,-1
34573.032,2,481195,100,175300,-1
34573.05,1,483313,1000,175400,-1
34573.301,1,483497,1000,175500,-1
34573.305,1,483502,500,175480,-1
34573.767,1,483913,1000,175600,-1
34573.819,1,483969,1000,175700,-1
34574.045,1,484172,1000,175800,-1
34574.304,1,484428,1000,175900,-1
34574.569,1,484647,1000,176000,-1
34574.802,1,484882,1000,176100,-1
34575.071,1,485144,1000,176200,-1
34575.347,2,480816,1000,175400,-1
34576.0,1,485888,100,175280,-1
34576.684,5,486272,100,175250,1
34576.684,5,483985,300,175220,1
34576.791,1,486630,1000,175270,-1
34577.08,2,485888,100,175280,-1
34577.882,2,483176,700,175590,-1
34578.331,1,487773,500,175300,-1
34578.665,5,487987,100,175240,1
34578.84,1,488184,100,175270,-1
34580.849,1,489794,10000,175300,-1
34580.859,4,473071,400,175200,1
34580.859,4,478838,600,175200,1
34581.056,1,489956,200,176500,-1
34581.089,2,486630,1000,175270,-1
34581.336,4,478838,400,175200,1
34581.984,2,479730,1250,174880,1
34582.014,2,483080,500,175020,1
34582.017,1,490656,1250,174800,1
34582.018,2,483502,500,175480,-1
34582.104,1,490721,500,175120,1
34582.169,1,490763,700,175590,-1
34582.315,2,490656,1250,174800,1
34582.317,2,490721,500,175120,1
34582.349,1,490897,1250,174880,1
34582.619,2,488184,100,175270,-1
34582.699,1,491132,1000,175200,-1
34582.709,1,491142,100,175240,-1
34582.721,1,491160,500,175020,1
34582.834,2,490763,700,175590,-1
34582.934,1,491377,700,175490,-1
34583.037,2,491142,100,175240,-1
34583.165,2,490897,1250,174880,1
34583.167,2,479733,1250,176240,-1
34583.205,1,491596,1250,174800,1
34583.209,1,491602,1250,176160,-1
34583.213,2,480493,2940,174900,1
34583.274,1,491671,3000,175280,-1
34583.294,1,491697,500,175480,-1
34583.297,1,491699,2940,174800,1
34583.42,2,469419,2000,154000,1
34583.422,1,491808,2000,170000,1
34583.841,2,489794,10000,175300,-1
34583.894,1,492197,1000,176000,-1
34583.92,1,492222,100,175180,-1
34583.974,2,491699,2940,174800,1
34583.986,2,491596,1250,174800,1
34583.988,2,491602,1250,176160,-1
34584.018,1,492300,1250,174880,1
34584.021,1,492304,1250,176240,-1
34584.032,2,491377,700,175490,-1
34584.035,1,492311,2940,174900,1
34584.178,1,492426,10000,175200,-1
34584.643,2,491132,1000,175200,-1
34584.656,1,492730,100,175200,-1
34585.13,4,344917,1000,175100,1
34585.5,2,491671,3000,175280,-1
34586.143,1,493794,1000,175200,-1
34586.286,4,344917,1000,175100,1
34586.434,1,493964,1000,175200,-1
34586.718,1,494164,1000,175200,-1
34587.134,2,492311,2940,174900,1
34587.192,1,494509,2940,174800,1
34587.32,1,494578,1000,175200,-1
34587.627,1,494746,1000,175200,-1
34587.999,2,491160,500,175020,1
34588.003,2,491697,500,175480,-1
34588.101,1,495120,500,174920,1
34588.165,1,495168,1000,175200,-1
34588.557,2,492222,100,175180,-1
34588.651,1,495511,500,175380,-1
34588.844,1,495689,700,175590,-1
34589.448,5,495451,800,175180,-1
34589.448,4,492426,3900,175200,-1
34589.638,2,495120,500,174920,1
34589.64,2,495511,500,175380,-1
34589.751,1,496266,500,175020,1
34590.011,4,492426,6100,175200,-1
34590.011,4,492730,100,175200,-1
34590.011,4,493794,1000,175200,-1
34590.011,4,493964,1000,175200,-1
34590.011,4,494164,1000,175200,-1
34590.011,4,494578,800,175200,-1
34590.06,1,496517,100,175190,-1
34590.291,1,496718,500,175480,-1
34590.706,2,495689,700,175590,-1
34590.79,4,496517,100,175190,-1
34590.805,4,494578,200,175200,-1
34590.805,4,494746,1000,175200,-1
34590.805,4,495168,1000,175200,-1
34590.812,1,497171,700,175490,-1
34590.949,1,497296,100,175180,-1
34591.01,4,497296,100,175180,-1
34591.459,1,497681,100,175190,-1
34591.489,4,497681,100,175190,-1
34591.544,2,497171,700,175490,-1
34592.93,2,491808,2000,170000,1
34592.933,1,498840,2000,173900,1
34596.29,2,492300,1250,174880,1
34596.292,2,492304,1250,176240,-1
34596.322,1,501530,1250,174950,1
34596.325,1,501536,1250,176320,-1
34597.205,2,494509,2940,174800,1
34597.239,2,480509,2940,176300,-1
34597.272,1,502342,2940,174900,1
34597.3,1,502362,2940,176400,-1
34597.396,5,502446,700,175210,1
34597.516,2,496266,500,175020,1
34597.518,2,496718,500,175480,-1
34597.62,1,502607,500,175120,1
34597.703,1,502683,700,175590,-1
34598.195,1,503094,500,175580,-1
34598.873,2,466874,500,174000,1
34599.193,2,443840,700,176000,-1
34599.195,1,503899,1400,176000,-1
34599.769,4,483116,100,175300,-1
34600.719,2,420237,800,176100,-1
34600.836,4,483116,900,175300,-1
34600.839,4,487773,100,175300,-1
34600.873,4,487773,400,175300,-1
34600.873,1,505448,600,175300,1
34600.993,1,505534,1000,175300,1
34601.277,1,505795,1000,175300,1
34601.72,2,502607,500,175120,1
34601.722,2,503094,500,175580,-1
34601.817,1,506233,1000,175300,1
34601.824,1,506236,500,175220,1
34602.38,1,506650,500,175680,-1
34602.703,2,502683,700,175590,-1
34602.774,5,506099,2000,175340,1
34602.774,5,506135,1600,175340,1
34602.841,1,507071,700,175590,-1
34602.945,5,506135,270,175340,1
34602.945,5,506862,2500,175340,1
34602.945,5,507034,630,175340,1
34603.189,1,507329,1000,175300,1
34603.333,4,505448,500,175300,1
34603.503,2,505795,1000,175300,1
34603.504,2,505534,1000,175300,1
34603.505,2,505448,100,175300,1
34604.708,2,507071,700,175590,-1
34605.065,2,501530,1250,174950,1
34605.067,2,501536,1250,176320,-1
34605.097,1,509017,1250,175040,1
34605.1,1,509019,1250,176400,-1
34605.187,2,502342,2940,174900,1
34605.247,1,509159,2940,174800,1
34605.485,2,352826,1000,176800,-1
34606.031,2,506236,500,175220,1
34606.034,2,506650,500,175680,-1
34606.135,1,510054,500,175120,1
34606.244,2,506233,1000,175300,1
34606.251,2,473352,1000,175010,1
34606.375,2,509159,2940,174800,1
34606.397,2,502362,2940,176400,-1
34606.42,5,510148,200,175340,1
34606.439,1,510362,2940,174900,1
34606.551,5,510397,300,175350,1
34606.551,5,510148,1081,175340,1
34606.551,4,507329,1000,175300,1
34606.558,1,510454,700,175690,-1
34606.609,1,510508,2940,176500,-1
34606.698,1,510564,500,175580,-1
34607.274,2,509017,1250,175040,1
34607.277,2,509019,1250,176400,-1
34607.307,1,511107,1250,174950,1
34607.311,1,511110,1250,176320,-1
34607.661,1,511439,570,175000,1
34607.77,5,510596,89,175300,1
34608.156,1,511926,1000,175400,-1
34609.014,1,512645,1000,175500,-1
34609.069,1,512682,1000,175600,-1
34609.073,1,512685,1000,175700,-1
34609.166,1,512770,14900,175200,1
34609.174,1,512775,1000,175800,-1
34609.53,1,513071,1000,175900,-1
34609.599,2,510362,2940,174900,1
34609.618,2,510508,2940,176500,-1
34609.664,1,513181,2940,174800,1
34609.684,1,513192,1000,176000,-1
34609.79,2,510054,500,175120,1
34609.794,2,510564,500,175580,-1
34609.8,1,513321,2940,176400,-1
34609.885,1,513404,500,175220,1
34609.952,1,513458,1000,176100,-1
34609.956,2,510454,700,175690,-1
34610.115,2,513404,500,175220,1
34610.168,1,513623,700,175590,-1
34610.213,1,513671,1000,176200,-1
34610.43,1,513870,500,175220,1
34610.498,1,513929,1000,176300,-1
34610.879,2,513870,500,175220,1
34610.98,1,514416,500,175580,-1
34611.349,5,510596,111,175300,1
34611.387,4,512770,400,175200,1
34611.5,5,514769,200,175290,-1
34611.504,1,514925,2500,175300,-1
34611.539,1,514971,500,175120,1
34611.629,1,515073,400,175900,-1
34611.691,1,515128,100,175400,-1
34611.73,5,514769,100,175290,-1
34611.765,2,511107,1250,174950,1
34611.779,2,515128,100,175400,-1
34611.797,1,515261,1250,174880,1
34611.825,5,515255,150,175250,-1
34611.876,2,511110,1250,176320,-1
34611.91,1,515400,1250,176240,-1
34612.133,4,512770,2000,175200,1
34612.278,2,513181,2940,174800,1
34612.285,2,513321,2940,176400,-1
34612.342,1,515801,2940,174700,1
34612.36,1,515815,2940,176300,-1
34612.408,4,512770,200,175200,1
34612.631,2,514971,500,175120,1
34612.634,2,514416,500,175580,-1
34612.749,1,516183,500,175020,1
34613.013,2,513623,700,175590,-1
34613.032,2,169015,100,168580,1
34613.121,1,516557,700,175490,-1
34613.29,1,516660,500,175480,-1
34613.699,1,516984,1000,175300,-1
34614.748,1,517900,100,175290,-1
34614.886,2,514925,2500,175300,-1
34615.168,1,518263,100,175280,-1
34615.181,1,518275,1000,175300,-1
34615.257,2,517900,100,175290,-1
34615.371,2,515261,1250,174880,1
34615.372,2,515400,1250,176240,-1
34615.402,1,518464,1250,174800,1
34615.404,1,518468,1250,176160,-1
34615.47,2,516183,500,175020,1
34615.473,2,516660,500,175480,-1
34615.482,1,518524,1000,175300,-1
34615.547,1,518591,500,175380,-1
34615.644,2,516557,700,175490,-1
34615.714,4,512770,500,175200,1
34615.787,4,512770,200,175200,1
34615.815,1,518835,1000,175300,-1
34615.855,1,518854,700,175390,-1
34615.887,4,512770,200,175200,1
34616.058,1,519058,500,175020,1
34616.062,2,518591,500,175380,-1
34616.384,2,519058,500,175020,1
34616.424,1,519364,1000,175300,-1
34616.601,1,519500,500,175380,-1
34616.728,2,503899,700,176000,-1
34616.813,1,519685,1000,175300,-1
34616.895,2,515801,2940,174700,1
34616.929,2,515815,2940,176300,-1
34616.976,1,519821,2940,174600,1
34617.019,1,519860,2940,176200,-1
34617.148,1,519961,500,174920,1
34617.286,4,512770,1500,175200,1
34617.307,1,520094,100,175270,-1
34617.392,2,518263,100,175280,-1
34617.866,4,512770,1000,175200,1
34618.227,4,512770,100,175200,1
34618.279,1,520824,1000,175300,-1
34618.442,4,512770,100,175200,1
34618.943,4,512770,8700,175200,1
34618.967,1,521326,100,175190,-1
34619.176,2,520094,100,175270,-1
34619.264,1,521525,100,175200,-1
34619.483,1,521646,100,175190,-1
34619.728,5,521471,100,175180,-1
34619.888,2,518464,1250,174800,1
34619.889,2,518468,1250,176160,-1
34619.919,1,522021,1250,174720,1
34619.923,1,522023,1250,176080,-1
34619.93,2,518854,700,175390,-1
34620.053,1,522146,700,175290,-1
34620.283,2,520824,1000,175300,-1
34620.379,2,519821,2940,174600,1
34620.418,2,519860,2940,176200,-1
34620.468,1,522464,2940,174500,1
34620.487,2,521525,100,175200,-1
34620.538,1,522524,2940,176100,-1
34620.583,1,522569,7619,175300,-1
34620.731,4,344917,500,175100,1
34620.731,4,465852,900,175100,1
34620.731,5,520827,400,175100,1
34620.731,1,522711,700,175100,-1
34620.889,1,522893,100,175180,-1
34621.001,1,522993,2000,175100,-1
34621.063,2,522569,7619,175300,-1
34621.207,1,523181,2000,175100,-1
34621.212,1,523184,500,175100,-1
34621.282,2,522893,100,175180,-1
34621.315,2,519961,500,174920,1
34621.317,2,519500,500,175380,-1
34621.402,1,523369,7619,175200,-1
34621.423,1,523399,500,175280,-1
34621.962,1,523926,500,174820,1
34621.965,2,523369,7619,175200,-1
34622.238,1,524172,7619,175100,-1
34622.315,2,523181,2000,175100,-1
34622.316,2,522993,2000,175100,-1
34622.32,2,523184,500,175100,-1
34622.386,5,522174,100,175020,1
34622.386,4,336275,500,175000,1
34622.497,4,336275,500,175000,1
34622.497,4,511439,570,175000,1
34622.497,1,524415,100,175090,-1
34622.545,5,524455,100,175020,1
34622.57,1,524494,1000,175200,-1
34622.973,2,523926,500,174820,1
34622.978,1,524884,2000,175000,-1
34622.98,2,523399,500,175280,-1
34623.081,1,524990,500,174720,1
34623.095,1,525002,2000,175000,-1
34623.122,1,525016,2000,175000,-1
34623.301,2,521646,100,175190,-1
34623.303,2,521326,100,175190,-1
34623.326,2,524415,100,175090,-1
34623.593,1,525357,700,175000,-1
34623.677,1,525438,500,175180,-1
34625.053,2,522146,700,175290,-1
34625.077,2,522021,1250,174720,1
34625.082,2,522023,1250,176080,-1
34625.104,1,526674,4000,175000,-1
34625.111,1,526680,1250,174630,1
34625.114,1,526685,1250,176000,-1
34625.175,2,516984,1000,175300,-1
34625.184,2,524990,500,174720,1
34625.188,2,525438,500,175180,-1
34625.203,2,524494,1000,175200,-1
34625.203,2,524172,7619,175100,-1
34625.221,1,526794,500,175080,-1
34625.262,1,526836,700,175190,-1
34625.335,2,525016,2000,175000,-1
34625.336,2,525002,2000,175000,-1
34625.337,2,524884,2000,175000,-1
34625.381,1,526932,7619,175000,-1
34625.544,2,522711,700,175100,-1
34625.564,2,525357,700,175000,-1
34625.787,2,522464,2940,174500,1
34625.821,1,527342,500,174620,1
34625.833,2,522524,2940,176100,-1
34625.845,1,527361,2940,174400,1
34625.996,5,526718,400,174900,-1
34625.996,5,525888,600,174960,-1
34626.01,1,527502,1300,175000,-1
34626.105,1,527568,2940,176000,-1
34626.353,2,526932,7619,175000,-1
34626.364,2,515073,400,175900,-1
34626.387,1,527779,100,174990,-1
34626.666,1,528052,1250,175900,-1
34626.728,2,527779,100,174990,-1
34626.815,1,528229,100,174980,-1
34627.238,1,528611,100,174970,-1
34627.329,2,528229,100,174980,-1
34627.505,5,528684,100,174930,-1
34627.83,1,529177,1000,175000,-1
34627.908,2,30310,1000,179500,-1
34628.003,4,118407,72,174800,1
34628.003,5,525499,500,174720,1
34628.003,4,177376,4000,174700,1
34628.163,2,526680,1250,174630,1
34628.165,2,526685,1250,176000,-1
34628.194,1,529524,1250,174720,1
34628.198,1,529526,1250,176080,-1
34628.326,2,527342,500,174620,1
34628.327,2,526794,500,175080,-1
34628.337,1,529650,1000,175100,-1
34628.34,1,529656,500,174720,1
34628.377,1,529674,1000,175200,-1
34628.448,2,526836,700,175190,-1
34628.471,1,529766,200,174210,1
34628.548,1,529827,700,175290,-1
34628.651,1,529911,1000,175300,-1
34628.884,1,530154,500,175180,-1
34628.921,1,530178,1000,175400,-1
34628.929,1,530182,100,174900,-1
34629.041,2,528611,100,174970,-1
34629.177,1,530383,1000,175500,-1
34629.275,2,530182,100,174900,-1
34629.331,2,529766,200,174210,1
34629.504,1,530638,200,174310,1
34629.536,1,530663,1000,175600,-1
34629.639,2,527361,2940,174400,1
34629.654,2,527568,2940,176000,-1
34629.705,1,530794,2940,174500,1
34629.717,1,530807,2940,176100,-1
34629.732,1,530829,1000,175700,-1
34629.776,2,529524,1250,174720,1
34629.779,2,529526,1250,176080,-1
34629.809,1,530943,1250,174800,1
34629.813,1,530949,1250,176160,-1
34629.992,5,531140,500,174840,1
34630.01,5,531140,500,174840,1
34630.018,1,531181,1000,175800,-1
34630.114,5,531223,100,174840,1
34630.114,4,530943,400,174800,1
34630.214,4,530943,500,174800,1
34630.248,1,531427,100,174900,-1
34630.272,5,531423,100,174840,1
34630.272,4,530943,350,174800,1
34630.272,5,530941,50,174800,1
34630.281,1,531471,1000,175900,-1
34630.354,5,530941,150,174800,1
34630.354,5,531148,550,174730,1
34630.384,2,530794,2940,174500,1
34630.404,2,530807,2940,176100,-1
34630.456,1,531633,2940,174600,1
34630.466,1,531645,2940,176200,-1
34630.496,2,531427,100,174900,-1
34630.661,2,530949,1250,176160,-1
34630.725,1,531888,1250,174160,1
34630.728,1,531892,1250,175520,-1
34630.965,2,530154,500,175180,-1
34630.97,1,532146,500,174980,-1
34631.065,2,531633,2940,174600,1
34631.164,1,532336,2940,174500,1
34631.193,1,532368,900,174800,-1
34631.28,1,532446,600,175000,-1
34631.459,2,529656,500,174720,1
34631.572,2,160240,300,170400,1
34631.607,5,531526,300,174730,1
34631.611,5,531526,100,174730,1
34631.615,5,531526,500,174730,1
34631.618,1,532735,500,174620,1
34631.76,2,454336,187,175500,-1
34631.851,1,532957,187,175500,-1
34632.2,5,530079,400,174720,1
34632.2,5,532891,300,174680,1
34632.2,5,532756,300,174640,1
34632.284,2,532735,500,174620,1
34632.486,1,533576,1000,174900,-1
34632.504,2,532368,900,174800,-1
34632.764,1,533849,1000,175000,-1
34633.12,1,534207,1000,175100,-1
34633.28,2,527502,1300,175000,-1
34633.346,1,534417,1000,175200,-1
34633.554,2,529827,700,175290,-1
34633.616,5,533539,400,174700,1
34633.77,1,534747,1000,175300,-1
34633.89,1,534892,1000,175400,-1
34634.181,1,535184,1000,175500,-1
34634.216,1,535211,1500,174800,-1
34634.288,1,535283,100,174600,1
34634.413,2,532146,500,174980,-1
34634.456,1,535406,1000,175600,-1
34634.559,1,535511,500,174880,-1
34634.636,1,535591,500,174100,1
34634.736,1,535676,1000,175700,-1
34634.976,1,535929,2500,174900,-1
34635.088,2,535511,500,174880,-1
34635.117,1,536065,500,174980,-1
34635.155,1,536112,1000,175800,-1
34635.182,5,535669,300,174740,-1
34635.305,2,536065,500,174980,-1
34635.422,2,531888,1250,174160,1
34635.456,1,536360,1250,174160,1
34635.553,2,532336,2940,174500,1
34635.714,1,536619,500,174980,-1
34635.747,2,498840,2000,173900,1
34635.748,4,535211,100,174800,-1
34635.753,1,536667,2000,173200,1
34635.798,1,536714,2940,174400,1
34636.041,2,536619,500,174980,-1
34636.195,5,536711,100,174790,-1
34636.258,1,537231,500,174880,-1
34636.28,4,535211,600,174800,-1
34636.337,1,537312,100,174700,1
34636.367,1,537348,300,169700,1
34636.442,2,537231,500,174880,-1
34636.552,2,536714,2940,174400,1
34636.635,1,537571,2940,174500,1
34636.842,1,537816,500,174980,-1
34637.184,2,535211,800,174800,-1
34637.191,5,537926,800,174740,1
34637.352,5,537926,100,174740,1
34637.532,5,537926,100,174740,1
34637.778,1,538684,2000,176400,-1
34637.865,2,536360,1250,174160,1
34637.868,2,531892,1250,175520,-1
34637.898,1,538793,1250,174240,1
34637.901,1,538796,1250,175600,-1
34637.911,5,538798,1000,174850,-1
34638.311,5,538179,300,174880,-1
34638.311,5,538180,400,174890,-1
34638.311,4,533576,1000,174900,-1
34638.311,4,535929,800,174900,-1
34638.312,4,535929,1000,174900,-1
34638.485,2,537816,500,174980,-1
