34200.149,2,185773,800,178910,1
34200.252,2,186501,1250,178880,1
34200.29,1,187058,1250,178800,1
34200.292,1,187061,800,178910,1
34200.294,5,184813,5,179500,-1
34200.377,5,184813,548,179500,-1
34200.422,2,187058,1250,178800,1
34200.431,2,186502,1250,180240,-1
34200.455,1,187229,1250,178640,1
34200.484,2,186120,500,179210,1
34200.485,1,187265,1250,180000,-1
34200.488,2,186026,500,179790,-1
34200.589,5,184813,297,179500,-1
34200.699,2,185881,800,179990,-1
34200.781,1,187501,500,179490,-1
34200.836,1,187561,800,179990,-1
34200.865,5,187429,400,179480,-1
34200.865,4,187501,13,179490,-1
34201.179,4,187501,421,179490,-1
34201.321,2,187229,1250,178640,1
34201.324,2,187265,1250,180000,-1
34201.327,1,187907,100,179110,1
34201.355,2,187501,66,179490,-1
34201.358,1,187934,1250,178720,1
34201.361,1,187939,1250,180080,-1
34201.389,2,187907,100,179110,1
34201.872,1,188315,100,179310,1
34202.18,2,172141,115,179300,1
34202.271,1,188611,1000,179500,-1
34202.279,2,172932,500,179300,1
34202.281,2,172933,30,179300,1
34202.282,2,172937,1000,179300,1
34202.295,2,173181,100,179300,1
34202.313,2,173190,30,179300,1
34202.315,2,173206,100,179300,1
34202.316,2,173215,200,179300,1
34202.318,2,173216,100,179300,1
34202.319,2,173228,400,179300,1
34202.321,2,173248,100,179300,1
34202.382,2,187934,1250,178720,1
34202.402,2,188315,100,179310,1
34202.413,1,188715,1250,178640,1
34202.421,1,188724,500,179590,-1
34202.489,2,188715,1250,178640,1
34202.526,1,188813,1250,178720,1
34202.808,2,188813,1250,178720,1
34202.809,2,187939,1250,180080,-1
34202.816,2,188724,500,179590,-1
34202.842,4,188611,65,179500,-1
34202.852,1,189079,1250,178800,1
34202.856,1,189083,1250,180160,-1
34202.881,1,189105,150,179500,-1
34202.886,2,189079,1250,178800,1
34202.887,2,189083,1250,180160,-1
34202.955,1,189183,1250,178720,1
34202.959,1,189186,1250,180080,-1
34202.966,1,189195,100,179210,1
34203.105,2,189183,1250,178720,1
34203.107,2,189186,1250,180080,-1
34203.116,2,189195,100,179210,1
34203.138,1,189310,1250,178640,1
34203.145,1,189314,1250,180000,-1
34203.254,5,189333,200,179490,-1
34203.254,4,188611,822,179500,-1
34203.489,2,189310,1250,178640,1
34203.491,2,189314,1250,180000,-1
34203.534,1,189550,1250,178560,1
34203.535,1,189553,100,179110,1
34203.536,1,189554,1250,179920,-1
34203.701,2,189554,1250,179920,-1
34203.739,1,189697,1250,180000,-1
34203.822,2,189550,1250,178560,1
34203.842,2,189553,100,179110,1
34203.855,1,189752,1250,178640,1
34203.857,5,189678,11,179400,-1
34203.946,2,189752,1250,178640,1
34203.948,2,189697,1250,180000,-1
34203.981,1,189839,1250,178720,1
34203.983,1,189841,1250,180080,-1
34204.06,1,189882,100,179210,1
34204.717,1,190356,500,179590,-1
34204.914,1,190539,300,179400,-1
34205.013,4,190539,200,179400,-1
34205.046,4,190539,48,179400,-1
34205.299,2,187061,800,178910,1
34205.431,1,191058,800,178910,1
34205.567,4,190539,52,179400,-1
34205.567,4,188611,113,179500,-1
34205.567,4,189105,135,179500,-1
34205.839,2,187561,800,179990,-1
34205.874,2,189839,1250,178720,1
34205.876,2,189841,1250,180080,-1
34205.919,1,191559,1250,178640,1
34205.925,1,191565,1250,180000,-1
34205.979,1,191624,800,179990,-1
34206.166,4,189105,15,179500,-1
34206.473,1,192056,1000,179400,1
34206.474,2,191559,1250,178640,1
34206.475,2,191565,1250,180000,-1
34206.509,1,192102,1250,178720,1
34206.513,1,192104,1250,180080,-1
34206.515,4,192056,800,179400,1
34206.702,1,192300,100,178500,1
34206.762,2,192102,1250,178720,1
34206.764,2,192104,1250,180080,-1
34206.796,1,192378,1250,178640,1
34206.797,1,192381,1250,180000,-1
34207.11,2,192378,1250,178640,1
34207.113,2,192381,1250,180000,-1
34207.142,1,192732,1250,178720,1
34207.146,1,192735,1250,180080,-1
34208.127,2,28045,300,197700,-1
34208.274,2,192732,1250,178720,1
34208.308,1,193744,1250,178640,1
34208.562,2,189882,100,179210,1
34208.565,2,190356,500,179590,-1
34208.636,2,192735,1250,180080,-1
34208.642,1,194034,200,179500,-1
34208.653,4,192056,200,179400,1
34208.669,1,194072,1250,180000,-1
34208.86,2,194072,1250,180000,-1
34208.896,1,194258,1250,180080,-1
34208.964,4,194034,200,179500,-1
34209.013,1,194359,100,179210,1
34209.042,1,194377,200,179500,-1
34209.344,2,194258,1250,180080,-1
34209.381,1,194648,1250,180000,-1
34209.566,1,194800,500,179590,-1
34209.663,1,194885,5000,179500,-1
34209.895,2,194359,100,179210,1
34209.922,5,195090,130,179480,-1
34210.107,1,195264,100,179110,1
34210.189,2,193744,1250,178640,1
34210.191,2,194648,1250,180000,-1
34210.221,1,195350,1250,178720,1
34210.223,1,195355,1250,180080,-1
34210.275,2,195264,100,179110,1
34210.428,2,191058,800,178910,1
34210.439,2,171752,200,179000,1
34210.573,1,195621,800,178910,1
34210.652,1,195702,100,179210,1
34210.979,2,191624,800,179990,-1
34211.118,1,196090,800,179990,-1
34211.367,1,196286,200,179500,-1
34211.861,2,194800,500,179590,-1
34211.87,2,194377,200,179500,-1
34212.186,1,196968,500,179690,-1
34212.238,2,195702,100,179210,1
34212.624,2,195350,1250,178720,1
34212.626,2,195355,1250,180080,-1
34212.662,1,197349,1250,178800,1
34212.665,1,197352,1250,180160,-1
34212.731,1,197412,100,179310,1
34213.706,1,198172,100,179200,1
34213.83,2,196968,500,179690,-1
34214.282,2,182662,100,179590,-1
34214.432,1,198702,1000,179500,-1
34214.483,2,197352,1250,180160,-1
34214.496,1,198744,500,179690,-1
34214.501,2,197412,100,179310,1
34214.513,1,198759,1250,180240,-1
34214.55,2,198744,500,179690,-1
34214.586,4,194885,200,179500,-1
34214.621,2,197349,1250,178800,1
34214.653,1,198896,1250,178880,1
34214.686,1,198938,2000,170100,1
34214.988,2,196286,200,179500,-1
34215.044,1,199235,100,179410,1
34215.154,4,194885,100,179500,-1
34215.305,4,199235,100,179410,1
34215.579,2,195621,800,178910,1
34215.591,1,199601,100,179410,1
34215.642,4,199601,100,179410,1
34215.711,1,199704,800,178910,1
34216.119,2,196090,800,179990,-1
34216.258,1,200113,800,179990,-1
34216.385,5,197421,500,179340,1
34216.862,5,197421,500,179340,1
34216.929,2,198896,1250,178880,1
34216.93,2,198759,1250,180240,-1
34216.962,1,200720,1250,178960,1
34216.964,1,200722,1250,180320,-1
34217.148,5,200815,400,179420,1
34217.148,5,197421,1000,179340,1
34217.148,5,199068,11,179320,1
34217.148,5,199645,196,179320,1
34217.148,5,200749,823,179320,1
34217.472,1,201136,1000,179400,-1
34217.506,5,200749,300,179320,1
34217.521,4,201136,1000,179400,-1
34217.625,5,200749,877,179320,1
34217.625,5,198795,300,179310,1
34217.625,5,201232,823,179310,1
34218.039,5,201232,677,179310,1
34218.039,5,201342,200,179310,1
34218.039,4,172313,910,179300,1
34218.039,4,173820,643,179300,1
34220.028,1,203165,1200,178900,1
34220.036,1,203174,1200,180100,-1
34220.138,2,175262,3000,179100,1
34220.158,1,203286,60,179400,1
34220.574,2,198702,1000,179500,-1
34220.71,2,199704,800,178910,1
34220.85,1,203866,800,178910,1
34221.259,2,200113,800,179990,-1
34221.399,1,204190,800,179990,-1
34221.408,4,203286,60,179400,1
34221.42,4,173820,357,179300,1
34221.42,4,178169,500,179300,1
34221.42,4,182855,20,179300,1
34221.595,1,204337,474,179100,1
34222.146,1,204772,5000,182400,-1
34222.194,2,200720,1250,178960,1
34222.196,2,200722,1250,180320,-1
34222.217,1,204829,1000,179400,-1
34222.228,1,204838,1250,178880,1
34222.231,1,204843,1250,180240,-1
34222.379,4,204829,800,179400,-1
34222.588,1,205135,2000,177500,1
34222.658,1,205207,112,186900,-1
34222.964,4,204829,100,179400,-1
34223.512,5,205673,47,179390,-1
34223.548,5,205673,200,179390,-1
34223.797,2,204838,1250,178880,1
34223.801,2,204843,1250,180240,-1
34223.833,1,206302,1250,178800,1
34223.838,1,206307,1250,180160,-1
34223.899,1,206377,2000,179400,-1
34224.198,4,204829,53,179400,-1
34224.773,2,132522,100,178700,1
34225.028,1,207398,500,179690,-1
34225.053,4,150189,500,179200,1
34225.314,2,203165,1200,178900,1
34225.357,1,207650,1200,178500,1
34225.451,2,203174,1200,180100,-1
34225.489,1,207746,1200,179800,-1
34225.635,1,207890,200,179400,-1
34225.727,2,194885,4700,179500,-1
34225.85,2,203866,800,178910,1
34225.991,1,208163,800,178910,1
34226.331,2,208163,800,178910,1
34226.334,2,204190,800,179990,-1
34226.648,1,208632,800,178810,1
34226.67,2,180250,1000,179000,1
34226.765,4,168662,300,179200,1
34226.765,4,186830,56,179200,1
34226.765,4,198172,100,179200,1
34226.765,1,208711,544,179200,-1
34227.306,1,209172,800,179890,-1
34227.422,2,208711,544,179200,-1
34227.823,2,208632,800,178810,1
34227.825,2,209172,800,179890,-1
34227.904,5,208104,400,179380,-1
34227.904,5,208542,600,179380,-1
34228.07,1,209777,800,178910,1
34228.564,2,204829,47,179400,-1
34228.616,1,210195,800,179990,-1
34229.96,2,85940,2000,178100,1
34230.03,2,207398,500,179690,-1
34230.281,1,211619,500,179690,-1
34230.544,5,209882,2000,179200,-1
34230.983,5,209882,500,179200,-1
34231.037,2,209777,800,178910,1
34231.132,2,210195,800,179990,-1
34231.134,1,212266,800,178810,1
34231.231,5,209882,500,179200,-1
34231.254,5,212247,500,179300,-1
34231.68,1,212723,800,179890,-1
34232.098,2,206302,1250,178800,1
34232.101,2,206307,1250,180160,-1
34232.122,2,211619,500,179690,-1
34232.136,1,213134,1250,178720,1
34232.139,1,213140,1250,180080,-1
34232.247,1,213224,500,179590,-1
34232.493,5,213280,100,179200,-1
34233.298,2,206377,2000,179400,-1
34233.407,2,207890,200,179400,-1
34233.626,5,213241,47,179280,-1
34233.725,2,92787,100,179900,-1
34233.806,5,214084,100,179260,1
34234.33,1,214801,500,179600,-1
34234.457,1,214890,500,179300,-1
34234.556,1,214967,1000,179300,-1
34235.065,2,92707,200,179900,-1
34235.8,2,204337,474,179100,1
34236.034,1,216191,1000,179100,1
34236.14,2,212266,800,178810,1
34236.276,2,212723,800,179890,-1
34236.279,1,216372,800,178710,1
34236.819,1,216796,800,179790,-1
34236.86,2,213134,1250,178720,1
34236.863,2,213140,1250,180080,-1
34236.9,2,213224,500,179590,-1
34236.905,1,216866,1250,178800,1
34236.908,1,216870,1250,180160,-1
34237.066,1,217007,500,179590,-1
34237.538,5,216197,68,179160,1
34237.693,5,217382,75,179280,-1
34237.974,1,217852,2500,179100,1
34238.091,2,216866,1250,178800,1
34238.093,2,216870,1250,180160,-1
34238.128,1,217998,1250,178720,1
34238.131,1,218002,1250,180080,-1
34238.429,5,217382,700,179280,-1
34238.452,1,218352,1000,179200,1
34238.487,4,218352,14,179200,1
34238.506,4,218352,986,179200,1
34238.506,1,218419,14,179200,-1
34238.697,2,214890,500,179300,-1
34239.405,1,219235,100,178800,1
34239.726,1,219508,500,179300,-1
34239.805,1,219576,100,179300,-1
34239.835,1,219595,100,179100,1
34240.454,2,217007,500,179590,-1
34240.667,1,220288,1000,178500,1
34240.673,1,220297,500,179490,-1
34240.749,1,220369,100,179290,-1
34240.919,1,220517,300,178200,1
34240.97,2,182717,2100,180600,-1
34241.064,2,217998,1250,178720,1
34241.066,2,218002,1250,180080,-1
34241.095,1,220661,1250,178640,1
34241.099,1,220665,1250,180000,-1
34241.279,2,216372,800,178710,1
34241.394,1,220935,2100,179500,-1
34241.414,1,220956,800,178710,1
34241.622,5,220192,50,179160,1
34241.7,2,214801,500,179600,-1
34241.708,1,221217,500,179300,-1
34241.735,5,220192,682,179160,1
34241.735,5,214682,600,179120,1
34241.735,5,220545,1000,179110,1
34241.735,4,216191,1000,179100,1
34241.735,4,217852,518,179100,1
34241.82,2,216796,800,179790,-1
34241.963,1,221445,800,179790,-1
34242.377,4,217852,425,179100,1
34242.575,4,217852,50,179100,1
34242.865,2,220297,500,179490,-1
34242.918,4,217852,353,179100,1
34242.969,1,222358,500,179390,-1
34243.132,2,219508,500,179300,-1
34243.379,2,222358,500,179390,-1
34243.517,1,222768,500,179490,-1
34243.538,4,217852,1154,179100,1
34243.538,4,219595,100,179100,1
34243.616,2,220956,800,178710,1
34243.618,2,221445,800,179790,-1
34243.695,1,222987,500,179200,-1
34243.712,1,223006,800,178610,1
34243.786,1,223088,500,179100,1
34243.813,4,223088,46,179100,1
34243.851,4,223088,454,179100,1
34243.889,1,223176,1000,179500,-1
34244.258,1,223532,800,179690,-1
34244.483,2,221217,500,179300,-1
34244.491,1,223737,500,179200,-1
34244.559,4,145552,13,179000,1
34244.676,4,145552,87,179000,1
34244.676,4,159042,200,179000,1
34244.676,4,169646,100,179000,1
34244.676,4,171265,190,179000,1
34244.676,4,171525,1223,179000,1
34244.682,4,171525,1207,179000,1
34244.728,1,223979,100,180000,-1
34245.061,4,171525,470,179000,1
34245.061,4,172986,500,179000,1
34245.126,1,224313,2500,179100,-1
34245.425,2,122520,1000,179600,-1
34245.475,1,224629,1000,179100,-1
34245.491,2,27816,200,175100,1
34246.181,2,223737,500,179200,-1
34246.191,1,225342,500,179100,-1
34246.228,2,224313,2500,179100,-1
34246.23,1,225378,200,184100,-1
34246.246,1,225397,1000,179200,-1
34246.487,1,225588,2000,179200,-1
34247.138,2,219576,100,179300,-1
34247.234,1,226220,900,179000,-1
34247.276,4,226220,900,179000,-1
34247.276,4,224629,1000,179100,-1
34247.276,4,225342,500,179100,-1
34247.276,5,225965,200,179100,-1
34247.276,5,225329,1000,179180,-1
34247.276,4,218419,14,179200,-1
34247.276,4,222987,500,179200,-1
34247.276,4,225397,886,179200,-1
34247.319,1,226285,500,179100,1
34247.354,2,226285,500,179100,1
34247.369,2,220661,1250,178640,1
34247.374,2,220665,1250,180000,-1
34247.406,1,226366,1250,178720,1
34247.409,1,226371,1250,180080,-1
34248.167,2,207746,1200,179800,-1
34248.174,1,227031,800,179500,-1
34248.52,2,222768,500,179490,-1
34248.653,1,227436,500,179490,-1
34248.71,2,223006,800,178610,1
34248.803,1,227544,700,179100,-1
34248.851,1,227584,800,178610,1
34249.164,4,227544,100,179100,-1
34249.261,2,223532,800,179690,-1
34249.398,1,227995,800,179690,-1
34250.406,5,227061,200,178930,1
34250.589,1,228885,10000,178000,1
34251.011,1,229204,1000,179000,-1
34252.133,2,220288,1000,178500,1
34252.172,2,61812,200,181000,-1
34252.281,1,230032,500,178700,1
34252.516,2,226366,1250,178720,1
34252.518,2,227436,500,179490,-1
34252.519,2,226371,1250,180080,-1
34252.552,1,230218,1250,178800,1
34252.555,1,230221,1250,180160,-1
34252.577,1,230243,200,180300,-1
34252.634,4,229204,100,179000,-1
34252.637,4,229204,900,179000,-1
34253.42,2,230218,1250,178800,1
34253.42,2,230221,1250,180160,-1
34253.451,1,230989,1250,178720,1
34253.453,1,230992,1250,180080,-1
34253.476,2,230992,1250,180080,-1
34253.514,1,231049,1250,180160,-1
34253.684,1,231206,500,179490,-1
34253.85,2,227584,800,178610,1
34253.997,1,231455,800,178610,1
34254.171,2,231049,1250,180160,-1
34254.205,1,231636,1250,180080,-1
34254.316,5,226520,200,178920,1
34254.401,2,227995,800,179690,-1
34254.539,1,231843,800,179690,-1
34254.784,2,89772,4400,176500,1
34255.061,2,230989,1250,178720,1
34255.063,2,231636,1250,180080,-1
34255.092,1,232292,1250,178800,1
34255.095,1,232295,1250,180160,-1
34255.099,2,231206,500,179490,-1
34255.155,1,232350,400,178800,1
34255.214,2,232292,1250,178800,1
34255.216,2,232295,1250,180160,-1
34255.252,1,232439,1250,178720,1
34255.255,1,232442,1250,180080,-1
34256.202,2,231455,800,178610,1
34256.205,2,231843,800,179690,-1
34256.306,1,233230,800,178710,1
34256.567,1,233415,210,179300,-1
34256.606,1,233459,150,179000,-1
34256.742,2,232439,1250,178720,1
34256.773,1,233603,1250,178640,1
34256.85,1,233650,800,179590,-1
34256.957,1,233715,1500,178900,1
34256.978,4,233459,150,179000,-1
34257.165,1,233867,2000,179400,-1
34257.267,2,232442,1250,180080,-1
34257.294,1,233942,500,179490,-1
34257.303,1,233950,1250,180000,-1
34257.351,2,233942,500,179490,-1
34257.556,4,150623,100,178900,1
34257.568,4,150623,100,178900,1
34257.738,4,233715,100,178900,1
34257.905,4,233715,100,178900,1
34258.058,1,234588,500,179390,-1
34258.07,2,233230,800,178710,1
34258.072,2,233650,800,179590,-1
34258.165,1,234668,800,178610,1
34258.699,4,233715,1000,178900,1
34258.706,1,235092,800,179490,-1
34258.72,4,233715,300,178900,1
34259.941,2,135904,1000,178600,1
34260.01,2,233603,1250,178640,1
34260.013,2,233950,1250,180000,-1
34260.023,2,234588,500,179390,-1
34260.057,1,236107,1250,178720,1
34260.06,1,236111,1250,180080,-1
34262.601,1,238070,100,178800,1
34262.645,1,238108,2000,178900,1
34262.755,4,238108,1700,178900,1
34262.897,1,238313,5000,178900,1
34263.08,4,238108,300,178900,1
34263.08,4,238313,1500,178900,1
34263.171,2,234668,800,178610,1
34263.178,2,207650,1200,178500,1
34263.184,1,238530,1200,178300,1
34263.322,1,238646,800,178610,1
34263.562,2,236107,1250,178720,1
34263.564,2,236111,1250,180080,-1
34263.595,1,238858,1250,178800,1
34263.598,1,238864,1250,180160,-1
34263.71,2,235092,800,179490,-1
34263.776,5,238957,1000,178920,1
34263.776,4,238313,2500,178900,1
34263.789,4,238313,1000,178900,1
34263.789,5,236293,100,178830,1
34263.789,5,238366,1000,178820,1
34263.789,5,236496,50,178810,1
34263.789,4,143234,600,178800,1
34263.828,5,239067,700,178820,1
34263.828,4,143234,300,178800,1
34263.828,4,219235,100,178800,1
34263.828,4,232350,400,178800,1
34263.828,4,238070,100,178800,1
34263.828,4,238858,550,178800,1
34263.867,1,239113,800,179490,-1
34263.879,4,238858,700,178800,1
34263.879,5,232358,2050,178800,1
34263.909,1,239146,400,178800,1
34263.923,4,239146,400,178800,1
34263.923,5,232358,2200,178800,1
34263.955,1,239189,1200,178620,1
34263.96,5,232358,650,178800,1
34264.278,2,238864,1250,180160,-1
34264.315,1,239509,1250,178160,1
34264.318,1,239512,1250,179520,-1
34264.479,2,238646,800,178610,1
34264.482,2,239113,800,179490,-1
34264.747,1,239905,800,178510,1
34264.756,5,239789,50,178800,1
34264.796,5,239789,50,178800,1
34264.796,5,239888,150,178800,1
34264.872,5,239888,50,178800,1
34265.289,1,240270,800,179390,-1
34265.447,1,240393,1000,179090,-1
34265.532,5,237569,100,178720,1
34265.704,1,240588,1000,179400,-1
34265.744,2,240393,1000,179090,-1
34265.792,1,240656,1000,179400,-1
34265.895,1,240739,1000,179400,-1
34266.075,1,240890,1000,179090,-1
34266.748,5,237569,10,178720,1
34267.455,2,240739,1000,179400,-1
34267.533,2,240656,1000,179400,-1
34267.535,2,240588,1000,179400,-1
34267.637,2,156745,2000,178600,1
34269.483,2,159386,2000,179900,-1
34269.487,5,241782,1800,178720,1
34269.544,2,239189,1200,178620,1
34269.615,5,241782,200,178720,1
34269.751,2,239905,800,178510,1
34269.819,1,243680,800,178510,1
34270.201,2,239509,1250,178160,1
34270.203,2,239512,1250,179520,-1
34270.235,1,243967,1250,178080,1
34270.237,1,243968,1250,179440,-1
34270.29,2,240270,800,179390,-1
34270.393,1,244095,800,179390,-1
34270.441,2,243967,1250,178080,1
34270.442,2,243968,1250,179440,-1
34270.481,1,244177,1250,178160,1
34270.484,1,244182,1250,179520,-1
34271.335,1,244894,200,178800,-1
34271.396,4,244894,100,178800,-1
34271.46,4,244894,100,178800,-1
34271.954,1,245396,600,178620,1
34272.004,1,245434,500,178700,1
34272.354,2,244177,1250,178160,1
34272.356,2,244182,1250,179520,-1
34272.387,1,245741,1250,178240,1
34272.391,1,245745,1250,179600,-1
34272.973,2,230032,500,178700,1
34273.274,2,240890,1000,179090,-1
34273.342,2,238530,1200,178300,1
34273.384,1,246555,800,178800,1
34273.658,1,246797,1530,179000,-1
34273.678,1,246811,100,178710,1
34273.703,5,246586,800,178840,1
34273.764,1,246874,1000,178900,-1
34274.196,4,246874,76,178900,-1
34274.278,1,247263,500,179800,-1
34274.821,2,243680,800,178510,1
34274.841,4,246555,200,178800,1
34274.881,1,247695,800,178510,1
34275.021,2,245396,600,178620,1
34275.028,1,247769,1000,178800,1
34275.361,4,246874,924,178900,-1
34275.391,2,244095,800,179390,-1
34275.496,5,248001,700,178980,-1
34275.496,4,246797,300,179000,-1
34275.577,1,248138,800,179390,-1
34275.702,1,248225,100,178890,-1
34275.744,4,248225,100,178890,-1
34275.918,1,248390,100,178900,1
34275.954,1,248419,200,178720,1
34276.06,5,248463,700,178910,1
34276.06,4,248390,100,178900,1
34276.317,4,246797,1230,179000,-1
34276.532,1,248830,500,179800,-1
34276.57,2,245741,1250,178240,1
34276.572,2,245745,1250,179600,-1
34276.606,1,248898,1250,178320,1
34276.609,1,248900,1250,179680,-1
34276.681,2,247695,800,178510,1
34276.686,2,248138,800,179390,-1
34276.705,1,248982,1000,180000,-1
34276.794,1,249053,800,178610,1
34276.966,2,249053,800,178610,1
34277.043,2,248419,200,178720,1
34277.556,1,249580,800,178910,1
34277.558,1,249583,800,178610,1
34277.805,4,249580,800,178910,1
34277.805,5,249643,100,178900,1
34277.805,5,249701,400,178900,1
34277.805,5,249130,700,178860,1
34277.805,5,249170,1200,178830,1
34277.805,4,246555,600,178800,1
34277.805,4,247769,91,178800,1
34277.879,1,249819,1000,179000,1
34278.009,2,227031,800,179500,-1
34278.117,1,249999,800,179490,-1
34278.614,4,249819,300,179000,1
34279.711,4,249819,700,179000,1
34279.711,5,251084,300,179000,1
34279.813,1,251330,1000,179000,1
34279.932,5,249476,96,179090,-1
34280.245,4,251330,700,179000,1
34280.472,2,214967,1000,179300,-1
34280.579,2,248830,500,179800,-1
34280.589,5,249476,400,179090,-1
34280.658,2,247263,500,179800,-1
34280.912,2,249583,800,178610,1
34280.915,2,249999,800,179490,-1
34281.007,1,252319,800,178710,1
34281.021,1,252334,100,179090,-1
34281.249,2,245434,500,178700,1
34281.441,1,252646,300,178800,1
34281.571,1,252755,800,179590,-1
34281.867,4,251330,300,179000,1
34282.154,1,253243,300,178710,1
34282.232,2,246811,100,178710,1
34282.237,2,220369,100,179290,-1
34282.837,5,253002,800,179070,-1
34282.843,2,253243,300,178710,1
34282.946,1,253948,300,178610,1
34283.065,2,253948,300,178610,1
34283.151,2,106086,60,177000,1
34283.16,1,254116,60,177500,1
34283.436,2,248898,1250,178320,1
34283.438,2,248900,1250,179680,-1
34283.442,2,247769,909,178800,1
34283.455,1,254357,300,178610,1
34283.48,1,254376,1250,178240,1
34283.486,1,254383,1250,179600,-1
34283.603,1,254495,300,178900,1
34283.77,5,254363,400,179010,1
34283.99,5,254363,96,179010,1
34283.99,4,254495,300,178900,1
34284.023,1,254859,100,178900,-1
34284.052,2,254859,100,178900,-1
34284.295,2,47958,500,178100,1
34284.298,2,86077,500,177100,1
34284.367,2,254357,300,178610,1
34284.473,1,255200,300,178510,1
34284.714,2,252319,800,178710,1
34284.716,2,252755,800,179590,-1
34284.803,1,255455,800,178610,1
34285.06,2,255200,300,178510,1
34285.09,1,255667,100,179000,-1
34285.368,1,255897,800,179490,-1
34285.457,1,255978,100,179000,-1
34285.668,4,252646,300,178800,1
34285.775,1,256236,300,178410,1
34285.979,2,255667,100,179000,-1
34285.987,1,256413,100,178900,-1
34286.011,2,252334,100,179090,-1
34286.15,1,256528,100,179000,-1
34287.455,1,257414,200,161800,1
34287.863,1,257684,5000,178800,-1
34288.099,2,255455,800,178610,1
34288.103,2,255897,800,179490,-1
34288.179,1,257892,800,178510,1
34288.29,2,254376,1250,178240,1
34288.291,2,254383,1250,179600,-1
34288.339,1,258009,1250,178320,1
34288.342,1,258012,1250,179680,-1
34288.725,1,258313,800,179390,-1
34289.814,1,259138,100,178800,-1
34290.525,2,259138,100,178800,-1
34290.631,1,259798,1000,178900,-1
34290.879,1,260026,1100,179500,-1
34291.063,5,258795,100,178780,-1
34291.227,2,111733,6000,179700,-1
34291.263,5,258795,100,178780,-1
34291.3,2,257684,5000,178800,-1
34291.438,5,258795,100,178780,-1
34291.48,5,259786,400,178800,-1
34291.554,1,260518,5000,178800,-1
34291.61,4,260518,100,178800,-1
34291.724,2,258009,1250,178320,1
34291.726,2,258012,1250,179680,-1
34291.769,1,260682,1250,178240,1
34291.772,1,260689,1250,179600,-1
34291.823,2,256236,300,178410,1
34292.03,5,260818,700,178780,-1
34292.03,5,260765,300,178790,-1
34292.038,5,260765,100,178790,-1
34292.038,4,260518,900,178800,-1
34292.043,2,256528,100,179000,-1
34292.74,4,260518,1000,178800,-1
34293.092,4,260518,2000,178800,-1
34293.134,4,260518,1000,178800,-1
34293.181,2,257892,800,178510,1
34293.335,1,262045,800,178510,1
34293.386,1,262080,3000,178800,1
34293.417,2,260682,1250,178240,1
34293.419,2,260689,1250,179600,-1
34293.453,1,262147,1250,178160,1
34293.455,1,262151,1250,179520,-1
34293.654,1,262291,2500,178810,1
34293.721,2,258313,800,179390,-1
34293.885,1,262447,800,179390,-1
34293.944,1,262497,3000,178800,1
34293.98,1,262529,100,178800,1
34294.188,1,262679,100,179500,-1
34294.338,1,262759,1000,178500,1
34294.743,2,262147,1250,178160,1
34294.745,2,262151,1250,179520,-1
34294.779,1,263151,1250,178240,1
34294.781,1,263155,1250,179600,-1
34295.075,1,263383,200,178900,-1
34295.296,2,262080,3000,178800,1
34295.546,1,263652,100,178890,-1
34296.067,2,262291,2500,178810,1
34296.22,5,263217,2500,178830,1
34296.231,5,263217,500,178830,1
34296.231,4,262497,2600,178800,1
34296.659,1,264329,2000,180300,-1
34297.302,2,263652,100,178890,-1
34297.752,1,265006,3000,178700,1
34298.341,2,262045,800,178510,1
34298.398,1,265335,800,178510,1
34298.768,1,265587,100,178810,1
34298.891,2,262447,800,179390,-1
34299.016,2,255978,100,179000,-1
34299.073,1,265785,800,179390,-1
34299.977,2,265335,800,178510,1
34299.98,2,265785,800,179390,-1
34300.086,1,266618,800,178410,1
34300.191,4,265587,100,178810,1
34300.191,4,262497,400,178800,1
34300.191,4,262529,100,178800,1
34300.227,2,178788,100,175000,1
34300.235,1,266731,100,174800,1
34300.609,1,266995,100,178890,-1
34300.611,2,263151,1250,178240,1
34300.638,1,267023,800,179290,-1
34300.644,1,267034,1250,178160,1
34300.84,2,263155,1250,179600,-1
34300.872,1,267221,1250,179520,-1
34301.049,5,267051,500,178850,-1
34301.093,5,265418,1200,178880,-1
34301.152,2,256413,100,178900,-1
34301.63,5,267711,1600,178800,-1
34301.872,5,265418,10,178880,-1
34301.872,4,266995,100,178890,-1
34301.872,5,265069,1290,178890,-1
34301.963,2,267034,1250,178160,1
34301.964,2,267221,1250,179520,-1
34301.998,1,268077,1250,178240,1
34302.022,1,268093,1250,179600,-1
34302.075,5,268008,190,178780,-1
34302.468,5,268008,10,178780,-1
34303.252,5,268008,1600,178780,-1
34303.274,5,268008,600,178780,-1
34303.516,2,268077,1250,178240,1
34303.518,2,268093,1250,179600,-1
34303.564,1,269269,1250,178320,1
34303.571,1,269278,1250,179680,-1
34303.787,4,259798,1000,178900,-1
34303.787,4,263383,200,178900,-1
34303.842,1,269523,1000,179090,-1
34304.139,1,269754,400,179000,-1
34304.741,2,269523,1000,179090,-1
34304.871,5,270220,400,178800,1
34304.871,5,269539,1300,178740,1
34304.871,5,266715,600,178720,1
34305.093,2,266618,800,178410,1
34305.184,1,270601,800,178410,1
34305.368,2,260026,1100,179500,-1
34305.378,2,269269,1250,178320,1
34305.38,2,269278,1250,179680,-1
34305.413,1,270748,1250,178240,1
34305.414,1,270750,1250,179600,-1
34305.465,2,270601,800,178410,1
34305.468,2,267023,800,179290,-1
34305.612,1,270920,300,178310,1
34305.719,2,270920,300,178310,1
34305.93,1,271197,100,179400,-1
34305.976,1,271247,800,178510,1
34306.001,2,270750,1250,179600,-1
34306.035,1,271299,1250,179680,-1
34306.17,2,271299,1250,179680,-1
34306.203,1,271455,1250,179600,-1
34306.537,1,271715,800,179390,-1
34306.794,2,270748,1250,178240,1
34306.798,2,271455,1250,179600,-1
34306.828,1,271980,1250,178320,1
34306.831,1,271987,1250,179680,-1
34307.102,1,272189,1200,178900,-1
34308.153,4,272189,700,178900,-1
34308.258,1,273104,100,178810,1
34308.778,4,272189,200,178900,-1
34308.867,2,271247,800,178510,1
34308.869,2,271715,800,179390,-1
34308.977,1,273671,800,178410,1
34309.523,1,274114,800,179290,-1
34310.746,4,272189,300,178900,-1
34311.221,2,271980,1250,178320,1
34311.224,2,271987,1250,179680,-1
34311.264,1,275659,1250,178240,1
34311.267,1,275662,1250,179600,-1
34311.838,1,276181,100,178990,-1
34312.041,1,276350,150,179000,-1
34312.132,1,276422,2000,178700,1
34312.285,1,276546,1100,179600,-1
34312.421,4,276181,100,178990,-1
34312.611,2,27762,1000,176300,1
34312.634,5,275343,500,178990,-1
34312.634,4,269754,400,179000,-1
34312.634,4,276350,100,179000,-1
34312.929,2,223979,100,180000,-1
34312.937,1,277110,100,179000,-1
34313.053,2,273104,100,178810,1
34313.086,1,277213,1200,178400,1
34313.103,1,277227,1000,178710,1
34313.116,2,277110,100,179000,-1
34313.897,2,277227,1000,178710,1
34313.982,2,273671,800,178410,1
34314.069,1,277980,800,178410,1
34314.103,1,278010,300,178310,1
34314.523,2,274114,800,179290,-1
34314.636,1,278454,800,179290,-1
34314.879,2,275659,1250,178240,1
34314.88,2,275662,1250,179600,-1
34314.915,1,278672,1250,178320,1
34314.917,2,27822,1000,176000,1
34314.917,1,278677,1250,179680,-1
34315.443,1,279055,1000,178710,1
34315.667,2,279055,1000,178710,1
34317.067,2,276350,50,179000,-1
34317.243,1,280436,500,179390,-1
34317.729,1,280804,2500,179000,1
34317.787,4,280804,2500,179000,1
34318.195,2,134582,5000,179800,-1
34318.701,1,281516,500,179600,-1
34318.711,1,281527,1000,178710,1
34318.741,1,281546,2000,179000,-1
34318.83,4,281546,1000,179000,-1
34319.073,2,277980,800,178410,1
34319.178,1,281909,800,178410,1
34319.462,1,282133,100,179300,-1
34319.632,2,278454,800,179290,-1
34319.74,1,282330,800,179290,-1
34321.007,2,192300,100,178500,1
34321.146,2,281527,1000,178710,1
34321.757,2,281909,800,178410,1
34321.76,2,282330,800,179290,-1
34321.866,1,283769,800,178510,1
34322.242,2,280436,500,179390,-1
34322.413,1,284139,800,179390,-1
34322.504,5,283334,300,178950,-1
34322.504,4,281546,673,179000,-1
34323.369,1,284911,500,178810,1
34323.499,1,284993,500,180900,-1
34323.533,2,220935,2100,179500,-1
34323.645,1,285100,2000,179000,-1
34323.947,1,285343,2100,179200,-1
34324.102,2,278010,300,178310,1
34324.938,1,286045,50,179000,-1
34325.415,1,286464,2500,188400,-1
34325.693,1,286670,5000,179400,-1
34326.818,2,278677,1250,179680,-1
34326.849,1,287603,1250,179760,-1
34326.862,2,283769,800,178510,1
34326.938,2,278672,1250,178320,1
34326.962,1,287690,800,178510,1
34326.97,1,287697,1250,178400,1
34327.21,2,284911,500,178810,1
34327.412,2,284139,800,179390,-1
34327.432,1,288163,500,178910,1
34327.506,1,288225,800,179390,-1
34328.003,1,288663,900,178800,1
34328.189,2,277213,1200,178400,1
34328.232,1,288828,900,178700,1
34328.308,2,287690,800,178510,1
34328.317,2,288225,800,179390,-1
34328.521,1,289100,800,178610,1
34328.749,1,289312,300,180000,-1
34329.068,1,289544,800,179490,-1
34329.137,5,287546,1100,178980,-1
34329.137,4,281546,327,179000,-1
34329.137,4,285100,273,179000,-1
34329.293,4,285100,500,179000,-1
34329.395,2,287697,1250,178400,1
34329.398,2,287603,1250,179760,-1
34329.431,1,289822,1250,178480,1
34329.432,1,289826,1250,179840,-1
34329.541,4,285100,328,179000,-1
34329.757,4,285100,335,179000,-1
34330.137,2,286045,50,179000,-1
34330.182,1,290535,2000,178900,1
34330.409,1,290691,50,179000,-1
34330.546,1,290803,50,170000,1
34330.589,2,225397,114,179200,-1
34330.775,4,285100,200,179000,-1
34330.795,4,285100,200,179000,-1
34330.798,1,291024,114,179200,-1
34330.812,4,285100,164,179000,-1
34330.812,4,290691,50,179000,-1
34330.812,1,291037,86,179000,1
34331.096,1,291314,1000,179000,1
34331.108,1,291334,100,179000,1
34331.367,1,291593,100,179000,1
34331.585,1,291823,100,179000,1
34331.785,1,292042,100,179000,1
34332.039,1,292274,100,178700,1
34332.057,1,292291,5000,178900,1
34332.106,2,276546,1100,179600,-1
34332.147,2,288828,900,178700,1
34332.189,1,292399,800,179000,1
34332.433,2,288163,500,178910,1
34332.572,1,292742,500,178910,1
34332.705,4,227544,600,179100,-1
34333.123,1,293258,500,179490,-1
34333.181,1,293313,2500,179010,1
34333.201,1,293336,500,178820,1
34333.522,2,289100,800,178610,1
34333.651,1,293781,800,178610,1
34333.755,1,293896,500,179480,-1
34333.97,2,281516,500,179600,-1
34334.073,2,289544,800,179490,-1
34334.132,2,292291,5000,178900,1
34334.142,2,289822,1250,178480,1
34334.152,2,289826,1250,179840,-1
34334.175,1,294323,1250,178400,1
34334.2,1,294349,1250,179760,-1
34334.275,2,262679,100,179500,-1
34334.308,1,294462,800,179490,-1
34334.799,2,294323,1250,178400,1
34334.801,2,294349,1250,179760,-1
34334.842,1,295056,1250,178480,1
34334.845,1,295058,1250,179840,-1
34334.932,5,293339,200,179030,1
34334.932,4,293313,2300,179010,1
34334.949,2,295056,1250,178480,1
34334.981,1,295186,1250,178400,1
34335.012,2,295058,1250,179840,-1
34335.047,1,295238,1250,179760,-1
34335.054,2,295238,1250,179760,-1
34335.085,1,295272,1250,179840,-1
34335.251,2,295272,1250,179840,-1
34335.283,1,295454,1250,179760,-1
34335.335,5,295448,1000,179110,1
34335.352,5,295448,1200,179110,1
34335.352,4,293313,200,179010,1
34335.352,5,292989,1100,179010,1
34335.356,1,295527,2500,179110,1
34335.37,4,295527,2500,179110,1
34335.37,5,292989,600,179010,1
34335.762,2,295186,1250,178400,1
34335.763,2,295454,1250,179760,-1
34335.801,1,295958,1250,178480,1
34335.803,1,295959,1250,179840,-1
34335.889,1,296048,100,179500,-1
34336.899,1,297028,1000,179200,-1
34337.039,2,292042,100,179000,1
34337.04,2,291823,100,179000,1
34337.042,2,291593,100,179000,1
34337.043,2,291334,100,179000,1
34337.573,2,292742,500,178910,1
34337.712,1,297843,500,178910,1
34338.123,2,293258,500,179490,-1
34338.151,2,271197,100,179400,-1
34338.239,1,298305,2500,179180,-1
34338.653,2,293781,800,178610,1
34338.744,1,298772,800,178610,1
34338.837,5,298381,1000,179140,-1
34338.944,2,297843,500,178910,1
34339.154,1,299148,500,179010,1
34339.313,2,294462,800,179490,-1
34339.375,2,293336,500,178820,1
34339.377,2,293896,500,179480,-1
34339.476,1,299464,500,178920,1
34339.525,1,299503,800,179490,-1
34339.554,2,297028,1000,179200,-1
34340.023,1,299924,500,179580,-1
34340.688,2,299148,500,179010,1
34340.887,2,298772,800,178610,1
34340.888,2,299503,800,179490,-1
34340.914,1,300716,500,178910,1
34340.993,1,300803,800,178710,1
34341.127,2,276422,2000,178700,1
34341.554,1,301291,800,179590,-1
34341.674,2,299464,500,178920,1
34341.679,2,299924,500,179580,-1
34341.775,1,301506,500,179480,-1
34341.852,1,301581,2100,180400,-1
34341.854,1,301582,2000,178800,1
34341.914,5,300654,400,179120,-1
34341.928,4,298305,2500,179180,-1
34341.928,5,299815,300,179180,-1
34341.928,5,297616,200,179190,-1
34341.928,5,298324,1000,179190,-1
34341.928,4,225588,2000,179200,-1
34341.928,4,285343,2100,179200,-1
34341.928,4,291024,114,179200,-1
34342.02,1,301727,2000,179300,-1
34342.211,2,301506,500,179480,-1
34342.229,1,301897,500,179490,-1
34342.32,1,301974,500,179580,-1
34342.371,1,302020,400,179200,1
34342.604,4,302020,400,179200,1
34342.604,5,301645,400,179200,1
34342.869,1,302562,500,178920,1
34342.88,1,302579,400,179200,1
34342.938,4,302579,400,179200,1
34342.938,5,301645,600,179200,1
34343.309,1,302966,400,179200,1
34343.346,4,302966,400,179200,1
34343.346,5,301645,600,179200,1
34343.456,5,301645,400,179200,1
34343.719,1,303376,5000,178800,1
34343.797,1,303447,400,179200,1
34343.83,4,303447,400,179200,1
34343.83,5,301645,600,179200,1
34344.162,1,303766,3500,179800,-1
34344.243,1,303818,400,179200,1
34344.302,4,303818,400,179200,1
34344.302,5,301645,600,179200,1
34344.696,1,304210,400,179200,1
34344.759,4,304210,400,179200,1
34344.759,5,301645,600,179200,1
34345.121,1,304565,186,179200,1
34345.162,4,304565,186,179200,1
34345.57,1,304962,2500,179110,1
34345.646,1,305045,100,179190,-1
34345.685,4,305045,100,179190,-1
34345.913,2,300716,500,178910,1
34345.993,2,300803,800,178710,1
34346.012,5,305062,100,179150,1
34346.058,1,305434,500,178910,1
34346.094,1,305469,800,178710,1
34346.279,5,305222,300,179240,-1
34346.553,2,301291,800,179590,-1
34346.635,1,306006,800,179590,-1
34347.233,2,301897,500,179490,-1
34347.334,2,292399,800,179000,1
34347.369,1,306705,500,179490,-1
34347.656,1,307010,1000,179200,-1
34347.769,2,282133,100,179300,-1
34347.826,2,138221,200,178500,1
34348.345,1,307601,200,179000,1
34348.582,2,307010,1000,179200,-1
34348.701,2,305434,500,178910,1
34348.704,2,306705,500,179490,-1
34348.814,1,308007,500,179010,1
34349.066,1,308233,100,179290,-1
34349.093,2,295958,1250,178480,1
34349.096,2,295959,1250,179840,-1
34349.141,1,308329,1250,178560,1
34349.144,1,308334,1250,179920,-1
34349.159,2,301582,2000,178800,1
34349.162,1,308357,2000,178700,1
34349.395,2,308329,1250,178560,1
34349.412,2,302562,500,178920,1
34349.415,2,301974,500,179580,-1
34349.429,1,308648,1250,178480,1
34349.469,2,308007,500,179010,1
34349.506,2,308334,1250,179920,-1
34349.538,1,308780,500,178920,1
34349.582,1,308830,500,179010,1
34349.587,1,308837,1250,179840,-1
34349.606,5,308716,700,179270,-1
34349.844,2,308830,500,179010,1
34349.983,2,304962,2500,179110,1
34350.03,1,309249,1000,179010,1
34350.055,1,309275,500,179580,-1
34350.117,1,309339,500,179490,-1
34350.231,1,309442,1500,179800,-1
34350.433,2,305469,800,178710,1
34350.435,2,306006,800,179590,-1
34350.536,1,309698,800,178710,1
34350.664,1,309837,500,178910,1
34350.686,2,309698,800,178710,1
34350.779,1,309951,86,179200,1
34350.827,4,309951,14,179200,1
34351.085,1,310189,800,179490,-1
34351.111,1,310217,100,179700,-1
34351.354,1,310431,10000,178900,1
34351.593,2,309249,1000,179010,1
34351.653,1,310730,800,178610,1
34352.728,2,303376,5000,178800,1
34352.904,2,291037,86,179000,1
34353.854,1,312777,2000,179210,1
34353.975,1,312877,82,179280,-1
34353.994,1,312896,440,179500,-1
34354.231,2,310730,800,178610,1
34354.231,4,312777,2000,179210,1
34354.241,2,310189,800,179490,-1
34354.331,2,309837,500,178910,1
34354.334,2,309339,500,179490,-1
34354.337,1,313217,800,178710,1
34354.432,1,313301,500,179010,1
34354.748,1,313581,1000,179300,-1
34354.799,2,313217,800,178710,1
34354.886,1,313724,800,179490,-1
34354.92,2,70913,200,177100,1
34355.348,1,314152,200,178100,1
34355.421,2,313301,500,179010,1
34355.429,1,314219,800,178610,1
34355.5,2,314219,800,178610,1
34355.502,2,313724,800,179490,-1
34355.513,1,314292,1000,178900,1
34355.524,1,314299,500,178910,1
34355.767,2,308648,1250,178480,1
34355.769,2,314299,500,178910,1
34355.769,2,308837,1250,179840,-1
34355.801,1,314570,1250,178560,1
34355.804,1,314572,1250,179920,-1
34355.889,4,309951,72,179200,1
34355.889,1,314657,28,179200,-1
34355.982,1,314733,800,179590,-1
34356.024,2,301581,2100,180400,-1
34356.044,1,314799,1400,180200,-1
34356.072,1,314831,500,179010,1
34356.231,2,308233,100,179290,-1
34356.336,2,314570,1250,178560,1
34356.338,2,314572,1250,179920,-1
34356.369,1,315086,1250,178480,1
34356.372,1,315090,1250,179840,-1
34356.49,4,314657,28,179200,-1
34356.527,1,315241,800,178710,1
34356.531,5,312183,20,179240,-1
34356.619,2,314831,500,179010,1
34356.721,5,309142,72,179250,-1
34356.946,1,315653,500,179490,-1
34357.492,1,316166,500,178910,1
34357.685,5,315788,100,179240,-1
34357.685,5,315851,100,179260,-1
34357.685,4,312877,82,179280,-1
34357.685,5,313787,118,179280,-1
34357.843,2,315086,1250,178480,1
34357.845,2,315090,1250,179840,-1
34357.876,1,316530,1250,178400,1
34357.878,1,316534,1250,179760,-1
34357.949,2,290535,2000,178900,1
34357.97,2,308780,500,178920,1
34357.975,2,309275,500,179580,-1
34357.982,1,316641,500,179480,-1
34358.288,1,316980,82,179200,-1
34358.418,2,316166,500,178910,1
34358.421,2,315653,500,179490,-1
34358.497,1,317197,500,178820,1
34358.54,1,317241,500,179390,-1
34358.666,1,317377,1200,180000,-1
34359.089,1,317818,500,178810,1
34359.563,4,316980,82,179200,-1
34359.563,5,317610,400,179240,-1
34359.563,5,316386,100,179260,-1
34359.563,5,317154,1328,179260,-1
34359.563,5,316654,300,179270,-1
34359.563,5,318266,990,179270,-1
34360.596,5,318285,800,179280,-1
34360.596,5,316457,100,179290,-1
34360.596,5,318287,400,179290,-1
34360.596,4,233415,210,179300,-1
34360.596,4,301727,2000,179300,-1
34360.596,4,313581,1000,179300,-1
34360.596,5,318295,2000,179300,-1
34360.984,2,314733,800,179590,-1
34361.071,1,319711,800,179590,-1
34361.124,1,319778,82,179200,1
34361.318,1,319958,300,179000,1
34361.524,2,315241,800,178710,1
34361.571,2,317197,500,178820,1
34361.574,2,316641,500,179480,-1
34361.613,2,319711,800,179590,-1
34361.675,1,320264,800,178610,1
34361.683,1,320269,500,179580,-1
34361.721,1,320305,1200,179480,-1
34362.063,2,317818,500,178810,1
34362.067,2,317241,500,179390,-1
34362.164,2,316530,1250,178400,1
34362.166,2,316534,1250,179760,-1
34362.199,1,320767,1250,178480,1
34362.201,1,320771,1250,179840,-1
34362.229,1,320800,500,178920,1
34362.245,1,320819,800,179490,-1
34362.272,2,292274,100,178700,1
34362.275,1,320845,500,178910,1
34362.51,1,321061,1000,179100,1
34362.827,2,320767,1250,178480,1
34362.831,2,320771,1250,179840,-1
34362.853,1,321440,500,179490,-1
34362.86,1,321448,1250,178400,1
34362.872,1,321458,1250,179760,-1
34362.902,2,320845,500,178910,1
34362.908,2,28138,200,186000,-1
34362.921,2,321440,500,179490,-1
34363.045,2,320264,800,178610,1
34363.049,2,320819,800,179490,-1
34363.155,1,321750,800,178710,1
34363.351,1,321950,200,179500,-1
34363.368,1,321964,500,179390,-1
34363.522,2,288663,900,178800,1
34363.709,1,322334,800,179590,-1
34364.36,2,321964,500,179390,-1
34364.7,1,323315,500,178910,1
34364.941,2,233867,2000,179400,-1
34364.979,2,321448,1250,178400,1
34364.981,2,321458,1250,179760,-1
34365.011,1,323606,1250,178480,1
34365.013,1,323607,1250,179840,-1
34365.228,1,323819,500,179490,-1
34365.429,1,323980,100,179110,1
34365.444,2,320305,1200,179480,-1
34366.171,2,320800,500,178920,1
34366.176,2,320269,500,179580,-1
34366.276,1,324806,500,179680,-1
34366.451,2,323315,500,178910,1
34366.456,2,323819,500,179490,-1
34366.523,1,325079,150,179300,-1
34366.556,1,325108,500,179010,1
34366.787,2,321061,1000,179100,1
34366.821,1,325373,500,179020,1
34367.102,1,325617,500,179590,-1
34367.109,1,325624,1200,178900,1
34367.208,2,323606,1250,178480,1
34367.21,2,323607,1250,179840,-1
34367.244,1,325751,1250,178560,1
34367.248,1,325754,1250,179920,-1
34367.325,4,325079,150,179300,-1
34367.325,1,325831,850,179300,1
34368.154,2,321750,800,178710,1
34368.364,2,325373,500,179020,1
34368.366,2,324806,500,179680,-1
34368.411,1,326865,800,178710,1
34368.462,1,326916,500,179020,1
34368.61,2,326916,500,179020,1
34368.714,2,322334,800,179590,-1
34368.964,1,327458,800,179590,-1
34368.999,2,317377,1200,180000,-1
34369.008,1,327504,500,179580,-1
34369.186,4,286670,2000,179400,-1
34369.557,1,327961,500,178920,1
34369.561,2,327504,500,179580,-1
34369.618,2,327961,500,178920,1
34370.106,1,328492,500,179680,-1
34370.187,1,328576,90,179100,1
34370.257,4,286670,100,179400,-1
34370.34,4,286670,600,179400,-1
34370.502,1,328882,100,179300,1
34370.648,1,329049,500,179020,1
34370.833,4,286670,82,179400,-1
34370.974,1,329378,100,180000,-1
34371.523,2,326865,800,178710,1
34371.525,2,327458,800,179590,-1
34371.539,2,319778,82,179200,1
34371.554,2,325108,500,179010,1
34371.636,1,330021,800,178810,1
34372.104,2,325617,500,179590,-1
34372.18,1,330562,800,179690,-1
34372.219,1,330600,1200,179580,-1
34372.25,1,330628,500,179590,-1
34372.976,5,330808,1000,179380,-1
34373.026,1,331382,1000,185100,-1
34373.245,5,330808,1000,179380,-1
34373.334,4,286670,2218,179400,-1
34373.336,1,331647,500,179010,1
34373.638,2,329049,500,179020,1
34373.642,2,328492,500,179680,-1
34373.71,1,331990,500,179780,-1
34373.807,1,332085,500,179400,1
34373.824,2,323980,100,179110,1
34374.275,1,332560,500,179120,1
34374.734,2,330600,1200,179580,-1
34374.98,5,331199,1740,179480,-1
34374.991,5,331199,260,179480,-1
34374.991,5,333028,700,179490,-1
34374.991,4,223176,40,179500,-1
34374.993,2,331647,500,179010,1
34374.998,2,330628,500,179590,-1
34375.324,1,333411,500,179110,1
34375.398,4,223176,400,179500,-1
34375.424,4,223176,200,179500,-1
34375.51,1,333551,5000,179410,1
34375.537,1,333572,5000,179000,1
34375.778,4,223176,182,179500,-1
34375.782,4,223176,178,179500,-1
34375.782,4,296048,22,179500,-1
34375.786,4,296048,78,179500,-1
34375.786,4,312896,422,179500,-1
34375.845,4,312896,18,179500,-1
34375.845,4,321950,200,179500,-1
34375.868,1,333898,500,179690,-1
34375.938,1,333952,1200,179680,-1
34376.005,2,325624,1200,178900,1
34376.007,1,334010,800,179200,1
34376.55,1,334462,1500,178700,1
34376.572,1,334490,9000,179400,1
34376.634,2,330021,800,178810,1
34376.761,1,334680,800,178810,1
34377.041,5,333233,210,179570,-1
34377.041,5,334047,700,179590,-1
34377.041,4,150606,790,179600,-1
34377.184,2,330562,800,179690,-1
34377.327,1,335145,800,179690,-1
34377.474,1,335285,100,179500,1
34377.666,2,333551,5000,179410,1
34377.674,5,335324,100,179540,1
34377.689,2,332560,500,179120,1
34377.692,2,331990,500,179780,-1
34377.716,1,335540,100,179400,1
34377.768,1,335599,2500,179500,1
34377.792,1,335622,500,179880,-1
34378.285,5,335324,1000,179540,1
34378.335,1,336067,500,179220,1
34378.549,4,150606,210,179600,-1
34378.549,4,172466,600,179600,-1
34378.549,4,182839,90,179600,-1
34378.554,1,336254,1000,178200,1
34378.622,1,336332,100,179500,1
34378.851,2,332085,500,179400,1
34378.863,1,336533,500,179500,1
34379.148,1,336821,100,179400,1
34379.627,4,182839,10,179600,-1
34379.627,1,337275,90,179600,1
34379.971,2,325751,1250,178560,1
34379.972,2,325754,1250,179920,-1
34380.001,1,337609,1250,178640,1
34380.007,1,337614,1250,180000,-1
34380.205,2,333952,1200,179680,-1
34380.286,2,333411,500,179110,1
34380.289,2,333898,500,179690,-1
34380.314,1,337915,1200,179780,-1
34380.376,1,337984,500,179790,-1
34381.121,4,155847,1000,179690,-1
34381.121,4,335145,800,179690,-1
34381.121,4,131845,400,179700,-1
34381.121,4,310217,100,179700,-1
34381.231,2,334680,800,178810,1
34381.314,1,338973,800,179790,-1
34381.53,2,336067,500,179220,1
34381.532,2,335622,500,179880,-1
34381.635,1,339310,500,179980,-1
34381.879,2,145659,1000,178600,1
34381.886,1,339511,800,179110,1
34382.075,1,339711,400,177200,1
34382.182,1,339812,500,179320,1
34382.418,2,337609,1250,178640,1
34382.421,2,337614,1250,180000,-1
34382.453,1,340035,1250,178720,1
34382.458,1,340042,1250,180080,-1
34383.171,2,336533,500,179500,1
34383.184,1,340808,500,179600,1
34383.228,2,339511,800,179110,1
34383.322,1,340934,800,179210,1
34383.433,2,336332,100,179500,1
34383.712,1,341315,1000,179600,1
34384.217,2,338973,800,179790,-1
34384.303,2,337984,500,179790,-1
34384.32,4,337915,1200,179780,-1
34384.32,5,338314,2000,179780,-1
34384.32,4,87383,200,179800,-1
34384.32,4,303766,3500,179800,-1
34384.32,4,309442,800,179800,-1
34384.322,1,341801,800,179890,-1
34384.356,4,309442,500,179800,-1
34384.522,1,341946,500,179310,1
34384.582,1,341996,1200,179880,-1
34384.877,4,309442,200,179800,-1
34385.073,1,342370,500,179890,-1
34385.307,2,339812,500,179320,1
34385.313,2,339310,500,179980,-1
34385.342,2,230243,200,180300,-1
34385.413,1,342679,500,180080,-1
34385.73,2,335285,100,179500,1
34385.897,2,340035,1250,178720,1
34385.899,2,340042,1250,180080,-1
34385.933,1,343106,1250,178800,1
34385.934,1,343108,1250,180160,-1
34385.97,1,343132,200,179800,-1
34385.975,2,340934,800,179210,1
34385.977,1,343139,500,179420,1
34386.08,4,343132,200,179800,-1
34386.088,1,343215,800,179310,1
34386.815,2,343106,1250,178800,1
34386.817,2,343108,1250,180160,-1
34386.847,1,343873,1250,178720,1
34386.85,1,343875,1250,180080,-1
34386.892,1,343904,1000,177500,1
34386.927,1,343935,100,178100,1
34386.945,2,343873,1250,178720,1
34386.947,2,343875,1250,180080,-1
34386.983,1,344011,1250,178800,1
34386.989,1,344020,1250,180160,-1
34387.051,2,340808,500,179600,1
34387.085,1,344152,500,179800,1
34387.446,2,341801,800,179890,-1
34387.537,1,344550,800,179990,-1
34387.542,2,314799,1400,180200,-1
34387.545,2,344011,1250,178800,1
34387.546,1,344557,2100,180600,-1
34387.548,2,344020,1250,180160,-1
34387.58,1,344600,1250,178720,1
34387.585,1,344607,1250,180080,-1
34387.757,4,341996,1200,179880,-1
34387.781,5,342281,500,179880,-1
34387.781,4,342370,500,179890,-1
34387.851,4,117493,100,179900,-1
34387.851,4,138553,900,179900,-1
34387.871,2,341946,500,179310,1
34387.909,5,344925,400,179880,-1
34387.909,4,138553,100,179900,-1
34387.919,5,344346,300,179840,1
34387.919,4,344152,500,179800,1
34387.919,1,344949,200,179800,-1
34387.976,2,334010,800,179200,1
34388.003,2,148303,300,184200,-1
34388.031,1,345034,300,179510,1
34388.067,1,345063,1100,179500,1
34388.25,4,344949,200,179800,-1
34388.35,1,345290,5000,179810,1
34388.46,5,345361,500,179880,-1
34388.572,1,345483,500,179890,-1
34388.596,2,344600,1250,178720,1
34388.599,2,344607,1250,180080,-1
34388.638,2,345483,500,179890,-1
34388.65,1,345590,1250,178800,1
34388.652,1,345594,1250,180160,-1
34388.868,1,345798,300,184800,-1
34389.119,1,345984,500,179990,-1
34389.558,2,345034,300,179510,1
34389.884,1,346567,500,179610,1
34389.921,2,343139,500,179420,1
34389.923,2,342679,500,180080,-1
34390.024,1,346656,500,180180,-1
34390.484,2,343215,800,179310,1
34390.496,2,345290,5000,179810,1
34390.559,4,172826,300,179900,-1
34390.559,4,181089,700,179900,-1
34390.599,1,347159,800,179410,1
34390.601,1,347161,500,179520,1
34390.851,4,181089,300,179900,-1
34390.851,5,345893,500,179980,-1
34390.851,4,344550,800,179990,-1
34390.851,4,345984,400,179990,-1
34391.475,1,347859,1000,179200,1
34392.191,2,28062,215,174700,1
34392.525,2,347161,500,179520,1
34392.528,2,346656,500,180180,-1
34392.633,1,348800,500,180080,-1
34392.878,1,349004,1000,179900,-1
34392.972,1,349091,1000,179900,-1
34393.029,2,347159,800,179410,1
34393.069,2,348800,500,180080,-1
34393.13,1,349245,800,179510,1
34393.152,2,345590,1250,178800,1
34393.153,2,345594,1250,180160,-1
34393.194,1,349289,1250,178720,1
34393.202,1,349296,500,180080,-1
34393.205,1,349299,1250,180080,-1
34393.449,2,346567,500,179610,1
34393.558,1,349560,800,179510,1
34393.632,4,349004,1000,179900,-1
34393.632,4,349091,300,179900,-1
34393.653,1,349671,100,179800,1
34393.66,2,328882,100,179300,1
34393.758,1,349757,500,179420,1
34393.837,2,335540,100,179400,1
34393.858,2,335599,2500,179500,1
34394.001,5,349649,100,179810,1
34394.125,2,345984,100,179990,-1
34394.164,2,69141,1000,181400,-1
34394.609,5,349649,83,179810,1
34394.862,1,350810,100,179710,1
34395.629,1,351554,100,179890,-1
34395.787,2,349289,1250,178720,1
34395.787,2,349299,1250,180080,-1
34395.824,1,351732,1250,178640,1
34395.827,1,351737,1250,180000,-1
34395.865,2,349757,500,179420,1
34395.871,2,349296,500,180080,-1
34395.875,1,351771,500,179980,-1
34396.186,1,352043,1200,180600,-1
34396.414,1,352195,500,179320,1
34396.44,5,351895,100,179840,-1
34396.802,1,352588,100,179810,1
34397.21,2,349245,800,179510,1
34397.395,1,353191,800,179410,1
34397.712,2,344557,700,180600,-1
34398.003,5,352395,100,179840,-1
34398.003,5,350228,100,179850,-1
34398.003,5,353563,600,179850,-1
34398.051,2,349560,800,179510,1
34398.083,2,349671,100,179800,1
34398.091,5,353563,100,179850,-1
34398.147,4,352588,100,179810,1
34398.148,2,351732,1250,178640,1
34398.18,1,353951,1250,178560,1
34398.224,1,353994,300,180190,-1
34398.258,1,354015,800,179510,1
34398.269,1,354021,1000,179880,-1
34398.305,2,353951,1250,178560,1
34398.341,1,354080,1250,178640,1
34398.404,2,354080,1250,178640,1
34398.408,2,351737,1250,180000,-1
34398.418,2,354015,800,179510,1
34398.473,1,354215,1250,178560,1
34398.48,1,354223,1250,179920,-1
34398.622,5,354224,200,179830,-1
34398.622,5,353884,100,179840,-1
34398.622,5,353563,700,179850,-1
34398.637,2,352195,500,179320,1
34398.64,2,351771,500,179980,-1
34398.743,1,354494,500,179900,-1
34398.81,1,354569,800,179410,1
34398.955,4,350810,100,179710,1
34398.977,2,353191,800,179410,1
34399.097,1,354819,800,179510,1
34399.288,1,354960,500,179220,1
34399.39,2,345063,1100,179500,1
34399.414,1,355032,1200,179200,1
34399.439,2,354569,800,179410,1
34399.757,2,354494,500,179900,-1
34399.789,1,355367,800,179510,1
34399.853,1,355439,1000,179700,1
34400.013,4,355439,1000,179700,1
34400.308,2,354819,800,179510,1
34400.359,2,349091,700,179900,-1
34400.412,1,355888,800,179410,1
34400.733,1,356156,1000,179800,-1
34400.868,2,355888,800,179410,1
34401.218,1,356560,800,179510,1
34401.286,2,356560,800,179510,1
34401.49,2,353994,300,180190,-1
34401.625,2,334490,9000,179400,1
34401.775,2,354215,1250,178560,1
34401.776,2,354223,1250,179920,-1
34401.822,1,357012,1250,178640,1
34401.83,1,357014,1250,180000,-1
34401.882,1,357054,800,179410,1
34401.888,1,357058,300,180090,-1
34401.916,1,357089,500,179880,-1
34401.949,2,357058,300,180090,-1
34402.208,5,356237,600,179760,-1
34402.208,5,356245,800,179760,-1
34402.208,4,356156,1000,179800,-1
34402.208,5,354984,2000,179800,-1
34402.394,2,357012,1250,178640,1
34402.396,2,357014,1250,180000,-1
34402.412,1,357447,300,180090,-1
34402.427,1,357465,1250,178560,1
34402.43,1,357466,1250,179920,-1
34402.854,2,355367,800,179510,1
34402.996,2,357466,1250,179920,-1
34403.029,1,357981,1250,180000,-1
34403.075,1,358021,800,179410,1
34403.153,2,357465,1250,178560,1
34403.177,2,358021,800,179410,1
34403.186,1,358108,1250,178640,1
34403.258,2,357447,300,180090,-1
34403.627,1,358456,800,179510,1
34403.667,1,358508,400,179800,-1
34403.673,2,354960,500,179220,1
34403.676,2,357089,500,179880,-1
34403.776,1,358604,500,179980,-1
34404.319,1,359014,500,179320,1
34404.424,2,358108,1250,178640,1
34404.427,2,357981,1250,180000,-1
34404.459,1,359126,1250,178560,1
34404.46,1,359128,1250,179920,-1
34404.461,2,358456,800,179510,1
34404.47,2,359014,500,179320,1
34404.474,2,358604,500,179980,-1
34404.642,1,359285,800,179410,1
34404.871,1,359478,500,179880,-1
34405.288,2,354021,1000,179880,-1
34405.416,1,359887,500,179220,1
34406.039,1,360398,300,179990,-1
34406.334,2,291314,1000,179000,1
34406.769,2,360398,300,179990,-1
34406.853,2,357054,800,179410,1
34406.96,1,361102,800,179510,1
34407.351,5,360778,300,179740,1
34407.646,2,341315,1000,179600,1
34407.807,1,361765,1000,179700,-1
34408.656,2,352043,1200,180600,-1
34408.7,1,362390,1200,180300,-1
34409.645,2,359285,800,179410,1
34409.792,1,363146,800,179410,1
34410.113,1,363393,1000,180000,-1
34410.757,4,337275,90,179600,1
34411.123,1,364234,100,179600,-1
34411.143,1,364254,300,179890,-1
34411.226,2,359887,500,179220,1
34411.227,2,359478,500,179880,-1
34411.337,1,364377,500,179780,-1
34411.883,1,364798,500,179120,1
34411.965,2,361102,800,179510,1
34412.177,1,364971,800,179510,1
34412.57,2,351554,100,179890,-1
34412.745,4,364234,100,179600,-1
34413.81,2,359126,1250,178560,1
34413.812,2,359128,1250,179920,-1
34413.844,1,366272,1250,178480,1
34413.848,1,366277,1250,179840,-1
34413.863,2,363146,800,179410,1
34413.913,2,364798,500,179120,1
34413.915,2,364377,500,179780,-1
34413.921,1,366343,500,179680,-1
34413.976,1,366402,800,179310,1
34414.128,2,364254,300,179890,-1
34414.148,1,366592,100,179510,1
34414.172,5,366427,1000,179540,1
34414.24,1,366689,800,180090,-1
34414.356,1,366780,300,179790,-1
34414.404,1,366815,1000,179600,-1
34414.447,1,366840,500,179020,1
34414.482,2,364971,800,179510,1
34414.502,4,366592,100,179510,1
34414.692,1,367030,200,178800,1
34414.821,1,367135,100,179410,1
34414.847,2,361765,1000,179700,-1
34415.332,1,367572,1000,179500,-1
34415.484,4,367572,1000,179500,-1
34416.119,2,366815,1000,179600,-1
34416.174,2,366689,800,180090,-1
34416.388,1,368464,800,180090,-1
34416.527,2,368464,800,180090,-1
34416.571,1,368607,1000,179600,-1
34416.835,1,368827,1000,180900,-1
34416.929,1,368896,800,179990,-1
34417.195,1,369114,1100,179500,1
34417.355,2,368607,1000,179600,-1
34417.754,2,366840,500,179020,1
34417.757,2,366343,500,179680,-1
34417.791,2,366272,1250,178480,1
34417.793,2,366277,1250,179840,-1
34417.824,1,369658,1250,178400,1
34417.826,1,369662,1250,179760,-1
34417.853,2,366780,300,179790,-1
34417.877,1,369713,500,179580,-1
34418.415,1,370115,500,178920,1
34418.435,2,366402,800,179310,1
34418.611,1,370267,300,179690,-1
34418.726,2,355032,1200,179200,1
34418.728,1,370388,1200,178900,1
34419.168,2,369713,500,179580,-1
34419.524,1,371184,800,179210,1
34419.65,2,367135,100,179410,1
34419.757,1,371421,100,179310,1
34419.973,1,371588,52,179600,-1
34420.005,1,371614,1000,179600,-1
34420.049,4,369114,1100,179500,1
34420.077,2,371184,800,179210,1
34420.181,1,371754,800,179310,1
34420.605,2,370115,500,178920,1
34421.177,2,371588,52,179600,-1
34421.178,2,371614,1000,179600,-1
34421.251,1,372622,1000,179500,-1
34421.274,1,372629,500,179680,-1
34421.439,1,372726,52,179500,-1
34421.558,1,372833,150,179500,-1
34421.822,1,373062,500,179020,1
34421.935,2,368896,800,179990,-1
34422.075,1,373239,800,179990,-1
34422.388,1,373494,1000,179600,-1
34422.709,1,373818,100,179310,1
34422.796,4,336821,100,179400,1
34423.206,1,374212,1000,179600,-1
34423.464,2,373062,500,179020,1
34423.466,2,372629,500,179680,-1
34423.571,1,374458,500,179580,-1
34423.976,2,372622,1000,179500,-1
34423.978,2,372726,52,179500,-1
34424.116,1,374881,500,178920,1
34424.186,1,374938,1000,179400,-1
34424.295,5,368935,7,179320,1
34424.338,2,371421,100,179310,1
34424.342,2,373239,800,179990,-1
34424.355,1,375065,52,179400,-1
34424.376,2,371754,800,179310,1
34424.414,1,375102,200,179400,-1
34424.518,1,375199,800,179010,1
34424.696,1,375425,500,179210,1
34424.745,1,375481,1000,179500,-1
34424.761,5,369653,200,179320,1
34424.761,4,373818,100,179310,1
34424.761,4,325831,700,179300,1
34425.099,1,375768,800,179890,-1
34425.336,2,374938,1000,179400,-1
34425.338,2,375065,52,179400,-1
34425.338,5,375044,300,179360,-1
34425.338,5,375774,2000,179360,-1
34425.338,4,375102,200,179400,-1
34425.628,1,376098,1000,179400,-1
34425.68,1,376155,500,179590,-1
34426.324,2,369658,1250,178400,1
34426.325,5,376398,100,179350,-1
34426.325,4,376098,1000,179400,-1
34426.327,2,369662,1250,179760,-1
34426.358,1,376607,1250,178320,1
34426.359,1,376610,1250,179680,-1
34426.365,2,374881,500,178920,1
34426.371,2,374458,500,179580,-1
34426.433,1,376664,500,179480,-1
34426.492,2,177943,1000,180600,-1
34426.582,2,370267,300,179690,-1
34426.601,2,372833,150,179500,-1
34426.71,1,376963,150,179400,-1
34426.733,4,376963,150,179400,-1
34426.743,2,375481,1000,179500,-1
34426.788,1,377051,2000,193000,-1
34426.916,5,376812,1000,179440,-1
34426.961,1,377191,500,178820,1
34427.22,2,375425,500,179210,1
34427.296,2,377191,500,178820,1
34427.298,2,376664,500,179480,-1
34427.318,1,377489,500,179110,1
34427.526,1,377643,500,179580,-1
34427.703,2,376155,500,179590,-1
34427.866,1,377949,500,179490,-1
34427.919,1,377992,400,179400,-1
34427.989,1,378080,1000,179300,1
34428.078,1,378181,500,178920,1
34428.4,2,362390,1200,180300,-1
34428.403,1,378434,1200,180000,-1
34428.615,2,375199,800,179010,1
34428.617,2,375768,800,179890,-1
34428.766,1,378714,800,178910,1
34428.979,2,376607,1250,178320,1
34428.98,2,376610,1250,179680,-1
34429.011,1,378896,1250,178240,1
34429.016,1,378899,1250,179600,-1
34429.083,1,378958,300,179590,-1
34429.171,2,133827,2000,177100,1
34429.171,4,377992,400,179400,-1
34429.186,2,358508,400,179800,-1
34429.349,1,379208,800,179790,-1
34429.582,1,379384,2000,178100,1
34429.737,2,378896,1250,178240,1
34429.739,2,378899,1250,179600,-1
34429.771,1,379555,1250,178320,1
34429.773,1,379556,1250,179680,-1
34429.865,2,328576,90,179100,1
34430.01,1,379727,90,179300,1
34430.335,2,379555,1250,178320,1
34430.367,1,380004,1250,178240,1
34430.407,2,378181,500,178920,1
34430.41,2,377643,500,179580,-1
34430.415,1,380042,500,179680,-1
34430.527,2,380004,1250,178240,1
34430.559,1,380143,1250,178320,1
34430.653,2,380042,500,179680,-1
34430.714,2,374212,1000,179600,-1
34430.72,2,378958,300,179590,-1
34430.743,2,308357,2000,178700,1
34430.755,1,380355,300,179690,-1
34430.757,1,380358,2000,178100,1
34430.826,2,377489,500,179110,1
34430.828,2,377949,500,179490,-1
34430.933,1,380525,500,179680,-1
34431.041,1,380625,500,179210,1
34431.104,2,380625,500,179210,1
34431.308,1,380832,300,178910,1
34431.484,1,380948,500,179020,1
34431.591,1,381029,500,179210,1
34431.849,5,379978,500,179330,1
34431.976,5,379978,500,179330,1
34432.03,2,380948,500,179020,1
34432.031,2,380525,500,179680,-1
34432.133,5,379978,500,179330,1
34432.135,1,381456,500,179590,-1
34432.142,1,381462,500,179020,1
34432.355,2,380832,300,178910,1
34432.357,5,381618,500,179350,1
34432.357,2,380355,300,179690,-1
34432.368,2,381462,500,179020,1
34432.425,1,381677,300,179590,-1
34432.446,5,380263,500,179320,1
34432.521,1,381756,300,180900,-1
34432.579,5,381696,500,179350,1
34432.588,2,381029,500,179210,1
34432.597,2,381456,500,179590,-1
34432.686,1,381914,500,178920,1
34432.697,1,381934,500,179110,1
34432.729,5,381696,100,179350,1
34432.729,5,380263,300,179320,1
34432.729,5,378717,100,179310,1
34432.834,1,382051,100,179400,1
34432.855,4,382051,100,179400,1
34432.855,5,378717,1100,179310,1
34432.932,5,378717,500,179310,1
34433.117,1,382296,3200,179400,-1
34433.253,1,382390,500,179580,-1
34433.257,2,381914,500,178920,1
34433.302,4,325831,150,179300,1
34433.302,4,378080,350,179300,1
34433.309,1,382426,1000,179300,1
34433.313,2,382390,500,179580,-1
34433.349,1,382451,500,179590,-1
34433.351,1,382453,200,179400,-1
34433.377,1,382473,1000,179400,-1
34433.416,2,382451,500,179590,-1
34433.461,1,382528,5000,179320,1
34433.48,4,382528,500,179320,1
34433.5,2,380143,1250,178320,1
34433.534,1,382578,1250,178320,1
34433.593,2,381934,500,179110,1
34433.652,4,382528,1700,179320,1
34433.766,2,378714,800,178910,1
34433.804,1,382808,500,178920,1
34433.882,1,382859,800,178910,1
34433.896,1,382869,500,179210,1
34433.942,1,382907,2000,179400,-1
34433.973,4,382528,1000,179320,1
34434.127,2,382453,200,179400,-1
34434.282,4,382528,200,179320,1
34434.312,4,382528,1000,179320,1
34434.313,1,383230,1000,179400,-1
34434.335,2,382528,600,179320,1
34434.338,4,378080,200,179300,1
34434.346,2,379208,800,179790,-1
34434.371,1,383272,500,179580,-1
34434.397,1,383295,200,179400,-1
34434.444,1,383321,500,179590,-1
34434.456,4,378080,450,179300,1
34434.456,4,379727,90,179300,1
34434.456,4,382426,460,179300,1
34434.476,4,382426,400,179300,1
34434.476,4,382426,140,179300,1
34434.476,5,325834,460,179300,1
34434.479,5,325834,40,179300,1
34434.479,1,383348,960,179300,-1
34434.576,1,383418,800,179790,-1
34434.723,1,383566,1000,179300,-1
34434.73,1,383572,1000,179300,-1
34434.932,1,383699,100,179300,-1
34434.954,2,382808,500,178920,1
34434.956,2,383272,500,179580,-1
34435.056,1,383772,500,179480,-1
34435.162,1,383863,1000,179300,-1
34435.199,2,383772,500,179480,-1
34435.225,5,380146,100,179220,1
34435.225,4,382869,500,179210,1
34435.225,4,347859,1000,179200,1
34435.318,1,384003,400,179210,1
34435.346,1,384019,4400,179280,-1
34435.377,1,384036,300,178810,1
34435.565,5,383979,500,179220,1
34435.565,5,384077,100,179220,1
34435.565,4,384003,400,179210,1
34435.599,1,384209,500,178920,1
34435.727,2,383295,200,179400,-1
34435.836,5,384277,500,179220,-1
34435.875,1,384463,1000,179200,-1
34435.884,1,384471,100,179110,1
34435.94,2,384019,4400,179280,-1
34435.944,2,384471,100,179110,1
34436.036,2,384209,500,178920,1
34436.053,1,384615,200,179300,-1
34436.147,1,384687,500,178820,1
34436.209,1,384744,100,179200,-1
34436.209,2,384463,1000,179200,-1
34436.212,2,383566,1000,179300,-1
34436.213,2,383230,1000,179400,-1
34436.213,2,383572,1000,179300,-1
34436.215,2,383348,960,179300,-1
34436.309,1,384836,1000,179200,-1
34436.332,2,383321,500,179590,-1
34436.382,5,384544,500,179140,-1
34436.409,1,384931,100,179200,-1
34436.413,2,384836,1000,179200,-1
34436.429,1,384948,500,179490,-1
34436.466,2,383863,1000,179300,-1
34436.697,1,385214,500,179480,-1
34436.774,2,382473,1000,179400,-1
34436.835,2,370388,1200,178900,1
34436.878,1,385405,1200,178500,1
34436.932,5,385429,93,179120,1
34436.932,5,385409,907,179110,1
34436.958,5,385409,593,179110,1
34436.958,1,385451,407,179100,-1
34437.062,4,385451,407,179100,-1
34437.062,5,385517,100,179140,-1
34437.062,4,384744,100,179200,-1
34437.062,4,384931,100,179200,-1
34437.062,5,385358,293,179200,-1
34437.064,1,385539,1000,179100,-1
34437.07,1,385544,2000,179300,-1
34437.087,2,384615,200,179300,-1
34437.096,1,385565,1000,179100,-1
34437.274,2,382578,1250,178320,1
34437.276,2,379556,1250,179680,-1
34437.31,1,385757,1250,178240,1
34437.314,1,385761,1250,179600,-1
34437.43,1,385850,1000,178600,1
34437.491,1,385888,200,179200,-1
34437.695,1,386113,1000,179200,-1
34437.723,1,386140,100,179100,-1
34437.744,2,385565,1000,179100,-1
34437.746,2,385539,1000,179100,-1
34437.753,5,386141,200,179050,-1
34437.872,4,386140,100,179100,-1
34438.01,2,384036,300,178810,1
34438.082,1,386384,500,178910,1
34438.495,2,383699,100,179300,-1
34438.536,2,382859,800,178910,1
34438.537,2,383418,800,179790,-1
34438.634,1,386754,800,178810,1
34438.657,2,385888,200,179200,-1
34438.757,1,386836,200,179100,-1
34438.893,5,384023,200,179010,1
34438.893,5,386649,500,179010,1
34438.95,2,386113,1000,179200,-1
34439.011,2,385757,1250,178240,1
34439.013,2,385761,1250,179600,-1
34439.047,1,387031,1250,178320,1
34439.05,1,387036,1250,179680,-1
34439.396,1,387304,800,179690,-1
34439.467,1,387370,4400,179080,-1
34439.681,5,387466,700,179010,1
34439.681,5,387539,700,179010,1
34439.681,4,307601,200,179000,1
34439.681,4,319958,300,179000,1
34439.681,4,333572,600,179000,1
34439.696,4,387370,4400,179080,-1
34439.704,4,386836,200,179100,-1
34439.73,2,387031,1250,178320,1
34439.732,2,387036,1250,179680,-1
34439.766,1,387648,1250,178240,1
34439.77,1,387652,1250,179600,-1
34440.182,1,387950,100,179010,1
34441.032,1,388637,900,179300,-1
34441.425,2,384948,500,179490,-1
34441.508,2,384687,500,178820,1
34441.51,2,385214,500,179480,-1
34441.616,1,389079,500,178720,1
34441.678,1,389140,500,179490,-1
34441.892,5,388014,300,179040,1
34442.167,1,389482,500,179380,-1
34442.427,2,381677,300,179590,-1
34442.629,1,389835,300,179590,-1
34443.086,2,386384,500,178910,1
34443.209,1,390212,500,178910,1
34443.636,2,386754,800,178810,1
34443.741,1,390574,800,178810,1
34444.148,2,385544,2000,179300,-1
34444.196,2,382907,2000,179400,-1
34444.236,1,390874,1000,178800,1
34444.396,2,387304,800,179690,-1
34444.516,1,391035,800,179690,-1
34444.592,5,390426,200,179110,1
34444.606,5,390611,700,179110,1
34444.606,5,390596,400,179100,1
34444.647,2,387648,1250,178240,1
34444.65,2,387652,1250,179600,-1
34444.68,1,391176,1250,178320,1
34444.682,1,391178,1250,179680,-1
34444.697,2,389079,500,178720,1
34444.705,2,389482,500,179380,-1
34444.712,1,391211,500,178820,1
34444.753,1,391253,200,179100,-1
34444.934,4,391253,200,179100,-1
34444.972,2,385405,1200,178500,1
34445.018,1,391414,1000,178800,1
34445.201,2,391176,1250,178320,1
34445.235,1,391576,1250,178320,1
34445.246,2,391211,500,178820,1
34445.25,1,391585,500,178720,1
34445.303,2,391576,1250,178320,1
34445.304,2,391178,1250,179680,-1
34445.34,1,391654,1250,178240,1
34445.342,1,391656,1250,179600,-1
34445.6,5,391381,1000,179240,-1
34445.806,1,392050,500,179380,-1
34445.865,1,392107,1000,180200,-1
34445.866,1,392108,300,179700,-1
34446.026,2,391585,500,178720,1
34446.049,2,392050,500,179380,-1
34446.102,5,391925,100,179240,-1
34446.102,5,386354,500,179280,-1
34446.102,5,391683,400,179290,-1
34446.286,2,390212,500,178910,1
34446.294,2,389140,500,179490,-1
34446.397,1,392530,500,179480,-1
34446.508,1,392602,500,179390,-1
34446.568,2,392602,500,179390,-1
34446.736,2,392530,500,179480,-1
34446.77,2,389835,300,179590,-1
34446.871,1,392956,300,179690,-1
34446.954,1,393021,500,179580,-1
34447.052,1,393087,500,178910,1
34447.1,2,391654,1250,178240,1
34447.102,2,391656,1250,179600,-1
34447.137,1,393163,1250,178320,1
34447.14,1,393167,1250,179680,-1
34447.349,5,393270,300,179260,-1
34447.349,5,393083,300,179290,-1
34447.349,5,393084,300,179290,-1
34447.494,1,393448,500,178920,1
34447.525,5,393084,400,179290,-1
34447.525,5,393406,500,179290,-1
34447.603,1,393542,500,179490,-1
34447.842,5,393406,200,179290,-1
34447.857,2,392956,300,179690,-1
34448.092,2,393448,500,178920,1
34448.097,2,393021,500,179580,-1
34448.102,1,393967,500,179020,1
34448.633,1,394351,500,179680,-1
34448.746,2,390574,800,178810,1
34448.882,1,394559,800,178810,1
34449.516,2,391035,800,179690,-1
34449.529,2,394559,800,178810,1
34449.665,1,395080,800,179590,-1
34449.856,1,395259,2000,179500,-1
34450.188,2,393163,1250,178320,1
34450.192,2,393167,1250,179680,-1
34450.224,1,395518,1250,178240,1
34450.229,1,395524,1250,179600,-1
34450.288,1,395599,800,178710,1
34450.457,2,393087,500,178910,1
34450.459,2,393542,500,179490,-1
34450.476,5,394715,200,179290,-1
34450.546,1,395782,1000,179300,-1
34450.793,1,396033,500,179390,-1
34450.807,1,396053,300,178810,1
34450.958,2,395518,1250,178240,1
34450.96,2,395524,1250,179600,-1
34450.991,1,396219,1250,178320,1
34450.993,1,396221,1250,179680,-1
34451.01,2,396033,500,179390,-1
34451.114,5,395793,47,179280,-1
34451.125,5,395793,500,179280,-1
34451.196,5,395793,253,179280,-1
34451.196,5,394715,500,179290,-1
34451.31,4,388637,447,179300,-1
34451.336,1,396478,500,179490,-1
34451.655,2,396053,300,178810,1
34451.707,4,388637,53,179300,-1
34451.797,1,396868,300,178910,1
34451.851,2,387950,100,179010,1
34451.882,1,396959,500,178910,1
34452.084,2,396868,300,178910,1
34452.338,1,397334,300,178810,1
34452.766,4,388637,400,179300,-1
34452.766,4,395782,600,179300,-1
34453.138,1,398040,2000,179300,-1
34453.305,4,395782,400,179300,-1
34453.305,4,398040,600,179300,-1
34453.494,1,398328,100,179210,1
34454.039,1,398762,1000,179300,-1
34454.197,2,396219,1250,178320,1
34454.201,2,396221,1250,179680,-1
34454.23,1,398934,1250,178240,1
34454.235,1,398938,1250,179600,-1
34454.301,2,396959,500,178910,1
34454.303,2,396478,500,179490,-1
34454.36,2,397334,300,178810,1
34454.472,2,181756,1275,178500,1
34454.506,1,399177,500,179390,-1
34454.658,2,393967,500,179020,1
34454.661,2,394351,500,179680,-1
34454.667,2,395080,800,179590,-1
34454.769,1,399417,800,179590,-1
34454.773,1,399419,500,179580,-1
34455.096,1,399660,1275,179000,1
34455.135,4,398040,119,179300,-1
34455.27,4,398040,28,179300,-1
34455.286,2,395599,800,178710,1
34455.32,1,399852,500,178920,1
34455.366,1,399907,300,178710,1
34455.385,1,399926,500,178810,1
34455.426,1,399957,800,178710,1
34455.776,4,398040,35,179300,-1
34456.423,4,398328,100,179210,1
34456.423,5,400643,1100,179160,1
34456.423,5,392339,200,179100,1
34456.423,5,393975,700,179080,1
34456.423,5,393980,200,179080,1
34456.429,5,398974,500,179020,1
34456.429,5,389603,817,179010,1
34456.429,4,333572,4400,179000,1
34456.429,4,399660,1275,179000,1
34456.433,5,400748,800,179000,-1
34456.437,5,400748,400,179000,-1
34456.443,1,400760,2300,179000,-1
34456.45,4,400760,500,179000,-1
34456.483,4,400760,500,179000,-1
34456.532,4,400760,500,179000,-1
34456.974,4,400760,400,179000,-1
34457.014,4,400760,400,179000,-1
34457.014,5,400748,400,179000,-1
34457.021,1,401259,2300,179000,-1
34457.049,2,399907,300,178710,1
34457.051,4,401259,100,179000,-1
34457.069,4,401259,700,179000,-1
34457.119,2,399852,500,178920,1
34457.124,2,399419,500,179580,-1
34457.206,1,401396,1000,179200,-1
34457.213,1,401404,1000,178910,1
34457.228,1,401418,500,178820,1
34457.228,4,401259,500,179000,-1
34457.349,1,401494,1000,179200,-1
34457.349,1,401495,1000,179200,-1
34457.561,4,401259,1000,179000,-1
34457.567,1,401613,2300,179000,-1
34457.773,1,401795,500,179480,-1
34458.017,1,401967,1000,179200,-1
34458.023,1,401973,1000,179200,-1
34458.186,4,401613,500,179000,-1
34458.216,2,398934,1250,178240,1
34458.218,2,398938,1250,179600,-1
34458.25,1,402108,1250,178160,1
34458.251,1,402109,1250,179520,-1
34458.273,2,401418,500,178820,1
34458.275,2,401795,500,179480,-1
34458.351,1,402211,500,178720,1
34458.636,1,402446,1000,179200,-1
34458.656,1,402461,1000,179200,-1
34458.741,5,402249,900,178960,-1
34458.741,4,401613,1100,179000,-1
34458.91,1,402655,500,179380,-1
34458.964,4,401613,700,179000,-1
34458.964,5,400748,1300,179000,-1
34458.973,1,402716,2300,179000,-1
34458.977,4,402716,500,179000,-1
34459.062,2,402108,1250,178160,1
34459.064,2,402109,1250,179520,-1
34459.094,1,402834,1250,178240,1
34459.097,1,402836,1250,179600,-1
34459.125,2,398040,1218,179300,-1
34459.16,4,402716,500,179000,-1
34459.297,5,402932,707,178960,-1
34459.297,4,402716,1300,179000,-1
34459.297,5,400748,993,179000,-1
34459.306,1,402979,2300,179000,-1
34459.322,4,402979,2000,179000,-1
34459.401,1,403065,460,179200,-1
34459.427,2,401404,1000,178910,1
34459.489,4,402979,200,179000,-1
34459.491,4,402979,100,179000,-1
34459.491,5,400748,1900,179000,-1
34459.501,1,403148,2300,179000,-1
34459.502,4,403148,2300,179000,-1
34459.502,5,400748,2700,179000,-1
34459.507,2,399177,500,179390,-1
34459.511,1,403162,2300,179000,-1
34459.755,1,403354,500,179390,-1
34459.766,2,399417,800,179590,-1
34459.849,1,403416,800,179590,-1
34460.071,4,403162,100,179000,-1
34460.323,2,373494,1000,179600,-1
34460.387,2,399926,500,178810,1
34460.391,1,403783,1000,176000,1
34460.41,2,398762,1000,179300,-1
34460.426,2,399957,800,178710,1
34460.504,1,403847,800,178710,1
34460.603,2,403065,460,179200,-1
34460.604,2,402461,1000,179200,-1
34460.606,2,402446,1000,179200,-1
34460.608,2,401973,1000,179200,-1
34460.61,2,401396,1000,179200,-1
34460.61,2,401495,1000,179200,-1
34460.611,2,401967,1000,179200,-1
34460.613,2,401494,1000,179200,-1
34460.633,1,403971,500,178810,1
34460.799,4,403162,100,179000,-1
34460.843,1,404107,1000,179000,-1
34460.872,1,404129,1000,179000,-1
34460.998,1,404199,1000,179000,-1
34460.999,1,404201,1000,179000,-1
34461.102,2,402211,500,178720,1
34461.106,2,402655,500,179380,-1
34461.126,1,404267,1000,179000,-1
34461.21,1,404326,500,178620,1
34461.369,2,402834,1250,178240,1
34461.37,2,402836,1250,179600,-1
34461.409,1,404453,1250,178160,1
34461.41,1,404454,1250,179520,-1
34461.631,2,403971,500,178810,1
34461.634,2,403354,500,179390,-1
34461.741,1,404680,500,179290,-1
34461.759,1,404687,500,179280,-1
34462.014,2,404267,1000,179000,-1
34462.111,2,404201,1000,179000,-1
34462.111,2,404199,1000,179000,-1
34462.112,2,404129,1000,179000,-1
34462.113,2,404107,1000,179000,-1
34462.292,1,405029,500,178710,1
34462.3,2,391414,1000,178800,1
34462.314,1,405053,1200,178500,1
34462.324,2,404453,1250,178160,1
34462.325,2,404454,1250,179520,-1
34462.356,1,405077,1250,178080,1
34462.36,1,405081,1250,179440,-1
34462.863,2,378434,1200,180000,-1
34462.865,1,405588,1200,179700,-1
34463.174,4,310431,10000,178900,1
34463.174,4,314292,1000,178900,1
34463.647,2,405077,1250,178080,1
34463.65,2,405081,1250,179440,-1
34463.657,2,403847,800,178710,1
34463.66,2,403416,800,179590,-1
34463.684,1,406265,1250,178160,1
34463.687,1,406269,1250,179520,-1
34463.94,2,406265,1250,178160,1
34463.974,1,406495,1250,178160,1
34464.067,1,406568,800,178610,1
34464.21,4,403162,300,179000,-1
34464.632,2,406495,1250,178160,1
34464.635,1,406973,800,179490,-1
34464.667,1,406995,1250,178080,1
34464.691,2,406995,1250,178080,1
34464.726,1,407045,1250,178160,1
34464.909,2,407045,1250,178160,1
34464.942,1,407230,1250,178080,1
34465.062,2,406269,1250,179520,-1
34465.094,1,407392,1250,179440,-1
34465.598,2,405029,500,178710,1
34465.601,2,404680,500,179290,-1
34465.693,1,407914,500,178710,1
34466.474,1,408589,500,179290,-1
34466.817,2,407914,500,178710,1
34466.819,2,408589,500,179290,-1
34467.04,1,409089,500,179190,-1
34467.155,2,409089,500,179190,-1
34467.312,2,390874,1000,178800,1
34467.59,1,409435,500,179190,-1
34468.113,2,407230,1250,178080,1
34468.114,2,407392,1250,179440,-1
34468.135,1,409830,500,178610,1
34468.147,1,409837,1250,178000,1
34468.15,1,409840,1250,179360,-1
34468.403,1,410054,100,178810,1
34468.782,2,367030,200,178800,1
34469.041,2,409840,1250,179360,-1
34469.067,2,406568,800,178610,1
34469.087,1,410646,1250,179440,-1
34469.167,2,404326,500,178620,1
34469.17,2,404687,500,179280,-1
34469.187,1,410732,500,178720,1
34469.213,2,409830,500,178610,1
34469.218,2,409837,1250,178000,1
34469.22,2,409435,500,179190,-1
34469.252,1,410814,1250,178080,1
34469.301,1,410852,800,178610,1
34469.363,1,410908,500,179190,-1
34469.637,2,406973,800,179490,-1
34469.771,1,411318,500,179380,-1
34469.866,1,411399,800,179490,-1
34469.916,2,410732,500,178720,1
34469.92,2,411318,500,179380,-1
34470.099,5,410149,1,178910,1
34470.262,1,411721,500,179280,-1
34470.337,5,410149,601,178910,1
34470.429,1,411871,500,178610,1
34470.756,1,412202,900,178910,1
34470.756,1,412205,1000,179100,-1
34470.804,1,412248,500,178620,1
34470.844,2,410814,1250,178080,1
34470.849,2,410646,1250,179440,-1
34470.883,1,412321,1250,178000,1
34470.885,1,412323,1250,179360,-1
34470.891,2,412248,500,178620,1
34470.894,2,411721,500,179280,-1
34471.326,2,411871,500,178610,1
34471.329,2,410908,500,179190,-1
34471.363,1,412704,500,178520,1
34471.439,2,410852,800,178610,1
34471.44,2,411399,800,179490,-1
34471.463,1,412790,500,179090,-1
34471.639,1,412978,800,178510,1
34471.734,4,412202,200,178910,1
34471.899,1,413244,500,179180,-1
34472.042,2,412321,1250,178000,1
34472.078,1,413414,1250,177920,1
34472.168,2,413414,1250,177920,1
34472.2,1,413526,1250,178000,1
34472.216,1,413536,800,179390,-1
34472.224,4,412202,700,178910,1
34472.224,4,410054,100,178810,1
34472.224,1,413542,200,178800,-1
34472.347,2,413526,1250,178000,1
34472.349,2,412323,1250,179360,-1
34472.38,1,413672,1250,177920,1
34472.385,1,413676,1250,179280,-1
34472.412,1,413702,500,178510,1
34472.562,2,412704,500,178520,1
34472.565,2,413244,500,179180,-1
34472.62,4,413542,200,178800,-1
34472.646,1,413942,100,179000,-1
34472.656,1,413958,100,179000,-1
34472.726,1,414022,500,178420,1
34472.76,1,414050,100,176500,1
34473.002,2,225378,200,184100,-1
34473.118,1,414352,1000,179000,-1
34473.249,5,414463,100,178900,-1
34473.266,5,414463,100,178900,-1
34473.304,1,414524,500,179080,-1
34473.514,1,414688,782,178900,1
34473.676,4,414688,782,178900,1
34473.866,1,415038,500,178900,-1
34473.873,2,265006,3000,178700,1
34474.095,2,414022,500,178420,1
34474.098,2,414524,500,179080,-1
34474.178,1,415306,1000,178800,-1
34474.194,1,415320,500,178520,1
34474.262,2,405053,1200,178500,1
34474.305,1,415434,1200,178200,1
34474.446,2,415320,500,178520,1
34474.741,1,415827,500,178420,1
34475.289,1,416251,500,179080,-1
34475.466,2,413672,1250,177920,1
34475.468,2,413676,1250,179280,-1
34475.501,1,416390,1250,178000,1
34475.506,1,416398,1250,179360,-1
34475.513,2,64729,200,180500,-1
34475.719,2,416390,1250,178000,1
34475.723,2,416398,1250,179360,-1
34475.755,1,416677,1250,177920,1
34475.763,1,416694,1250,179280,-1
34476.052,4,169327,80,178700,1
34476.11,5,415474,200,178790,-1
34476.11,4,415306,1000,178800,-1
34476.457,1,417335,900,190000,-1
34476.467,2,412790,500,179090,-1
34476.604,2,415827,500,178420,1
34476.608,2,416251,500,179080,-1
34476.638,2,412978,800,178510,1
34476.693,1,417535,500,179090,-1
34476.712,1,417559,500,178980,-1
34476.737,1,417579,800,178510,1
34476.774,2,417559,500,178980,-1
34477.183,5,417014,150,178800,1
34477.216,2,413536,800,179390,-1
34477.256,1,417946,500,178420,1
34477.285,1,417960,800,179390,-1
34477.324,2,417946,500,178420,1
34477.42,2,413702,500,178510,1
34477.556,5,417014,600,178800,1
34477.583,2,417535,500,179090,-1
34477.589,1,418225,500,178410,1
34477.806,1,418429,500,178420,1
34477.917,2,417579,800,178510,1
34477.921,2,417960,800,179390,-1
34477.933,1,418518,782,178800,1
34477.976,1,418557,200,179000,-1
34478.02,1,418583,800,178410,1
34478.13,1,418660,500,178990,-1
34478.383,1,418882,500,179080,-1
34478.532,1,418995,100,178710,1
34478.567,1,419046,800,179290,-1
34478.602,2,416677,1250,177920,1
34478.635,1,419132,1250,177840,1
34478.643,2,416694,1250,179280,-1
34478.66,2,418429,500,178420,1
34478.664,2,418882,500,179080,-1
34478.677,1,419171,1250,179200,-1
34478.764,2,132409,1000,178500,1
34478.897,4,418518,100,178800,1
34478.936,1,419406,500,178980,-1
34479.086,4,418518,682,178800,1
34479.086,5,417014,18,178800,1
34479.115,5,417014,32,178800,1
34479.476,1,419873,500,178320,1
34479.649,1,420077,100,178800,-1
34479.726,1,420168,500,179500,-1
34480.08,4,420077,100,178800,-1
34480.347,1,420704,115,180000,-1
34480.416,2,419132,1250,177840,1
34480.418,2,419171,1250,179200,-1
34480.452,1,420791,1250,177760,1
34480.455,1,420796,1250,179120,-1
34480.492,2,418225,500,178410,1
34480.495,2,418660,500,178990,-1
34480.646,2,420791,1250,177760,1
34480.65,2,420796,1250,179120,-1
34480.663,1,421067,500,178990,-1
34480.688,1,421114,1250,177840,1
34480.695,1,421127,1250,179200,-1
34480.804,1,421268,1200,179400,-1
34480.832,2,405588,1200,179700,-1
34480.875,5,421239,66,178720,1
34481.362,2,421067,500,178990,-1
34481.524,1,421998,500,178990,-1
34481.577,2,419873,500,178320,1
34481.58,2,419406,500,178980,-1
34481.615,5,421897,1000,178760,1
34481.627,5,421239,2682,178720,1
34481.688,1,422224,500,178420,1
34481.818,2,422224,500,178420,1
34481.863,5,422266,100,178760,1
34481.863,5,421239,252,178720,1
34481.863,4,418995,100,178710,1
34482.085,1,422567,500,178410,1
34482.096,2,334462,1500,178700,1
34482.166,4,169327,120,178700,1
34482.166,4,169834,62,178700,1
34482.166,4,174372,1000,178700,1
34482.166,1,422646,718,178700,-1
34482.211,1,422685,500,178320,1
34482.219,4,181195,19,178600,1
34482.756,1,423246,500,178980,-1
34482.81,2,414352,1000,179000,-1
34483.027,2,418583,800,178410,1
34483.087,1,423486,800,178410,1
34483.191,2,421114,1250,177840,1
34483.193,2,421127,1250,179200,-1
34483.238,1,423598,1250,177920,1
34483.242,1,423604,1250,179280,-1
34483.325,1,423695,1000,178800,-1
34483.568,2,419046,800,179290,-1
34483.645,1,423982,800,179290,-1
34483.901,2,423598,1250,177920,1
34483.903,2,423604,1250,179280,-1
34483.912,5,424250,700,178610,1
34483.912,4,181195,281,178600,1
34483.912,4,385850,119,178600,1
34483.935,1,424282,1250,177840,1
34483.938,1,424287,1250,179200,-1
34483.938,4,385850,300,178600,1
34483.97,2,344557,1400,180600,-1
34483.974,2,380358,2000,178100,1
34483.996,1,424356,700,179200,-1
34483.999,1,424361,2000,177000,1
34484.116,2,424282,1250,177840,1
34484.118,2,424287,1250,179200,-1
34484.15,1,424495,1250,177920,1
34484.152,1,424497,1250,179280,-1
34484.987,2,363393,1000,180000,-1
34485.105,2,413942,100,179000,-1
34485.112,2,413958,100,179000,-1
34485.12,1,425397,100,178800,-1
34485.128,1,425403,100,178800,-1
34485.188,2,424495,1250,177920,1
34485.19,1,425466,1200,178700,-1
34485.19,2,424497,1250,179280,-1
34485.222,1,425495,1250,177840,1
34485.224,1,425500,1250,179200,-1
34485.241,2,422685,500,178320,1
34485.244,2,423246,500,178980,-1
34485.337,1,425600,500,178220,1
34485.821,4,385850,200,178600,1
34485.821,1,426123,500,178880,-1
34486.21,5,424638,200,178650,-1
34486.21,4,422646,718,178700,-1
34486.21,4,425466,1000,178700,-1
34486.224,4,425466,82,178700,-1
34486.528,2,421998,500,178990,-1
34486.619,2,422567,500,178410,1
34486.69,1,427002,500,178890,-1
34486.859,2,425495,1250,177840,1
34486.861,2,425500,1250,179200,-1
34486.892,1,427217,1250,177760,1
34486.894,1,427220,1250,179120,-1
34486.973,4,385850,200,178600,1
34487.254,1,427535,500,178310,1
34487.741,4,425466,118,178700,-1
34487.79,1,428114,600,178700,-1
34487.807,1,428136,300,178700,-1
34487.926,2,427217,1250,177760,1
34487.959,1,428298,1250,177680,1
34487.971,4,428114,400,178700,-1
34488.088,2,423486,800,178410,1
34488.153,2,427220,1250,179120,-1
34488.194,1,428513,1250,179040,-1
34488.205,2,427535,500,178310,1
34488.21,2,427002,500,178890,-1
34488.214,4,428114,200,178700,-1
34488.214,4,428136,300,178700,-1
34488.214,5,424891,200,178700,-1
34488.214,5,427952,300,178700,-1
34488.225,2,423982,800,179290,-1
34488.237,1,428543,800,178310,1
34488.35,1,428635,500,178790,-1
34488.435,5,427952,28,178700,-1
34488.789,1,429113,800,179190,-1
34489.15,1,429420,5000,178610,1
34489.311,1,429562,6000,179900,-1
34489.4,5,429451,22,178700,-1
34489.47,1,429706,500,178500,1
34489.55,1,429780,500,178600,1
34489.551,5,428753,34,178620,1
34489.551,4,429420,266,178610,1
34490.492,5,429451,178,178700,-1
34490.492,1,430651,822,178700,1
34490.571,5,428583,300,178770,-1
34490.571,5,429709,200,178770,-1
34490.892,4,430651,400,178700,1
34491.015,2,185918,2500,178500,1
34491.092,2,428298,1250,177680,1
34491.096,2,428513,1250,179040,-1
34491.103,2,424361,2000,177000,1
34491.125,1,431342,2000,175500,1
34491.125,1,431344,1250,177600,1
34491.13,1,431352,1250,178960,-1
34491.263,4,430651,200,178700,1
34491.31,1,431531,1000,180000,-1
34491.869,1,432191,100,178410,1
34491.979,1,432286,10000,178600,1
34491.98,2,425397,100,178800,-1
34491.989,2,425403,100,178800,-1
34491.995,4,430651,100,178700,1
34492.03,4,430651,100,178700,1
34492.647,2,429420,4734,178610,1
34492.939,2,429780,500,178600,1
34493.08,1,433274,500,178800,-1
34493.237,2,428543,800,178310,1
34493.319,1,433523,800,178310,1
34493.347,2,428635,500,178790,-1
34493.377,2,429113,800,179190,-1
34493.387,2,433523,800,178310,1
34493.509,1,433688,500,178790,-1
34493.523,4,430651,22,178700,1
34493.582,1,433770,266,178780,-1
34493.809,4,385850,80,178600,1
34493.871,1,434137,800,179090,-1
34494.444,1,434576,800,178210,1
34494.692,1,434827,2000,178500,1
34495.203,2,433770,266,178780,-1
34495.337,2,425600,500,178220,1
34495.593,4,385850,101,178600,1
34495.593,4,432286,2399,178600,1
34495.634,1,435658,500,178220,1
34495.68,4,432286,500,178600,1
34495.827,2,426123,500,178880,-1
34496.18,1,436172,500,178880,-1
34496.325,1,436321,266,178680,-1
34496.548,4,432286,7101,178600,1
34496.571,2,431344,1250,177600,1
34496.575,2,431352,1250,178960,-1
34496.659,2,432191,100,178410,1
34496.661,2,433688,500,178790,-1
34496.699,2,435658,500,178220,1
34496.703,2,436172,500,178880,-1
34496.728,1,436778,1250,177520,1
34496.731,1,436782,1250,178880,-1
34496.774,1,436823,300,178890,-1
34496.803,1,436853,500,178780,-1
34496.831,1,436886,100,178310,1
34497.065,4,73720,300,178500,1
34497.065,4,91262,50,178500,1
34497.065,4,262759,1000,178500,1
34497.065,4,429706,500,178500,1
34497.065,4,434827,2000,178500,1
34497.103,1,437168,1000,178700,-1
34497.279,1,437357,500,178120,1
34497.309,2,95413,1000,184500,-1
34497.333,1,437412,500,178700,-1
34497.719,2,437357,500,178120,1
34497.723,2,436853,500,178780,-1
34497.793,2,434576,800,178210,1
34497.798,2,434137,800,179090,-1
34497.827,1,437968,500,178680,-1
34497.904,1,438044,800,178110,1
34497.935,1,438077,1000,183500,-1
34498.078,2,343935,100,178100,1
34498.217,2,437412,500,178700,-1
34498.234,5,437191,500,178610,-1
34498.283,1,438408,2500,178700,-1
34498.367,1,438506,500,178020,1
34498.41,2,423695,1000,178800,-1
34498.459,1,438578,800,178990,-1
34498.727,2,436321,266,178680,-1
34499.673,2,436778,1250,177520,1
34499.676,2,436782,1250,178880,-1
34499.712,1,439660,1250,177440,1
34499.716,1,439664,1250,178800,-1
34499.732,1,439679,1000,178500,-1
34499.743,1,439687,1000,178500,-1
34499.749,2,436886,100,178310,1
34499.848,1,439773,500,178000,1
34499.86,1,439780,1000,178500,-1
34499.868,1,439785,266,178580,-1
34499.881,1,439794,1000,178500,-1
34499.886,2,136993,1500,180500,-1
34499.924,4,439679,200,178500,-1
34499.999,1,439908,1000,178500,-1
34500.035,1,439947,1000,178500,-1
34500.047,2,436823,300,178890,-1
34500.086,4,172704,100,178400,1
34500.15,1,440074,68,178500,-1
34500.193,1,440117,1000,178700,-1
34500.286,2,148292,300,174100,1
34500.45,2,439660,1250,177440,1
34500.451,2,439664,1250,178800,-1
34500.463,1,440350,1500,179800,-1
34500.484,1,440373,1250,177520,1
34500.486,1,440375,1250,178880,-1
34500.499,5,440096,600,178440,-1
34500.499,5,440385,100,178450,-1
34500.499,5,440006,800,178480,-1
34500.499,5,440007,400,178490,-1
34500.499,4,439679,800,178500,-1
34500.499,4,439687,300,178500,-1
34500.596,1,440485,100,178410,1
34500.619,1,440527,100,178310,1
34500.634,4,440485,100,178410,1
34500.637,2,440373,1250,177520,1
34500.639,2,440375,1250,178880,-1
34500.671,2,415434,1200,178200,1
34500.674,1,440617,1200,177800,1
34500.675,1,440619,1250,177440,1
34500.68,1,440626,1250,178800,-1
34500.953,1,440990,5000,178500,-1
34500.97,1,441010,300,178790,-1
34501.054,2,440527,100,178310,1
34501.085,2,439947,1000,178500,-1
34501.091,2,439794,1000,178500,-1
34501.091,2,439908,1000,178500,-1
34501.092,2,439780,1000,178500,-1
34501.093,2,439687,700,178500,-1
34501.11,1,441168,300,178500,-1
34501.155,1,441229,1000,179300,-1
34501.163,1,441233,100,178210,1
34501.594,2,440619,1250,177440,1
34501.599,2,440626,1250,178800,-1
34501.629,1,441760,1250,177520,1
34501.634,1,441770,1250,178880,-1
34501.659,2,441233,100,178210,1
34501.732,1,441912,500,178690,-1
34501.875,1,442061,300,178500,-1
34501.921,2,438506,500,178020,1
34501.923,2,433274,500,178800,-1
34501.927,2,437968,500,178680,-1
34501.932,1,442134,1000,178700,-1
34501.954,2,439785,266,178580,-1
34501.959,1,442175,500,178500,-1
34502.029,1,442262,500,178580,-1
34502.077,1,442324,716,178500,-1
34502.273,1,442509,100,178310,1
34502.623,1,442883,500,177920,1
34502.74,2,442324,716,178500,-1
34502.744,1,443037,716,178400,-1
34502.908,2,438044,800,178110,1
34502.962,2,421268,1200,179400,-1
34502.967,1,443279,1200,179100,-1
34502.99,5,436958,200,178320,1
34502.99,5,442230,500,178320,1
34502.99,4,442509,100,178310,1
34502.99,4,125284,1000,178300,1
34502.99,4,171700,1175,178300,1
34503.018,1,443335,800,178110,1
34503.135,1,443465,2500,178500,-1
34503.156,2,440074,68,178500,-1
34503.167,1,443502,100,178310,1
34503.409,2,441010,300,178790,-1
34503.459,2,438578,800,178990,-1
34503.582,1,443921,800,178990,-1
34503.598,1,443945,300,178690,-1
34503.676,5,443584,100,178320,1
34503.676,4,443502,100,178310,1
34503.818,1,444189,100,178310,1
34503.879,4,444189,100,178310,1
34504.615,1,445007,100,179800,-1
34505.019,2,442175,500,178500,-1
34505.021,2,442061,300,178500,-1
34505.078,1,445530,200,178300,1
34505.929,4,445530,200,178300,1
34506.28,2,441760,1250,177520,1
34506.315,1,446701,1250,177440,1
34506.345,2,441912,500,178690,-1
34506.399,2,443945,300,178690,-1
34506.442,1,446803,500,178590,-1
34506.457,1,446808,300,178590,-1
34506.505,2,441770,1250,178880,-1
34506.538,1,446861,1250,178800,-1
34506.675,2,446803,500,178590,-1
34506.715,2,446808,300,178590,-1
34506.86,5,445932,66,178230,1
34507.006,1,447347,300,178690,-1
34507.017,1,447364,100,178400,-1
34507.126,2,447347,300,178690,-1
34507.302,2,205135,2000,177500,1
34507.306,2,446701,1250,177440,1
34507.308,2,446861,1250,178800,-1
34507.342,1,447613,1250,177520,1
34507.345,1,447617,1250,178880,-1
34507.375,2,447364,100,178400,-1
34507.396,1,447652,2000,175500,1
34507.568,1,447804,500,178110,1
34507.873,1,448112,1000,178300,-1
34507.875,1,448114,1000,178300,-1
34507.919,1,448152,300,178590,-1
34508.013,1,448257,1000,178300,-1
34508.018,2,443335,800,178110,1
34508.113,1,448350,100,178490,-1
34508.182,1,448420,800,178110,1
34508.588,2,443921,800,178990,-1
34508.755,1,448994,800,178990,-1
34508.814,1,449056,100,176220,1
34508.913,5,445932,60,178230,1
34509.169,2,443465,2500,178500,-1
34509.268,2,438408,2500,178700,-1
34509.336,2,448257,1000,178300,-1
34509.337,2,448114,1000,178300,-1
34509.339,2,448112,1000,178300,-1
34509.431,2,447804,500,178110,1
34509.535,1,449723,500,178010,1
34509.92,1,450098,200,186800,-1
34509.964,2,441168,300,178500,-1
34510.743,2,448350,100,178490,-1
34510.849,1,450934,100,178390,-1
34511.062,1,451120,250,182000,-1
34511.108,2,448420,800,178110,1
34511.109,2,448994,800,178990,-1
34511.208,1,451267,800,178010,1
34511.378,1,451441,5000,178000,1
34511.384,1,451448,2500,178210,1
34511.544,1,451613,100,178300,-1
34511.744,2,441229,1000,179300,-1
34511.753,1,451814,800,178890,-1
34511.772,2,80169,1600,182500,-1
34511.84,2,447613,1250,177520,1
34511.842,2,447617,1250,178880,-1
34511.876,1,451928,1250,177520,1
34511.878,1,451930,1250,178880,-1
34512.002,1,452073,4200,178100,1
34512.018,1,452089,5800,178100,1
34512.029,2,442262,500,178580,-1
34512.134,1,452200,500,178580,-1
34512.145,5,451653,100,178250,1
34512.145,5,450706,174,178230,1
34512.145,5,451473,800,178230,1
34512.145,4,451448,2500,178210,1
34512.145,4,59393,500,178200,1
34512.145,4,100812,709,178200,1
34512.145,4,220517,217,178200,1
34512.273,2,451928,1250,177520,1
34512.275,2,451930,1250,178880,-1
34512.309,1,452353,1250,177440,1
34512.311,1,452355,1250,178800,-1
34512.363,5,449265,1000,178290,-1
34512.364,5,449265,200,178290,-1
34512.364,4,451613,100,178300,-1
34512.364,5,451940,300,178300,-1
34512.373,5,451940,72,178300,-1
34512.373,5,451522,200,178380,-1
34512.373,4,450934,100,178390,-1
34512.382,4,443037,716,178400,-1
34512.382,5,442896,200,178400,-1
34512.392,5,452414,3,178210,1
34512.393,4,440990,3540,178500,-1
34512.49,1,452544,100,178390,-1
34512.504,4,452544,28,178390,-1
34512.576,4,452544,72,178390,-1
34512.576,5,452446,12,178440,-1
34512.629,2,442883,500,177920,1
34512.703,1,452831,500,177920,1
34512.782,1,452901,300,177910,1
34512.81,2,449723,500,178010,1
34512.878,1,452967,2500,178000,1
34513.045,1,453144,500,178590,-1
34513.161,2,452355,1250,178800,-1
34513.197,1,453336,1250,178880,-1
34513.246,2,453336,1250,178880,-1
34513.251,5,452446,688,178440,-1
34513.251,5,453359,772,178460,-1
34513.257,2,452831,500,177920,1
34513.262,2,452200,500,178580,-1
34513.28,1,453424,1250,178800,-1
34513.287,1,453434,500,178680,-1
34513.326,2,144496,300,173800,1
34513.378,5,453518,1000,178270,1
34513.378,5,453525,100,178250,1
34513.378,5,452717,2000,178240,1
34513.378,5,452727,4000,178240,1
34513.378,5,453505,500,178240,1
34513.378,5,452648,100,178220,1
34513.378,5,452414,397,178210,1
34513.378,5,453399,700,178210,1
34513.378,4,220517,83,178200,1
34513.378,4,336254,1000,178200,1
34513.718,2,453434,500,178680,-1
34513.854,1,454064,500,177920,1
34514.031,5,454243,700,178260,1
34514.031,5,454121,700,178210,1
34514.031,1,454249,1100,178200,-1
34514.09,2,452353,1250,177440,1
34514.093,2,453424,1250,178800,-1
34514.121,1,454361,300,178000,1
34514.129,1,454377,500,178010,1
34514.129,1,454379,1250,177520,1
34514.133,1,454381,1250,178880,-1
34514.178,1,454433,1000,179000,-1
34514.427,1,454652,500,178580,-1
34514.571,4,454249,500,178200,-1
34514.745,2,451267,800,178010,1
34514.752,2,451814,800,178890,-1
34514.771,1,455061,700,178190,-1
34514.795,2,454379,1250,177520,1
34514.799,2,454381,1250,178880,-1
34514.831,1,455134,1250,177440,1
34514.834,1,455139,1250,178800,-1
34514.861,2,454064,500,177920,1
34514.868,2,454652,500,178580,-1
34514.896,2,448152,300,178590,-1
34514.927,1,455228,800,177910,1
34515.002,1,455296,500,177920,1
34515.006,1,455299,300,178490,-1
34515.376,2,26830,150,173800,1
34515.431,2,455296,500,177920,1
34515.471,1,455833,800,178790,-1
34515.537,1,455891,500,177820,1
34515.997,1,456427,100,172800,1
34516.105,1,456511,500,178480,-1
34516.787,5,456868,330,178110,1
34516.787,5,456877,670,178110,1
34517.075,2,455134,1250,177440,1
34517.078,2,455139,1250,178800,-1
34517.116,1,457521,1250,177360,1
34517.12,1,457525,1250,178720,-1
34517.142,2,454377,500,178010,1
34517.145,2,453144,500,178590,-1
34517.198,2,452901,300,177910,1
34517.22,1,457617,500,177910,1
34517.252,1,457656,1000,178000,1
34517.308,5,456877,30,178110,1
34517.308,4,60804,370,178100,1
34517.385,1,457807,300,177810,1
34517.406,2,454433,1000,179000,-1
34517.543,2,455299,300,178490,-1
34517.627,2,455891,500,177820,1
34517.633,2,456511,500,178480,-1
34517.664,2,455228,800,177910,1
34517.67,2,455833,800,178790,-1
34517.77,1,458236,500,177720,1
34517.792,1,458260,500,178490,-1
34517.797,1,458262,800,177810,1
34517.927,4,455061,700,178190,-1
34517.961,1,458415,300,178390,-1
34517.973,1,458425,1000,178200,-1
34518.285,1,458710,110,179000,-1
34518.298,4,60804,300,178100,1
34518.306,1,458736,500,178380,-1
34518.356,1,458796,800,178690,-1
34518.436,1,458890,1000,178100,1
34518.611,2,440617,1200,177800,1
34518.617,1,459096,1200,177600,1
34518.809,4,454249,600,178200,-1
34518.809,4,458425,1000,178200,-1
34518.961,1,459503,1200,178800,-1
34518.98,2,443279,1200,179100,-1
34519.589,2,457521,1250,177360,1
34519.592,2,457525,1250,178720,-1
34519.63,1,460082,1250,177280,1
34519.634,1,460089,1250,178640,-1
34519.686,2,457617,500,177910,1
34519.689,2,458260,500,178490,-1
34519.849,1,460300,500,178390,-1
34519.937,2,458236,500,177720,1
34519.941,2,458736,500,178380,-1
34520.037,1,460418,500,177820,1
34520.083,5,460186,700,178190,-1
34520.247,1,460605,1000,179000,-1
34520.282,1,460633,500,178100,1
34520.506,1,460807,500,177810,1
34520.608,1,460920,500,178480,-1
34520.764,5,460596,1000,178200,1
34520.811,5,460596,100,178200,1
34520.811,1,461181,700,178200,-1
34521.263,2,460082,1250,177280,1
34521.265,2,460089,1250,178640,-1
34521.296,1,461759,1250,177360,1
34521.302,1,461764,1250,178720,-1
34521.356,2,460807,500,177810,1
34521.36,2,460300,500,178390,-1
34521.366,1,461848,1000,177100,1
34521.498,1,461992,500,177910,1
34521.518,4,461181,700,178200,-1
34521.518,1,462016,300,178200,1
34521.556,2,461992,500,177910,1
34521.851,1,462391,2000,178000,1
34522.037,1,462561,500,177910,1
34522.105,2,458262,800,177810,1
34522.11,2,458796,800,178690,-1
34522.184,2,442134,1000,178700,-1
34522.216,4,462016,300,178200,1
34522.216,5,461401,2800,178130,1
34522.219,1,462728,800,177710,1
34522.236,2,458415,300,178390,-1
34522.249,2,412205,1000,179100,-1
34522.325,1,462836,500,178500,-1
34522.335,1,462841,300,178490,-1
34522.41,2,462841,300,178490,-1
34522.522,1,463015,660,178200,-1
34522.582,1,463076,500,178490,-1
34522.788,1,463314,800,178590,-1
34522.835,1,463368,300,178390,-1
34523.111,5,460412,1000,178110,1
34523.531,5,463174,100,178150,-1
34523.531,4,463015,660,178200,-1
34523.57,1,464134,4200,178100,1
34523.594,1,464170,5800,178100,1
34523.641,5,460412,2000,178110,1
34523.641,5,462758,700,178110,1
34523.641,4,60804,306,178100,1
34523.641,4,61678,300,178100,1
34523.641,4,94772,1000,178100,1
34523.641,4,129719,1000,178100,1
34523.641,4,314152,200,178100,1
34523.641,4,379384,2000,178100,1
34523.641,4,452073,494,178100,1
34523.687,2,462836,500,178500,-1
34523.698,1,464299,500,178400,-1
34523.918,1,464546,600,178200,-1
34523.984,2,460605,1000,179000,-1
34524.1,1,464786,2500,177700,1
34524.431,5,465033,1000,178140,1
34524.668,1,465348,5000,178120,1
34524.697,1,465378,1000,178200,-1
34524.847,4,465348,5000,178120,1
34524.847,4,452073,2300,178100,1
34525.165,2,457807,300,177810,1
34525.202,1,465841,300,177910,1
34525.537,4,464546,200,178200,-1
34525.569,2,461759,1250,177360,1
34525.572,2,461764,1250,178720,-1
34525.605,1,466195,1250,177440,1
34525.608,1,466198,1250,178800,-1
34525.987,1,466553,5000,178190,-1
34526.121,2,463368,300,178390,-1
34526.745,1,467309,300,173400,1
34526.988,2,140260,40000,175400,1
34527.038,2,462561,500,177910,1
34527.054,2,139528,20000,177200,1
34527.072,2,139340,20000,177500,1
34527.155,2,466195,1250,177440,1
34527.157,2,466198,1250,178800,-1
34527.194,1,467840,1250,177360,1
34527.198,1,467844,1250,178720,-1
34527.218,2,462728,800,177710,1
34527.221,5,465729,621,178140,1
34527.238,1,467877,500,177910,1
34527.351,1,468003,800,177710,1
34527.482,2,169816,2200,191000,-1
34527.588,2,463076,500,178490,-1
34527.641,2,172965,800,181000,-1
34527.787,1,468444,300,178490,-1
34527.789,2,463314,800,178590,-1
34527.896,1,468559,800,178590,-1
34528.05,1,468700,2200,180300,-1
34528.252,2,437168,1000,178700,-1
34528.335,1,468961,1000,178500,-1
34528.365,2,458890,1000,178100,1
34528.462,2,468444,300,178490,-1
34528.524,4,452073,600,178100,1
34528.667,1,469335,500,178490,-1
34528.693,1,469370,300,178390,-1
34528.712,4,466553,200,178190,-1
34528.795,2,457656,1000,178000,1
34528.919,2,465841,300,177910,1
34529.24,1,469842,300,177910,1
34529.386,2,467840,1250,177360,1
34529.388,2,467844,1250,178720,-1
34529.419,1,469996,1250,177280,1
34529.423,1,470003,1250,178640,-1
34529.461,2,467877,500,177910,1
34529.463,2,469335,500,178490,-1
34529.55,4,466553,1000,178190,-1
34529.562,1,470148,500,177810,1
34529.608,2,469842,300,177910,1
34529.871,1,470457,300,177810,1
34529.982,4,466553,400,178190,-1
34530.039,2,460418,500,177820,1
34530.097,1,470630,500,178390,-1
34530.121,1,470653,1000,178100,1
34530.183,1,470714,500,177820,1
34530.327,4,466553,400,178190,-1
34530.611,2,460920,500,178480,-1
34530.7,4,466553,2500,178190,-1
34530.835,1,471496,500,178480,-1
34530.971,2,469996,1250,177280,1
34530.974,2,470003,1250,178640,-1
34530.99,2,470148,500,177810,1
34530.992,2,470630,500,178390,-1
34531.004,1,471701,1250,177360,1
34531.006,1,471703,1250,178720,-1
34531.088,1,471783,500,178390,-1
34531.214,2,470457,300,177810,1
34531.383,1,472072,1000,176900,1
34531.416,2,471701,1250,177360,1
34531.42,2,471703,1250,178720,-1
34531.439,1,472139,300,177910,1
34531.446,2,466553,500,178190,-1
34531.455,1,472168,1250,177280,1
34531.459,1,472173,1250,178640,-1
34531.629,1,472361,500,177810,1
34531.648,5,472333,400,178190,-1
34531.675,2,472139,300,177910,1
34531.713,5,472155,150,178130,1
34531.981,1,472706,300,177810,1
34532.197,1,472918,4500,178110,1
34532.235,4,464546,400,178200,-1
34532.235,4,465378,600,178200,-1
34532.283,1,473002,4500,178110,1
34532.349,2,468003,800,177710,1
34532.505,1,473216,800,177710,1
34532.867,4,465378,400,178200,-1
34532.899,2,468559,800,178590,-1
34533.068,1,473765,800,178590,-1
34533.193,2,472168,1250,177280,1
34533.196,2,472173,1250,178640,-1
34533.225,1,473902,1250,177360,1
34533.228,1,473903,1250,178720,-1
34533.228,2,470714,500,177820,1
34533.231,2,471496,500,178480,-1
34533.27,1,473945,500,177920,1
34533.328,1,474001,200,180000,-1
34533.365,1,474041,5000,178300,1
34533.409,2,472706,300,177810,1
34533.42,4,474041,800,178300,1
34533.441,2,464299,500,178400,-1
34533.445,1,474114,300,177910,1
34533.559,1,474215,1000,178200,1
34533.82,1,474453,500,178580,-1
34533.822,4,474041,100,178300,1
34534.362,1,474945,1000,178200,1
34534.485,4,474041,4100,178300,1
34534.842,2,473902,1250,177360,1
34534.876,1,475478,1250,177280,1
34534.91,2,475478,1250,177280,1
34534.941,1,475527,1250,177360,1
34535.023,2,474114,300,177910,1
34535.029,1,475622,4500,178130,1
34535.171,2,472361,500,177810,1
34535.174,2,471783,500,178390,-1
34535.197,2,472918,4500,178110,1
34535.204,1,475786,350,181800,-1
34535.377,2,469370,300,178390,-1
34535.434,1,475991,500,178390,-1
34535.457,1,476021,300,178490,-1
34535.547,2,475991,500,178390,-1
34536.004,1,476541,500,178490,-1
34536.013,2,476021,300,178490,-1
34536.064,1,476602,300,178390,-1
34536.099,2,475622,4500,178130,1
34536.451,1,476942,100,180200,-1
34536.491,2,475527,1250,177360,1
34536.493,2,473903,1250,178720,-1
34536.493,2,476541,500,178490,-1
34536.526,1,477022,1250,177280,1
34536.528,1,477023,1250,178640,-1
34536.569,1,477072,1000,178290,-1
34536.676,1,477192,500,178390,-1
34537.509,2,473216,800,177710,1
34537.622,1,478147,500,178280,-1
34537.638,1,478163,800,177710,1
34537.726,4,474215,900,178200,1
34537.959,4,474215,100,178200,1
34537.959,4,474945,900,178200,1
34538.068,2,473765,800,178590,-1
34538.092,1,478557,2000,178200,1
