34200.663,2,160420,500,177910,1
34200.81,1,161899,500,178010,1
34201.784,1,162578,150,178500,-1
34201.968,5,162597,50,178480,-1
34202.093,2,161899,500,178010,1
34202.232,2,160950,500,178690,-1
34202.235,1,162850,100,178310,1
34202.275,4,162578,150,178500,-1
34202.275,4,156105,1000,178700,-1
34202.783,1,163233,500,178790,-1
34203.606,5,163588,200,178640,-1
34203.914,5,163801,500,178680,-1
34204.212,5,163802,100,178400,1
34204.541,5,164204,100,178400,1
34204.702,1,164509,100,176800,1
34204.719,1,164532,100,176800,1
34204.752,5,164461,100,178400,1
34205.082,5,164710,700,178460,1
34205.082,5,164772,100,178400,1
34205.082,5,163404,200,178320,1
34205.252,5,164153,500,178320,1
34205.252,5,164352,500,178320,1
34205.413,2,162850,100,178310,1
34205.424,1,165082,1000,178110,1
34205.527,1,165144,400,178410,1
34206.437,4,165144,400,178410,1
34206.518,1,165775,200,175200,1
34206.535,1,165786,400,178410,1
34206.584,4,165786,400,178410,1
34207.082,5,164903,100,178680,-1
34207.562,1,166279,1000,177600,1
34207.57,1,166287,500,178780,-1
34207.594,2,165082,1000,178110,1
34207.625,2,166287,500,178780,-1
34207.734,1,166383,100,177200,1
34207.789,2,163233,500,178790,-1
34207.984,1,166545,500,178790,-1
34208.167,1,166622,500,178880,-1
34208.417,2,166545,500,178790,-1
34208.497,1,166794,500,178010,1
34208.5,1,166797,1000,178110,1
34208.518,2,166622,500,178880,-1
34208.735,2,166797,1000,178110,1
34208.753,1,166937,500,178780,-1
34208.985,1,167032,1000,178110,1
34209.042,1,167057,500,178690,-1
34209.315,1,167180,500,178120,1
34209.328,2,167032,1000,178110,1
34209.407,2,166937,500,178780,-1
34209.413,2,167180,500,178120,1
34209.75,2,166794,500,178010,1
34209.753,2,167057,500,178690,-1
34209.775,1,167418,1000,178890,-1
34209.897,1,167503,500,178880,-1
34209.931,1,167526,200,178310,1
34209.956,2,167418,1000,178890,-1
34209.966,5,167208,5,178320,1
34209.97,1,167549,1000,178870,-1
34209.982,5,167208,14,178320,1
34210.007,5,167208,200,178320,1
34210.425,1,167818,150,178500,-1
34210.46,1,167834,500,178220,1
34210.463,2,167503,500,178880,-1
34210.516,1,167856,500,178790,-1
34210.518,2,167834,500,178220,1
34210.818,1,168054,114,181900,-1
34211.019,1,168173,500,178120,1
34211.411,2,168173,500,178120,1
34211.566,1,168433,500,178020,1
34211.618,2,167856,500,178790,-1
34211.84,1,168622,500,178690,-1
34211.898,2,168622,500,178690,-1
34212.005,2,167526,200,178310,1
34212.008,2,168433,500,178020,1
34212.12,1,168765,500,177920,1
34212.409,1,168921,200,178210,1
34212.66,1,169062,500,178580,-1
34212.95,1,169191,500,178690,-1
34213.545,2,168765,500,177920,1
34213.546,2,169062,500,178580,-1
34213.664,1,169530,500,178480,-1
34214.221,1,169844,500,177820,1
34214.398,2,168921,200,178210,1
34214.401,2,169191,500,178690,-1
34214.482,1,169985,100,178110,1
34214.55,2,169985,100,178110,1
34214.703,1,170131,100,178210,1
34215.061,1,170318,100,178110,1
34215.066,4,170131,100,178210,1
34215.066,5,169934,100,178210,1
34215.119,2,170318,100,178110,1
34215.403,5,170094,100,178300,-1
34215.606,1,170609,500,178590,-1
34216.154,1,170859,500,177910,1
34218.871,1,172104,5000,182400,-1
34218.891,1,172118,1170,249900,-1
34219.059,2,169844,500,177820,1
34219.061,2,169530,500,178480,-1
34219.159,1,172263,500,177920,1
34219.265,5,168421,100,178380,-1
34219.265,5,168924,500,178380,-1
34219.265,5,171338,400,178420,-1
34219.61,1,172483,1000,178110,1
34219.706,1,172516,500,178580,-1
34220.078,1,172668,1000,178300,1
34220.609,2,170609,500,178590,-1
34220.763,1,173011,500,178590,-1
34220.953,2,172263,500,177920,1
34220.955,2,172516,500,178580,-1
34221.034,1,173130,500,178680,-1
34221.159,2,170859,500,177910,1
34221.31,1,173254,500,177910,1
34221.585,1,173384,500,178020,1
34221.907,2,172483,1000,178110,1
34222.011,2,173384,500,178020,1
34222.013,2,173130,500,178680,-1
34222.035,2,173254,500,177910,1
34222.129,1,173670,500,178020,1
34222.187,1,173690,500,177910,1
34222.37,4,172668,11,178300,1
34222.421,1,173803,2000,178400,-1
34222.486,4,173803,2000,178400,-1
34222.498,4,167818,150,178500,-1
34222.682,1,173950,500,178680,-1
34222.694,1,173954,150,178400,-1
34222.714,2,173690,500,177910,1
34222.724,2,173670,500,178020,1
34222.733,1,173991,1200,178870,-1
34222.745,2,173950,500,178680,-1
34222.762,4,173954,150,178400,-1
34222.816,4,172668,989,178300,1
34222.866,1,174119,400,178390,-1
34222.951,1,174185,500,177910,1
34222.954,2,167549,1000,178870,-1
34223.006,4,174119,400,178390,-1
34223.011,2,174185,500,177910,1
34223.269,1,174351,500,178580,-1
34223.498,1,174462,500,177910,1
34223.571,2,173991,1200,178870,-1
34223.579,2,174351,500,178580,-1
34223.717,1,174617,1200,178970,-1
34223.78,2,174617,1200,178970,-1
34223.796,2,174462,500,177910,1
34223.799,2,173011,500,178590,-1
34223.813,1,174671,1000,178890,-1
34223.884,1,174724,500,178580,-1
34223.918,1,174747,100,178010,1
34224.045,1,174832,500,178590,-1
34224.207,5,174732,100,178400,-1
34224.336,2,174832,500,178590,-1
34224.389,2,174724,500,178580,-1
34224.392,5,174399,200,178310,1
34224.422,2,174671,1000,178890,-1
34224.439,1,175081,800,178890,-1
34224.446,1,175087,500,178680,-1
34224.483,1,175117,1200,178970,-1
34224.591,1,175187,500,177910,1
34224.93,2,175081,800,178890,-1
34224.989,1,175485,500,178020,1
34225.136,1,175547,500,178690,-1
34225.578,2,102707,500,180500,-1
34225.779,2,175087,500,178680,-1
34225.783,1,175898,500,178580,-1
34225.787,2,175485,500,178020,1
34226.22,5,174399,500,178310,1
34226.271,2,175117,1200,178970,-1
34226.285,2,175547,500,178690,-1
34226.342,1,176243,1200,178870,-1
34226.347,1,176247,500,178590,-1
34226.363,1,176268,500,177920,1
34227.139,2,176268,500,177920,1
34227.141,2,175898,500,178580,-1
34227.223,2,175187,500,177910,1
34227.255,1,176867,500,178480,-1
34227.325,1,176917,500,177910,1
34227.343,2,176867,500,178480,-1
34227.793,1,177201,1500,179600,-1
34227.801,1,177208,500,178580,-1
34227.873,2,176917,500,177910,1
34227.908,1,177273,100,176000,1
34228.091,1,177373,500,177810,1
34228.346,1,177507,500,177920,1
34228.721,1,177714,500,178700,-1
34228.923,5,177169,300,178300,-1
34229.176,1,177975,100,178210,1
34229.228,2,177507,500,177920,1
34229.229,2,177208,500,178580,-1
34229.231,2,176243,1200,178870,-1
34229.245,1,178012,500,178480,-1
34229.247,2,176247,500,178590,-1
34229.294,1,178038,1200,178770,-1
34229.409,1,178102,500,178490,-1
34229.6,2,178038,1200,178770,-1
34229.609,2,178102,500,178490,-1
34229.622,2,178012,500,178480,-1
34229.641,1,178230,1000,178690,-1
34229.784,1,178324,500,178580,-1
34229.951,1,178415,500,178590,-1
34230.096,2,178324,500,178580,-1
34230.102,2,178415,500,178590,-1
34230.169,1,178531,1200,178870,-1
34230.332,1,178599,500,178580,-1
34230.473,1,178676,150,178300,-1
34230.495,4,178676,150,178300,-1
34230.495,5,177169,700,178300,-1
34230.495,5,177602,150,178300,-1
34230.502,1,178694,500,178590,-1
34230.507,5,177602,850,178300,-1
34230.507,5,178602,150,178300,-1
34230.845,2,178531,1200,178870,-1
34230.878,1,178909,500,177920,1
34231.051,2,178694,500,178590,-1
34231.261,1,179137,500,178490,-1
34231.329,2,178909,500,177920,1
34231.331,2,178599,500,178580,-1
34231.441,1,179219,500,178480,-1
34231.891,2,62463,500,184900,-1
34231.988,1,179595,500,177820,1
34232.928,5,179227,200,178220,1
34233.089,2,177373,500,177810,1
34233.887,5,179227,500,178220,1
34234.446,5,180505,100,178300,-1
34234.446,5,180942,200,178300,-1
34235.495,2,179595,500,177820,1
34235.498,2,179219,500,178480,-1
34235.598,1,181657,500,178580,-1
34236.144,1,181980,500,177920,1
34236.259,2,179137,500,178490,-1
34236.405,1,182131,500,178490,-1
34236.539,2,181980,500,177920,1
34236.541,2,181657,500,178580,-1
34236.691,1,182313,500,178480,-1
34236.817,2,182313,500,178480,-1
34236.987,1,182514,1200,178700,-1
34237.222,2,182131,500,178490,-1
34237.24,1,182680,500,178580,-1
34237.282,1,182706,1200,178870,-1
34237.285,1,182709,500,178590,-1
34237.376,5,179227,100,178220,1
34237.784,1,183014,500,177920,1
34238.037,2,183014,500,177920,1
34238.04,2,182680,500,178580,-1
34238.261,2,182706,1200,178870,-1
34238.33,1,183331,500,177820,1
34238.879,1,183652,500,178480,-1
34238.911,1,183674,900,178300,-1
34238.93,4,183674,150,178300,-1
34238.96,4,183674,750,178300,-1
34239.16,2,182709,500,178590,-1
34239.263,1,183854,500,178490,-1
34239.657,2,183331,500,177820,1
34239.66,2,183652,500,178480,-1
34239.772,1,184166,500,178580,-1
34239.829,2,184166,500,178580,-1
34240.317,1,184424,500,178480,-1
34240.472,1,184476,150,178300,-1
34240.875,1,184787,500,177820,1
34240.881,2,184424,500,178480,-1
34240.946,2,184787,500,177820,1
34241.019,2,174747,100,178010,1
34241.02,2,177975,100,178210,1
34241.213,1,184976,1200,177600,1
34241.339,1,185060,500,177810,1
34241.425,1,185097,500,178580,-1
34241.587,4,184476,150,178300,-1
34241.587,1,185180,150,178300,1
34241.754,5,185275,100,178350,1
34241.754,4,185180,150,178300,1
34241.754,1,185326,650,178300,-1
34241.932,5,185417,100,178290,-1
34241.932,4,185326,650,178300,-1
34241.957,2,147031,3000,176200,1
34241.973,1,185433,500,177920,1
34242.13,2,145476,1500,174200,1
34242.172,2,41922,1000,174200,1
34242.338,2,42566,1000,174400,1
34242.368,1,185634,2500,178310,1
34242.592,2,42865,3000,174500,1
34243.316,2,183854,500,178490,-1
34243.431,1,186277,500,178590,-1
34243.715,2,186277,500,178590,-1
34243.98,1,186594,500,178490,-1
34244.279,1,186758,100,178310,1
34244.281,2,159781,2301,178000,1
34244.988,2,186594,500,178490,-1
34245.09,1,187179,500,178590,-1
34245.093,1,187182,1000,178300,1
34246.339,2,185060,500,177810,1
34246.525,1,187845,5000,178300,1
34246.663,2,187179,500,178590,-1
34246.666,2,182514,1200,178700,-1
34246.674,2,185433,500,177920,1
34246.677,2,185097,500,178580,-1
34246.681,1,187949,1200,179000,-1
34246.708,1,187966,500,178480,-1
34246.737,1,187981,500,178490,-1
34246.813,5,187063,75,178360,1
34246.813,4,185634,2500,178310,1
34246.813,4,186758,100,178310,1
34246.813,5,186805,300,178310,1
34246.813,4,187182,1000,178300,1
34246.813,4,187845,825,178300,1
34246.835,4,187845,1000,178300,1
34247.158,2,187966,500,178480,-1
34247.253,1,188225,500,178580,-1
34247.309,1,188243,500,177810,1
34247.798,1,188483,500,177920,1
34247.816,1,188493,200,178800,-1
34248.503,4,187845,3175,178300,1
34248.964,2,188243,500,177810,1
34249.061,1,189058,500,177810,1
34249.775,2,189058,500,177810,1
34250.016,2,188483,500,177920,1
34250.019,2,188225,500,178580,-1
34250.122,1,189549,500,178480,-1
34250.152,1,189570,500,177810,1
34250.278,2,189570,500,177810,1
34250.28,2,187981,500,178490,-1
34250.498,1,189744,150,178300,-1
34250.554,4,189744,150,178300,-1
34250.586,2,187949,1200,179000,-1
34250.59,1,189785,1200,178700,-1
34250.651,1,189821,1200,178670,-1
34250.695,1,189851,500,177820,1
34250.715,1,189859,500,178390,-1
34250.858,2,189821,1200,178670,-1
34250.876,2,189859,500,178390,-1
34250.898,2,189851,500,177820,1
34250.9,2,189549,500,178480,-1
34251.169,1,190083,1200,178770,-1
34251.238,1,190105,500,178580,-1
34251.26,1,190115,500,178490,-1
34251.4,2,190105,500,178580,-1
34251.606,2,190083,1200,178770,-1
34251.719,1,190345,1200,178670,-1
34251.76,2,190115,500,178490,-1
34251.781,2,178230,1000,178690,-1
34251.795,1,190393,500,178480,-1
34251.798,1,190396,1000,178660,-1
34251.813,1,190413,500,177710,1
34251.913,1,190472,900,178380,-1
34251.918,2,190345,1200,178670,-1
34251.94,2,190396,1000,178660,-1
34252.332,1,190680,500,177820,1
34252.356,1,190698,500,178390,-1
34253.068,2,190472,900,178380,-1
34253.139,1,191114,1200,178670,-1
34253.154,5,191081,100,178370,-1
34253.509,5,191253,300,178340,-1
34253.509,5,190242,200,178380,-1
34254.558,2,191114,1200,178670,-1
34255.001,1,192187,1200,178670,-1
34255.054,2,192187,1200,178670,-1
34256.156,1,192794,2000,178300,1
34256.55,2,190413,500,177710,1
34256.638,1,193075,1200,178670,-1
34256.949,1,193265,100,177910,1
34256.964,2,193075,1200,178670,-1
34257.094,2,38777,1000,175000,1
34257.227,4,192794,2000,178300,1
34257.36,2,190698,500,178390,-1
34257.483,2,193265,100,177910,1
34257.495,1,193537,500,178390,-1
34257.515,1,193551,1200,178770,-1
34257.569,2,193551,1200,178770,-1
34258.043,1,193850,200,177910,1
34258.062,1,193858,1200,178670,-1
34258.653,5,193676,300,178280,-1
34259.441,1,194668,100,175200,1
34259.78,5,193754,200,178370,-1
34259.78,5,191832,300,178380,-1
34260.488,1,195172,150,178400,-1
34261.8,2,190393,500,178480,-1
34261.957,1,195933,500,178480,-1
34262.33,2,190680,500,177820,1
34262.499,2,193537,500,178390,-1
34262.503,1,196284,500,177820,1
34262.65,1,196379,500,178390,-1
34263.05,2,193850,200,177910,1
34263.201,1,196810,200,177910,1
34264.191,2,196810,200,177910,1
34264.297,1,197527,200,177910,1
34264.517,2,193858,1200,178670,-1
34264.57,2,197527,200,177910,1
34264.809,2,196284,500,177820,1
34264.812,2,195933,500,178480,-1
34264.845,1,197865,200,178010,1
34264.912,1,197916,500,178580,-1
34264.92,2,196379,500,178390,-1
34265.095,1,198050,100,178100,1
34265.12,1,198072,1000,178300,-1
34265.396,1,198230,500,178490,-1
34265.455,1,198263,500,177920,1
34266.653,1,199006,20000,8600,1
34267.101,2,198263,500,177920,1
34267.103,2,197916,500,178580,-1
34267.207,1,199347,500,178480,-1
34267.226,1,199353,600,178500,-1
34267.451,2,197865,200,178010,1
34267.454,2,199347,500,178480,-1
34267.457,2,198230,500,178490,-1
34267.687,1,199632,200,178010,1
34267.756,1,199683,500,178480,-1
34268.231,1,199956,500,178490,-1
34268.294,4,198072,56,178300,-1
34268.299,1,199987,500,177820,1
34268.352,1,200017,200,178390,-1
34268.356,1,200019,200,178010,1
34268.729,1,200273,900,178700,-1
34271.643,2,105126,1000,177200,1
34271.954,2,200273,900,178700,-1
34272.218,1,202143,90,178280,-1
34272.691,2,199632,200,178010,1
34272.825,1,202516,200,178010,1
34272.849,1,202531,900,178600,-1
34273.231,2,199956,500,178490,-1
34273.724,1,203013,1500,178800,-1
34274.003,4,202143,90,178280,-1
34274.003,5,203083,100,178290,-1
34274.003,4,198072,510,178300,-1
34274.019,2,146766,1250,178000,1
34274.248,1,203232,500,178490,-1
34274.554,4,198072,100,178300,-1
34274.578,1,203370,100,179600,-1
34274.831,1,203544,100,178210,1
34275.019,2,202516,200,178010,1
34275.122,1,203682,200,178110,1
34275.519,2,199987,500,177820,1
34275.523,2,199683,500,178480,-1
34275.628,1,203953,500,178580,-1
34276.173,1,204254,500,177920,1
34276.221,5,203964,1000,178290,-1
34276.439,2,202531,900,178600,-1
34276.879,2,203232,500,178490,-1
34276.965,2,204254,500,177920,1
34276.971,2,203953,500,178580,-1
34276.978,2,203682,200,178110,1
34277.05,1,204685,500,178480,-1
34277.202,1,204763,900,178700,-1
34277.202,1,204764,200,178010,1
34277.302,2,130103,1000,177000,1
34277.383,2,204685,500,178480,-1
34277.392,2,204764,200,178010,1
34277.596,1,204991,500,178480,-1
34277.711,1,205050,1000,178000,1
34277.746,1,205069,200,178110,1
34278.142,1,205271,500,177820,1
34278.294,1,205340,500,178490,-1
34278.323,2,204991,500,178480,-1
34278.352,2,205069,200,178110,1
34278.359,2,205271,500,177820,1
34278.372,2,205340,500,178490,-1
34278.705,1,205582,500,178480,-1
34278.842,1,205654,200,178010,1
34279.253,1,205879,500,177820,1
34279.389,1,205968,500,178390,-1
34280.362,5,203964,277,178290,-1
34281.034,2,205968,500,178390,-1
34281.355,1,206987,500,178390,-1
34281.744,5,203964,100,178290,-1
34281.974,5,203964,623,178290,-1
34281.974,4,198072,334,178300,-1
34281.974,1,207299,1543,178300,1
34282.673,2,206987,500,178390,-1
34282.888,1,207769,500,178490,-1
34282.96,2,130868,1000,177700,1
34283.255,2,207769,500,178490,-1
34283.435,1,208040,500,178390,-1
34283.504,2,208040,500,178390,-1
34283.773,1,208217,100,178300,1
34283.841,2,205654,200,178010,1
34284.104,1,208378,200,178010,1
34284.582,5,208482,150,178350,1
34284.608,2,195172,150,178400,-1
34284.611,5,208482,150,178350,1
34284.667,2,205879,500,177820,1
34284.67,2,205582,500,178480,-1
34284.725,1,208733,500,178580,-1
34284.749,1,208740,1200,178670,-1
34284.763,1,208755,500,178490,-1
34284.774,4,207299,150,178300,1
34284.909,2,208740,1200,178670,-1
34285.242,5,191832,500,178380,-1
34285.242,4,200017,200,178390,-1
34285.27,1,209026,500,177920,1
34285.387,1,209065,86,178300,1
34285.418,1,209079,2000,178300,1
34285.615,2,207299,1393,178300,1
34285.946,2,177714,500,178700,-1
34286.09,2,200019,200,178010,1
34286.206,1,209502,200,178580,-1
34286.212,1,209506,200,178210,1
34286.26,1,209553,800,178400,-1
34286.389,4,209553,100,178400,-1
34286.517,4,209553,700,178400,-1
34286.53,4,208755,500,178490,-1
34286.53,5,209548,500,178490,-1
34286.551,1,209708,2000,178400,1
34286.554,2,203544,100,178210,1
34286.975,4,199353,600,178500,-1
34286.975,5,199354,1400,178500,-1
34286.982,1,209972,600,178500,-1
34287.182,5,210003,19,178440,1
34287.221,1,210088,1500,177000,1
34287.326,4,209972,600,178500,-1
34287.326,5,199354,1400,178500,-1
34287.334,1,210138,600,178500,-1
34287.474,4,210138,600,178500,-1
34287.474,5,199354,1400,178500,-1
34287.481,1,210203,600,178500,-1
34287.649,4,210203,600,178500,-1
34287.649,5,199354,1400,178500,-1
34287.655,1,210284,600,178500,-1
34287.951,5,210429,200,178490,-1
34288.006,2,209079,2000,178300,1
34288.008,5,210365,100,178450,1
34288.008,5,210146,1900,178440,1
34288.013,2,209708,2000,178400,1
34288.288,4,210284,100,178500,-1
34288.619,5,210740,300,178360,1
34288.803,4,210284,500,178500,-1
34288.803,5,199354,400,178500,-1
34288.812,1,210934,600,178500,-1
34289.018,2,208217,100,178300,1
34289.101,2,208378,200,178010,1
34289.244,1,211178,700,178010,1
34289.417,5,211142,200,178450,-1
34289.417,5,211070,200,178480,-1
34289.489,5,211070,550,178480,-1
34289.489,5,211072,400,178490,-1
34289.489,5,211102,50,178490,-1
34289.622,5,211374,100,178450,-1
34289.622,4,210934,600,178500,-1
34289.622,5,199354,1400,178500,-1
34289.78,1,211505,1200,178770,-1
34290.215,2,209026,500,177920,1
34290.216,2,208733,500,178580,-1
34290.315,1,211778,500,178680,-1
34290.862,1,212072,500,178020,1
34291.44,1,212345,200,177600,1
34291.549,2,211178,700,178010,1
34291.652,1,212450,700,178110,1
34292.037,2,211505,1200,178770,-1
34292.592,1,212910,500,178600,-1
34292.958,4,209502,200,178580,-1
34293.181,2,209506,200,178210,1
34293.243,1,213222,200,178710,-1
34293.25,1,213225,200,178330,1
34293.863,1,213494,100,178500,1
34294.259,2,212072,500,178020,1
34294.262,2,211778,500,178680,-1
34294.361,1,213693,500,178780,-1
34294.908,1,213931,500,178120,1
34296.567,5,213936,100,178510,1
34296.567,4,213494,50,178500,1
34296.575,2,213494,50,178500,1
34296.582,1,214666,100,178500,1
34296.65,2,212450,700,178110,1
34296.711,1,214749,250,178300,1
34296.793,1,214794,700,178110,1
34297.315,2,213931,500,178120,1
34297.316,2,213693,500,178780,-1
34297.424,1,215100,500,178680,-1
34297.627,2,215100,500,178680,-1
34297.673,2,214794,700,178110,1
34297.775,1,215296,700,178210,1
34297.977,1,215423,500,178780,-1
34298.519,1,215698,500,178120,1
34299.038,2,189785,1200,178700,-1
34299.04,5,214700,100,178550,1
34299.04,4,214666,100,178500,1
34299.04,5,213498,800,178500,1
34299.048,5,213498,200,178500,1
34299.049,1,215987,100,178500,1
34299.066,2,215698,500,178120,1
34299.068,2,215423,500,178780,-1
34299.074,4,215987,100,178500,1
34299.074,5,213498,900,178500,1
34299.083,1,216007,100,178500,1
34299.123,5,216028,100,178550,1
34299.123,4,216007,100,178500,1
34299.123,5,213498,800,178500,1
34299.135,1,216037,100,178500,1
34299.166,4,216037,100,178500,1
34299.166,5,213498,900,178500,1
34299.174,1,216060,100,178500,1
34299.179,1,216065,500,178680,-1
34299.2,5,216072,100,178550,1
34299.2,4,216060,100,178500,1
34299.2,5,213498,800,178500,1
34299.205,2,215296,700,178210,1
34299.211,1,216084,100,178500,1
34299.246,4,216084,100,178500,1
34299.246,5,213498,200,178500,1
34299.257,1,216108,100,178500,1
34299.258,1,216110,1200,179000,-1
34299.307,1,216151,700,178110,1
34299.536,4,216108,100,178500,1
34299.548,1,216256,100,178500,1
34299.661,2,216151,700,178110,1
34299.737,1,216369,500,178020,1
34299.858,1,216431,700,178210,1
34300.095,2,203013,1500,178800,-1
34300.152,4,216256,100,178500,1
34300.165,1,216589,100,178500,1
34300.259,4,216589,100,178500,1
34300.269,1,216638,100,178500,1
34300.373,4,216638,100,178500,1
34300.373,5,213498,900,178500,1
34300.385,1,216702,100,178500,1
34300.387,4,216702,100,178500,1
34300.387,5,213498,1300,178500,1
34300.399,1,216711,100,178500,1
34300.626,4,216711,100,178500,1
34300.626,5,213498,50,178500,1
34300.642,1,216865,100,178500,1
34300.699,4,216865,100,178500,1
34300.699,5,213498,900,178500,1
34300.711,1,216920,100,178500,1
34300.713,4,216920,100,178500,1
34300.726,1,216933,100,178500,1
34301.024,4,216933,100,178500,1
34301.033,1,217128,100,178500,1
34301.16,4,217128,100,178500,1
34301.16,5,213498,200,178500,1
34301.171,1,217173,100,178500,1
34301.188,4,217173,100,178500,1
34301.188,5,213498,100,178500,1
34301.199,1,217188,100,178500,1
34301.21,4,217188,100,178500,1
34301.21,5,213498,100,178500,1
34302.621,2,216431,700,178210,1
34302.702,1,218027,700,178110,1
34304.169,2,204763,900,178700,-1
34304.637,1,219108,900,178700,-1
34305.601,1,219539,1200,178500,-1
34306.286,2,216110,1200,179000,-1
34306.291,1,219878,800,178700,-1
34307.251,1,220399,100,178590,-1
34307.701,2,218027,700,178110,1
34307.837,1,220615,700,178110,1
34307.84,1,220616,100,178010,1
34309.181,2,216065,500,178680,-1
34309.285,1,221236,500,178680,-1
34309.741,2,216369,500,178020,1
34309.832,1,221568,500,178020,1
34310.162,2,221568,500,178020,1
34310.168,2,221236,500,178680,-1
34310.179,2,220399,100,178590,-1
34310.183,2,220616,100,178010,1
34310.38,1,221821,500,178580,-1
34310.474,1,221861,100,178500,-1
34310.495,2,221821,500,178580,-1
34310.629,1,221956,150,178500,-1
34310.927,1,222138,500,178580,-1
34311.472,1,222409,500,177920,1
34311.55,2,213222,200,178710,-1
34311.552,2,213225,200,178330,1
34311.556,1,222447,200,178710,-1
34311.558,1,222451,200,178330,1
34312.841,2,220615,700,178110,1
34312.978,1,223208,700,178110,1
34313.007,2,221861,100,178500,-1
34313.108,1,223264,100,178590,-1
34313.507,5,223251,600,178450,-1
34313.507,5,223407,600,178480,-1
34313.666,2,222409,500,177920,1
34313.668,1,223605,100,178010,1
34313.67,2,222138,500,178580,-1
34313.771,1,223667,500,178680,-1
34313.931,2,223667,500,178680,-1
34314.317,1,223954,500,178580,-1
34314.373,2,223954,500,178580,-1
34314.603,1,224233,1000,178300,1
34314.628,2,223208,700,178110,1
34314.644,2,209065,86,178300,1
34314.734,1,224390,700,178210,1
34314.843,1,224478,1107,178400,-1
34314.862,1,224498,500,178680,-1
34315.368,4,224478,86,178400,-1
34315.408,1,224817,500,178020,1
34315.449,2,223605,100,178010,1
34315.451,2,223264,100,178590,-1
34315.719,1,225020,100,178500,-1
34316.021,4,224478,1021,178400,-1
34316.021,5,223407,1107,178480,-1
34316.021,4,219539,572,178500,-1
34316.023,2,219539,628,178500,-1
34316.033,1,225193,1200,178400,-1
34316.408,2,225020,100,178500,-1
34316.688,4,225193,500,178400,-1
34316.747,1,225578,100,178590,-1
34316.908,4,225193,500,178400,-1
34317.107,1,225742,1000,178300,1
34317.707,1,226043,2600,181000,-1
34318.817,4,225193,200,178400,-1
34318.893,2,224390,700,178210,1
34318.999,1,226730,700,178310,1
34319.001,1,226733,1250,178300,1
34320.119,2,224817,500,178020,1
34320.122,2,224498,500,178680,-1
34320.125,2,226730,700,178310,1
34320.131,1,227328,500,178580,-1
34320.201,1,227373,700,178210,1
34320.236,1,227380,100,178010,1
34320.526,2,227328,500,178580,-1
34320.532,2,227373,700,178210,1
34320.573,1,227599,400,178500,-1
34320.602,1,227621,150,178400,-1
34320.606,2,221956,150,178500,-1
34320.675,1,227681,500,178020,1
34320.744,1,227731,700,178310,1
34320.773,1,227753,150,178400,-1
34320.846,4,227621,150,178400,-1
34320.846,4,227753,150,178400,-1
34320.967,4,227599,400,178500,-1
34320.967,5,226093,1000,178500,-1
34321.142,1,227966,2000,178400,1
34321.221,1,228017,500,178680,-1
34322.163,1,228541,100,178400,1
34322.24,1,228607,900,178400,1
34322.621,2,227380,100,178010,1
34322.624,2,225578,100,178590,-1
34322.721,1,228900,100,178110,1
34322.868,2,227681,500,178020,1
34322.869,2,228017,500,178680,-1
34322.972,1,229060,500,178780,-1
34323.193,1,229163,1000,178500,1
34323.226,1,229183,100,178690,-1
34323.273,1,229196,1000,178500,1
34323.326,2,222447,200,178710,-1
34323.334,2,222451,200,178330,1
34323.376,2,227731,700,178310,1
34323.387,1,229246,1000,178500,1
34323.483,1,229303,700,178210,1
34323.517,1,229319,500,178120,1
34324.066,4,229163,100,178500,1
34324.077,4,229163,900,178500,1
34324.077,4,229196,1000,178500,1
34324.077,4,229246,1000,178500,1
34324.179,2,229303,700,178210,1
34324.243,1,229723,700,178210,1
34324.557,1,229867,100,178500,-1
34324.649,2,229723,700,178210,1
34324.732,4,229867,100,178500,-1
34324.732,5,229641,900,178500,-1
34324.807,1,230039,700,178310,1
34324.994,1,230138,100,178500,-1
34325.356,4,230138,100,178500,-1
34325.356,5,229641,100,178500,-1
34325.367,5,229641,400,178500,-1
34325.726,1,230514,100,178500,-1
34325.764,4,230514,100,178500,-1
34325.764,5,229641,100,178500,-1
34326.203,1,230763,100,178500,-1
34326.404,2,205050,1000,178000,1
34326.828,1,231083,1000,178300,1
34327.006,4,230763,100,178500,-1
34327.046,1,231207,100,178500,-1
34328.489,4,231207,100,178500,-1
34328.537,1,232028,100,178500,-1
34328.541,4,232028,100,178500,-1
34328.541,5,229641,300,178500,-1
34328.571,5,229641,100,178500,-1
34328.639,2,188493,200,178800,-1
34328.698,2,228900,100,178110,1
34328.699,2,229183,100,178690,-1
34328.799,1,232210,100,178210,1
34328.925,1,232262,100,178500,-1
34329.122,2,232210,100,178210,1
34329.311,1,232478,100,178690,-1
34329.598,4,232262,100,178500,-1
34329.636,1,232655,100,178500,-1
34329.788,5,229650,200,178420,1
34329.812,2,230039,700,178310,1
34329.823,1,232785,100,178110,1
34329.952,1,232875,700,178310,1
34329.986,2,229319,500,178120,1
34329.987,2,229060,500,178780,-1
34330.027,1,232911,1000,177600,1
34330.097,1,232954,500,178680,-1
34330.159,4,232655,100,178500,-1
34330.159,5,229641,100,178500,-1
34330.179,5,229641,4200,178500,-1
34330.644,1,233281,500,178020,1
34330.647,2,232954,500,178680,-1
34330.702,2,233281,500,178020,1
34331.065,1,233517,5000,178500,1
34331.227,1,233595,500,178780,-1
34331.751,1,233911,500,178120,1
34332.028,5,233994,150,178550,1
34332.363,1,234331,1107,178510,1
34332.451,2,219108,900,178700,-1
34332.642,2,232785,100,178110,1
34332.645,2,232478,100,178690,-1
34332.905,1,234777,900,178700,-1
34332.947,1,234796,100,178790,-1
34333.486,1,235120,500,179500,-1
34334.273,2,233911,500,178120,1
34334.281,2,233595,500,178780,-1
34334.376,1,235724,500,178880,-1
34334.579,2,235724,500,178880,-1
34334.739,5,234776,70,178520,1
34334.836,5,234776,53,178520,1
34334.926,1,236261,500,178880,-1
34334.952,2,232875,700,178310,1
34334.981,2,236261,500,178880,-1
34335.037,5,234776,35,178520,1
34335.081,1,236410,100,178210,1
34335.092,1,236429,700,178310,1
34335.421,5,234776,68,178520,1
34335.475,1,236687,500,178780,-1
34335.49,2,234331,1107,178510,1
34336.02,1,237083,500,178120,1
34336.53,2,234777,900,178700,-1
34336.745,2,237083,500,178120,1
34336.749,2,236687,500,178780,-1
34336.799,1,237676,500,178880,-1
34336.892,1,237786,900,178800,-1
34337.172,2,236429,700,178310,1
34337.279,1,238042,700,178410,1
34337.34,2,238042,700,178410,1
34337.347,2,237676,500,178880,-1
34337.355,1,238112,500,178780,-1
34337.584,5,237260,100,178540,1
34337.876,1,238516,500,178120,1
34337.931,1,238572,700,178310,1
34338.337,2,236410,100,178210,1
34338.34,2,234796,100,178790,-1
34338.685,1,239166,100,178690,-1
34338.752,2,239166,100,178690,-1
34338.848,5,234776,1000,178520,1
34338.902,1,239360,300,170100,1
34339.022,5,234776,200,178520,1
34339.187,1,239538,100,178790,-1
34339.194,5,234776,574,178520,1
34339.194,4,233517,1426,178500,1
34339.354,1,239648,600,179400,-1
34339.665,2,238516,500,178120,1
34339.667,1,239864,500,178320,1
34339.821,2,239864,500,178320,1
34339.823,2,238112,500,178780,-1
34339.825,4,233517,2000,178500,1
34339.968,1,240068,100,178210,1
34340.077,4,233517,900,178500,1
34340.162,1,240172,500,178680,-1
34340.235,2,238572,700,178310,1
34340.241,2,240172,500,178680,-1
34340.277,2,240068,100,178210,1
34340.281,2,239538,100,178790,-1
34340.338,1,240278,700,178410,1
34340.477,1,240361,100,178690,-1
34340.621,4,233517,674,178500,1
34340.635,1,240472,150,178600,-1
34340.725,1,240540,500,178680,-1
34341.008,1,240743,100,178110,1
34341.241,1,240911,200,178300,1
34341.268,1,240929,500,178220,1
34341.317,2,240278,700,178410,1
34341.43,1,241027,700,178310,1
34342.203,1,241551,100,178600,-1
34342.566,5,241730,400,178550,-1
34342.566,5,240650,1919,178560,-1
34342.566,4,212910,500,178600,-1
34342.566,4,240472,86,178600,-1
34342.7,2,240743,100,178110,1
34342.704,2,240361,100,178690,-1
34342.874,1,242033,1000,178500,1
34343.001,1,242105,100,178790,-1
34343.308,4,242033,400,178500,1
34343.309,4,242033,400,178500,1
34343.78,2,101040,2000,178100,1
34344.562,2,242105,100,178790,-1
34344.665,1,243180,100,178690,-1
34344.731,2,243180,100,178690,-1
34345.187,4,242033,200,178500,1
34345.265,1,243517,100,178790,-1
34345.329,2,243517,100,178790,-1
34345.33,1,243552,1000,175400,1
34345.574,1,243716,100,178410,1
34345.585,1,243718,500,178200,1
34345.824,1,243888,100,178690,-1
34346.433,2,241027,700,178310,1
34346.605,1,244270,700,178310,1
34347.579,2,244270,700,178310,1
34347.713,1,244896,700,178310,1
34347.802,2,244896,700,178310,1
34347.879,2,240472,64,178600,-1
34348.14,1,245141,64,178500,-1
34348.368,1,245254,700,178410,1
34348.629,5,245158,100,178450,-1
34348.629,4,245141,64,178500,-1
34350.058,2,26392,505,165000,1
34350.722,2,240540,500,178680,-1
34350.77,1,246629,150,178500,-1
34350.911,1,246709,500,178680,-1
34351.037,4,246629,136,178500,-1
34351.272,2,240929,500,178220,1
34351.366,1,246980,100,178110,1
34351.488,1,247039,500,178220,1
34351.579,4,246629,14,178500,-1
34351.851,5,247077,86,178520,1
34351.851,5,247067,200,178460,1
34351.851,5,247006,514,178450,1
34352.031,2,246980,100,178110,1
34352.033,2,243888,100,178690,-1
34352.176,1,247462,100,178210,1
34352.531,2,237786,900,178800,-1
34352.767,1,247837,100,178790,-1
34352.855,1,247912,300,178890,-1
34352.889,2,247039,500,178220,1
34352.891,2,246709,500,178680,-1
34352.892,2,245254,700,178410,1
34352.927,1,247962,500,178320,1
34353.042,1,248031,900,178800,-1
34353.156,2,247912,300,178890,-1
34353.197,2,247962,500,178320,1
34353.403,1,248262,600,178510,1
34353.454,1,248292,500,178220,1
34353.513,2,248031,900,178800,-1
34353.798,2,248262,600,178510,1
34353.946,1,248658,500,178890,-1
34354.004,1,248685,500,178680,-1
34354.496,1,248957,300,178510,1
34354.544,1,248999,900,178900,-1
34354.576,5,248988,1000,178540,1
34354.587,5,248988,600,178540,1
34354.604,5,248988,200,178540,1
34354.794,2,248292,500,178220,1
34354.796,2,248685,500,178680,-1
34354.907,1,249262,500,178320,1
34355.401,4,248957,26,178510,1
34355.457,1,249597,500,178780,-1
34355.858,2,248957,274,178510,1
34356.025,1,249943,200,178510,1
34357.081,4,241551,100,178600,-1
34357.12,5,250346,51,178550,1
34357.328,1,250786,1000,178600,-1
34357.572,4,250786,1000,178600,-1
34357.638,2,248999,900,178900,-1
34358.045,2,249943,200,178510,1
34358.225,2,247462,100,178210,1
34358.228,2,247837,100,178790,-1
34358.368,1,251445,1000,178600,1
34358.419,1,251496,900,179000,-1
34358.435,1,251505,100,178890,-1
34358.502,1,251547,1000,178600,1
34358.757,1,251733,1000,178600,1
34358.758,1,251735,200,178410,1
34358.943,2,248658,500,178890,-1
34358.954,1,251843,100,178310,1
34359.085,2,249262,500,178320,1
34359.088,2,249597,500,178780,-1
34359.131,4,219878,500,178700,-1
34359.192,1,251980,500,178880,-1
34359.307,1,252066,500,178890,-1
34359.737,1,252348,500,178420,1
34359.795,1,252387,100,178600,1
34360.561,2,251735,200,178410,1
34360.633,1,252898,200,178510,1
34360.66,2,251733,1000,178600,1
34360.662,2,251547,1000,178600,1
34360.663,2,251445,1000,178600,1
34360.707,1,252976,150,178700,-1
34360.741,1,253001,1000,178700,-1
34360.847,4,219878,300,178700,-1
34361.294,4,252976,100,178700,-1
34361.359,2,252066,500,178890,-1
34361.595,2,252387,100,178600,1
34361.613,1,253536,500,178990,-1
34361.718,2,252348,500,178420,1
34361.72,2,251980,500,178880,-1
34361.816,4,252976,50,178700,-1
34361.816,4,253001,150,178700,-1
34361.831,1,253692,500,178980,-1
34361.883,2,251843,100,178310,1
34361.887,2,251505,100,178890,-1
34362.079,1,253821,100,178990,-1
34362.287,4,253001,850,178700,-1
34362.379,1,253965,500,178520,1
34362.641,1,254122,100,178410,1
34363.278,2,252898,200,178510,1
34363.329,2,214749,250,178300,1
34363.352,2,253536,500,178990,-1
34363.355,1,254575,200,178610,1
34363.471,2,254122,100,178410,1
34363.472,2,253821,100,178990,-1
34363.489,2,253965,500,178520,1
34363.492,2,253692,500,178980,-1
34363.591,1,254721,1200,179270,-1
34363.6,1,254730,500,178620,1
34363.701,1,254818,100,178510,1
34363.902,1,255003,500,179090,-1
34363.904,5,254748,600,178640,1
34363.904,5,254569,100,178630,1
34364.155,1,255216,500,179080,-1
34364.161,2,254730,500,178620,1
34364.218,1,255268,100,179090,-1
34364.225,2,255216,500,179080,-1
34364.227,2,254818,100,178510,1
34364.286,2,255268,100,179090,-1
34364.501,1,255451,10,178800,1
34364.725,1,255646,500,178980,-1
34364.742,1,255657,100,178410,1
34365.012,2,254721,1200,179270,-1
34365.247,1,255990,100,178990,-1
34365.283,2,255646,500,178980,-1
34365.289,1,256015,500,179080,-1
34365.329,2,255657,100,178410,1
34365.331,2,255990,100,178990,-1
34365.425,2,254575,200,178610,1
34365.557,1,256214,200,178710,1
34365.774,1,256344,100,179090,-1
34365.847,1,256374,500,178620,1
34365.957,2,255003,500,179090,-1
34366.104,1,256548,500,179190,-1
34366.277,1,256614,100,178510,1
34366.842,5,253911,200,178880,-1
34366.842,5,255018,600,178880,-1
34366.842,4,121102,200,178900,-1
34366.854,4,121102,100,178900,-1
34366.881,2,256614,100,178510,1
34366.883,2,256344,100,179090,-1
34366.905,4,121102,42,178900,-1
34366.905,4,132179,30,178900,-1
34366.99,1,257122,100,178610,1
34367.508,2,255451,10,178800,1
34367.638,1,257548,100,179190,-1
34367.647,1,257562,10,178800,1
34368.358,1,258025,1200,178100,1
34368.36,2,184976,1200,177600,1
34368.484,2,256374,500,178620,1
34368.486,2,256015,500,179080,-1
34368.543,2,251496,900,179000,-1
34368.567,1,258184,200,179060,-1
34368.602,1,258212,500,179180,-1
34368.779,1,258386,100,181000,-1
34368.796,2,257122,100,178610,1
34368.804,2,257548,100,179190,-1
34368.969,1,258543,100,179290,-1
34369.162,1,258646,500,178720,1
34369.178,2,256214,200,178710,1
34369.251,1,258701,900,179000,-1
34369.274,1,258725,200,178810,1
34369.582,1,258946,100,178710,1
34370.345,4,105329,1100,179000,-1
34370.385,2,258701,900,179000,-1
34370.721,2,256548,500,179190,-1
34371.043,1,260035,500,179290,-1
34371.1,4,105329,83,179000,-1
34371.198,1,260124,900,179100,-1
34371.237,1,260141,150,178900,-1
34371.244,2,258646,500,178720,1
34371.246,2,258212,500,179180,-1
34371.35,1,260220,500,179280,-1
34371.531,4,260141,150,178900,-1
34371.717,5,260248,400,178940,-1
34371.717,4,105329,500,179000,-1
34371.743,4,105329,50,179000,-1
34371.866,1,260629,5000,178300,1
34371.892,1,260643,500,178820,1
34373.195,5,260684,100,178950,-1
34373.195,4,105329,1662,179000,-1
34373.195,4,133758,46,179000,-1
34373.195,4,145821,300,179000,-1
34373.195,1,261494,1783,179000,1
34373.228,4,261494,1783,179000,1
34374.276,2,258725,200,178810,1
34374.434,1,262427,200,178810,1
34374.606,5,261988,83,178900,1
34374.715,2,257562,10,178800,1
34374.858,1,262791,10,178900,1
34374.86,1,262792,100,178980,-1
34374.94,4,262791,10,178900,1
34374.94,5,261988,7,178900,1
34375.322,2,260035,500,179290,-1
34375.347,2,260643,500,178820,1
34375.349,2,260220,500,179280,-1
34375.431,1,263162,500,179180,-1
34375.451,2,258946,100,178710,1
34375.453,2,258543,100,179290,-1
34375.498,2,262427,200,178810,1
34375.515,1,263217,1000,178420,1
34375.645,1,263323,200,178710,1
34375.723,1,263408,100,179190,-1
34375.989,1,263632,500,178720,1
34376.071,2,146355,900,182500,-1
34376.114,1,263744,1000,179000,-1
34376.2,2,260124,900,179100,-1
34376.249,1,263844,100,178610,1
34376.268,5,263030,100,178930,-1
34376.268,5,263086,700,178970,-1
34376.268,5,263465,90,178970,-1
34376.268,4,262792,100,178980,-1
34376.268,4,263744,10,179000,-1
34376.418,1,263946,500,179190,-1
34376.46,5,263564,400,178900,1
34376.625,1,264141,900,179100,-1
34376.637,1,264154,1000,178980,-1
34376.976,2,263632,500,178720,1
34376.98,2,263162,500,179180,-1
34377.084,1,264536,500,179080,-1
34377.129,1,264567,3000,178900,-1
34377.627,1,264934,500,178620,1
34378.078,2,263844,100,178610,1
34378.083,2,263408,100,179190,-1
34378.212,1,265441,100,178510,1
34378.911,5,265186,100,178850,-1
34378.911,5,264739,2365,178860,-1
34378.911,4,264567,535,178900,-1
34378.996,2,264141,900,179100,-1
34379.39,1,266438,1000,178900,-1
34379.491,5,266160,300,178850,-1
34379.491,4,264567,2300,178900,-1
34379.583,4,264567,165,178900,-1
34379.583,4,266438,435,178900,-1
34379.778,1,266795,150,178900,-1
34379.911,2,264154,1000,178980,-1
34380.025,1,266993,100,179090,-1
34380.304,2,266438,565,178900,-1
34380.53,1,267405,900,179100,-1
34380.643,2,263323,200,178710,1
34380.791,1,267662,200,178710,1
34381.424,2,263946,500,179190,-1
34381.46,2,265441,100,178510,1
34381.464,2,266993,100,179090,-1
34381.639,1,268371,100,178610,1
34381.74,2,268371,100,178610,1
34382.15,1,268785,100,179090,-1
34382.676,1,269223,100,178510,1
34383.266,2,263744,990,179000,-1
34383.637,4,266795,150,178900,-1
34383.675,5,270028,500,178900,1
34383.961,1,270306,500,179190,-1
34384.298,1,270600,1000,190000,-1
34384.301,1,270602,1000,190000,-1
34384.608,2,144643,500,177000,1
34385.068,1,271289,500,178500,1
34385.794,2,267662,200,178710,1
34385.91,5,271269,700,178910,1
34385.91,1,272084,29300,178900,-1
34385.93,1,272104,200,178710,1
34386.274,2,269223,100,178510,1
34386.277,2,268785,100,179090,-1
34386.378,1,272467,100,178610,1
34386.586,1,272607,1000,179000,-1
34386.823,2,272467,100,178610,1
34387.059,1,273058,100,179090,-1
34387.084,2,264536,500,179080,-1
34387.148,5,272842,100,178890,1
34387.158,1,273115,500,179080,-1
34387.308,1,273230,100,178900,-1
34387.472,2,272104,200,178710,1
34387.573,1,273441,200,178810,1
34387.625,2,264934,500,178620,1
34387.697,1,273572,100,178510,1
34387.719,4,272084,500,178900,-1
34387.769,2,273572,100,178510,1
34387.772,2,273058,100,179090,-1
34387.819,1,273727,500,178620,1
34387.949,4,272084,100,178900,-1
34388.125,2,270306,500,179190,-1
34388.163,2,273727,500,178620,1
34388.17,2,273115,500,179080,-1
34388.214,1,274033,100,179090,-1
34388.247,2,273441,200,178810,1
34388.263,4,272084,250,178900,-1
34388.267,2,263217,1000,178420,1
34388.281,1,274090,1000,178510,1
34388.301,2,274033,100,179090,-1
34388.347,4,272084,200,178900,-1
34388.363,1,274160,500,179080,-1
34388.521,4,272084,500,178900,-1
34388.679,2,274160,500,179080,-1
34388.74,1,274498,100,178610,1
34388.912,1,274654,500,178720,1
34388.934,4,272084,16700,178900,-1
34389.03,4,272084,100,178900,-1
34389.244,1,274924,100,179190,-1
34389.347,2,274654,500,178720,1
34389.455,1,275103,500,179080,-1
34389.694,4,272084,100,178900,-1
34389.708,2,160052,2000,176100,1
34389.744,4,272084,1000,178900,-1
34389.775,2,66267,1000,174500,1
34389.988,5,273489,150,178830,1
34390.006,1,275543,500,178620,1
34390.245,4,272084,100,178900,-1
34390.781,2,275543,500,178620,1
34390.785,2,275103,500,179080,-1
34390.887,1,276317,500,178720,1
34391.073,2,273230,100,178900,-1
34391.442,1,276749,500,179180,-1
34391.974,2,274498,100,178610,1
34391.976,2,274924,100,179190,-1
34392.001,5,274028,200,178830,1
34392.001,5,274525,700,178820,1
34392.001,5,274347,1100,178810,1
34392.073,1,277255,100,178710,1
34392.218,1,277363,100,178810,1
34392.261,2,225742,1000,178300,1
34392.532,4,272084,65,178900,-1
34393.689,4,272084,100,178900,-1
34394.38,4,272084,300,178900,-1
34394.868,4,272084,2900,178900,-1
34395.036,4,272084,1000,178900,-1
34395.241,4,272084,4000,178900,-1
34396.087,1,280601,1200,179200,-1
34396.155,4,272084,1385,178900,-1
34396.168,4,272607,915,179000,-1
34396.819,1,281252,50,158400,1
34397.027,2,276317,500,178720,1
34397.03,2,276749,500,179180,-1
34397.156,1,281519,500,178820,1
34397.22,1,281580,100,179290,-1
34397.227,2,277255,100,178710,1
34397.291,2,281580,100,179290,-1
34397.324,2,272607,85,179000,-1
34397.464,1,281791,500,179490,-1
34397.693,1,282008,500,179280,-1
34397.76,1,282075,100,178810,1
34398.272,1,282475,100,179390,-1
34398.866,2,144280,100,192000,-1
34399.497,5,283408,500,179000,-1
34399.572,4,258184,200,179060,-1
34400.36,5,283880,150,179010,1
34400.425,2,277363,100,178810,1
34400.426,2,243716,100,178410,1
34400.449,2,281519,500,178820,1
34400.451,2,282008,500,179280,-1
34400.549,1,284355,500,178920,1
34400.914,4,267405,900,179100,-1
34401.111,1,284828,500,179380,-1
34401.572,2,282075,100,178810,1
34401.576,2,282475,100,179390,-1
34401.711,1,285298,100,178910,1
34401.937,1,285501,100,179100,1
34402.14,1,285645,100,179100,1
34402.209,1,285698,100,179490,-1
34402.36,1,285812,100,179100,1
34402.464,2,281791,500,179490,-1
34402.606,1,286004,500,179490,-1
34403.156,1,286496,100,179200,-1
34403.456,2,280601,1200,179200,-1
34403.459,2,258025,1200,178100,1
34403.499,1,286798,1200,179700,-1
34403.502,1,286800,800,178400,1
34403.672,4,286496,100,179200,-1
34403.864,2,284355,500,178920,1
34403.871,2,284828,500,179380,-1
34403.975,1,287211,500,179480,-1
34404.0,1,287240,1000,179100,1
34404.26,2,286798,1200,179700,-1
34404.303,1,287499,1100,179400,-1
34404.536,1,287642,500,179020,1
34405.58,1,288550,1000,179100,1
34405.881,2,153015,300,178000,1
34406.07,1,288930,300,178900,1
34406.698,1,289458,100,179000,1
34406.863,1,289623,1000,179200,1
34407.604,2,286004,500,179490,-1
34407.693,1,290284,1000,179400,-1
34407.741,1,290335,500,179490,-1
34407.914,5,290200,300,179300,-1
34407.987,5,290200,100,179300,-1
34408.158,1,290653,900,179400,-1
34408.622,2,285812,100,179100,1
34408.624,2,285645,100,179100,1
34408.624,2,285501,100,179100,1
34408.995,5,291046,700,179360,-1
34409.048,5,291046,1300,179360,-1
34409.048,5,284064,500,179380,-1
34409.048,5,284832,500,179380,-1
34409.048,5,291293,300,179390,-1
34409.048,5,291376,400,179390,-1
34409.048,4,85718,1000,179400,-1
34409.048,4,239648,600,179400,-1
34409.127,1,291447,5000,178700,1
34409.155,5,291415,2000,179360,-1
34409.155,5,291439,700,179390,-1
34409.155,4,287499,300,179400,-1
34409.173,4,287499,500,179400,-1
34409.452,4,287499,300,179400,-1
34409.452,4,290284,200,179400,-1
34409.58,4,290284,200,179400,-1
34409.622,1,291813,1000,179400,-1
34409.763,1,291950,150,179400,-1
34409.817,4,290284,600,179400,-1
34409.817,4,290653,900,179400,-1
34409.817,4,291813,1000,179400,-1
34409.817,4,291950,150,179400,-1
34410.017,1,292178,50,179400,1
34410.06,4,292178,50,179400,1
34410.373,2,198050,100,178100,1
34410.569,2,289458,100,179000,1
34410.603,2,285298,100,178910,1
34410.609,2,285698,100,179490,-1
34410.682,5,292636,600,179400,-1
34410.811,1,292830,100,179590,-1
34411.14,2,290335,500,179490,-1
34411.245,1,293150,500,179590,-1
34411.317,2,293150,500,179590,-1
34411.414,1,293279,100,179010,1
34411.435,2,287642,500,179020,1
34411.439,2,287211,500,179480,-1
34411.472,1,293322,500,179580,-1
34411.789,1,293621,500,179490,-1
34411.84,2,293279,100,179010,1
34411.845,2,292830,100,179590,-1
34411.971,1,293744,100,178910,1
34412.042,1,293793,500,179120,1
34412.453,1,294159,900,179600,-1
34412.462,2,293793,500,179120,1
34412.466,2,293322,500,179580,-1
34412.504,1,294206,100,179490,-1
34412.564,1,294258,500,179580,-1
34412.808,2,26503,1000,181800,-1
34413.122,1,294750,500,179120,1
34413.172,5,294221,700,179310,1
34413.172,5,294295,700,179310,1
34413.304,2,287240,1000,179100,1
34413.321,2,288550,1000,179100,1
34413.323,2,289623,1000,179200,1
34413.499,5,294833,650,179310,1
34413.499,5,294841,350,179310,1
34413.944,1,295379,1000,179500,-1
34414.393,1,295742,1000,179400,-1
34414.437,2,235120,500,179500,-1
34414.447,2,293621,500,179490,-1
34414.664,1,295990,500,179590,-1
34415.03,2,295990,500,179590,-1
34415.313,2,294750,500,179120,1
34415.314,2,294258,500,179580,-1
34415.319,1,296546,500,179490,-1
34415.423,1,296606,500,179480,-1
34415.595,1,296757,1600,179380,-1
34415.658,2,212345,200,177600,1
34415.93,1,297123,1000,179300,-1
34416.003,1,297174,500,179020,1
34416.597,5,295617,70,179210,1
34416.599,5,295617,100,179210,1
34416.64,2,297123,1000,179300,-1
34416.97,1,297909,1000,179800,-1
34416.971,1,297911,700,178500,1
34417.47,1,298273,200,179300,-1
34417.646,2,270600,1000,190000,-1
34417.65,2,270602,1000,190000,-1
34417.832,2,227966,2000,178400,1
34417.843,2,296546,500,179490,-1
34418.073,1,298843,900,180000,-1
34418.216,2,297174,500,179020,1
34418.219,2,296606,500,179480,-1
34418.331,1,299042,500,179380,-1
34418.496,1,299180,2000,178000,1
34418.879,1,299578,500,178920,1
34419.502,1,300058,500,176000,1
34419.875,1,300453,150,179300,-1
34420.584,2,295742,1000,179400,-1
34420.7,2,299578,500,178920,1
34420.706,2,299042,500,179380,-1
34420.763,1,301223,100,178900,1
34420.846,1,301309,500,179380,-1
34420.883,1,301329,200,179200,-1
34420.898,1,301338,500,179590,-1
34421.27,1,301681,1000,179000,1
34421.409,1,301781,500,178920,1
34421.674,2,301338,500,179590,-1
34421.718,2,293744,100,178910,1
34421.726,2,294206,100,179490,-1
34421.734,2,301781,500,178920,1
34421.735,2,301309,500,179380,-1
34421.805,1,302178,500,179490,-1
34421.957,1,302292,100,179390,-1
34421.972,1,302318,500,179280,-1
34422.067,1,302414,500,179000,1
34422.345,1,302620,100,179900,-1
34422.39,2,301329,200,179200,-1
34422.392,2,298273,200,179300,-1
34422.416,2,302318,500,179280,-1
34422.465,1,302717,1600,179190,-1
34422.518,1,302756,500,179380,-1
34422.585,1,302802,100,178810,1
34422.708,2,296757,1600,179380,-1
34423.067,1,303221,400,179300,-1
34423.072,1,303228,1000,178000,1
34423.078,1,303238,500,178920,1
34424.571,2,228607,900,178400,1
34424.834,2,228541,100,178400,1
34424.896,2,300453,150,179300,-1
34426.22,1,305617,150,179100,-1
34426.538,2,302178,500,179490,-1
34426.649,4,305617,150,179100,-1
34427.449,2,303238,500,178920,1
34427.454,2,302756,500,179380,-1
34427.565,1,306583,500,178820,1
34427.834,1,306854,500,179590,-1
34428.111,1,307022,500,179280,-1
34428.671,2,306583,500,178820,1
34428.674,2,307022,500,179280,-1
34428.783,1,307461,500,178920,1
34428.918,5,307262,300,179110,1
34429.097,5,307676,500,179120,1
34429.331,1,307885,500,179380,-1
34429.673,2,307461,500,178920,1
34429.68,2,307885,500,179380,-1
34429.863,1,308391,150,179100,-1
34429.894,1,308422,500,178920,1
34429.922,2,291447,5000,178700,1
34430.029,4,308391,50,179100,-1
34430.145,1,308659,1000,179180,-1
34430.274,2,302802,100,178810,1
34430.277,2,302292,100,179390,-1
34430.288,1,308768,5000,179000,1
34430.378,1,308836,100,178910,1
34430.455,1,308909,500,179380,-1
34430.515,1,308965,500,180400,-1
34430.789,2,146858,2160,175100,1
34430.798,1,309237,2160,176100,1
34430.924,1,309340,100,179490,-1
34431.544,4,308391,100,179100,-1
34431.544,5,309650,250,179100,-1
34432.625,2,308659,1000,179180,-1
34432.835,2,306854,500,179590,-1
34433.167,1,311073,100,179010,1
34433.192,5,309921,12,179040,1
34433.765,5,311547,500,179070,1
34433.765,5,311364,100,179060,1
34433.765,5,311238,400,179050,1
34433.788,5,311238,2400,179050,1
34433.788,5,309921,3988,179040,1
34433.788,5,310681,112,179030,1
34434.159,2,302717,1600,179190,-1
34434.506,1,312154,500,179590,-1
34436.177,2,308422,500,178920,1
34436.179,2,308909,500,179380,-1
34436.283,1,313439,500,178820,1
34436.849,1,313888,500,179280,-1
34437.285,2,312154,500,179590,-1
34437.314,2,313439,500,178820,1
34437.315,2,313888,500,179280,-1
34437.406,1,314311,500,178920,1
34437.418,5,311937,1000,179080,1
34437.418,5,311091,800,179030,1
34437.418,5,311096,400,179020,1
34437.418,5,314251,800,179020,1
34437.46,1,314344,500,179690,-1
34437.957,1,314760,500,179380,-1
34439.1,1,315573,500,178910,1
34439.474,2,308836,100,178910,1
34439.476,2,309340,100,179490,-1
34439.695,1,316036,100,179010,1
34439.878,5,315191,700,179100,-1
34439.881,2,288930,300,178900,1
34439.899,1,316198,150,179100,-1
34440.077,5,314251,200,179020,1
34440.159,5,314251,1000,179020,1
34440.159,5,314263,500,179020,1
34440.159,5,314369,400,179020,1
34440.159,5,316235,100,179020,1
34440.202,1,316470,100,179590,-1
34440.722,2,199006,20000,8600,1
34440.783,4,316198,150,179100,-1
34440.783,5,316510,150,179100,-1
34441.182,2,316036,100,179010,1
34441.186,2,316470,100,179590,-1
34441.298,1,317344,100,178910,1
34441.474,2,317344,100,178910,1
34441.851,1,317781,100,179010,1
34441.911,2,317781,100,179010,1
34442.263,1,318124,1000,179100,1
34442.356,1,318187,100,179490,-1
34442.465,2,314344,500,179690,-1
34443.356,2,318124,1000,179100,1
34443.444,1,318891,3000,179000,1
34443.488,1,318921,100,178910,1
34444.105,2,315573,500,178910,1
34444.24,1,319351,500,178910,1
34444.283,1,319372,100,179000,1
34444.432,2,318921,100,178910,1
34444.435,2,318187,100,179490,-1
34444.555,1,319492,1200,179600,-1
34444.609,1,319513,100,179010,1
34444.789,1,319639,500,179590,-1
34445.123,1,319852,100,179590,-1
34445.561,5,318204,500,179110,1
34446.059,1,320371,1000,179000,1
34446.386,2,88085,2100,177200,1
34446.654,2,319639,500,179590,-1
34446.715,2,314311,500,178920,1
34446.717,2,314760,500,179380,-1
34446.823,1,320855,500,179020,1
34446.977,1,320955,500,179690,-1
34447.376,1,321199,500,179480,-1
34448.155,5,320535,700,179100,-1
34448.215,5,320535,400,179100,-1
34449.245,2,319351,500,178910,1
34449.293,1,322612,500,179000,1
34449.492,1,322786,500,178910,1
34449.612,2,311073,100,179010,1
34449.758,5,321055,1000,179180,-1
34449.892,1,323056,150,179100,-1
34449.949,2,271289,500,178500,1
34450.398,4,323056,150,179100,-1
34450.535,1,323386,500,179000,1
34450.712,2,294159,900,179600,-1
34451.316,1,323979,900,179700,-1
34451.765,2,319513,100,179010,1
34451.768,2,319852,100,179590,-1
34451.882,1,324419,100,178910,1
34451.975,2,320955,500,179690,-1
34452.224,1,324611,500,179690,-1
34452.337,2,320855,500,179020,1
34452.342,2,321199,500,179480,-1
34452.346,1,324685,500,178920,1
34452.479,1,324767,100,179490,-1
34452.895,1,325208,500,179380,-1
34454.496,2,322786,500,178910,1
34454.634,1,326440,500,178910,1
34455.339,1,326972,2000,179100,1
34456.289,5,326976,77,179140,1
34456.364,1,327739,1000,179200,1
34456.41,1,327776,1000,179200,1
34456.618,2,324685,500,178920,1
34456.622,2,325208,500,179380,-1
34456.717,1,328021,1000,179200,1
34456.719,1,328024,500,179020,1
34456.796,2,324419,100,178910,1
34456.798,2,324767,100,179490,-1
34456.901,1,328150,100,179010,1
34457.226,2,324611,500,179690,-1
34457.268,1,328368,500,179480,-1
34457.365,1,328429,500,179690,-1
34457.402,1,328454,100,179590,-1
34457.895,2,328021,1000,179200,1
34457.897,2,327776,1000,179200,1
34457.898,2,327739,1000,179200,1
34458.264,2,328024,500,179020,1
34458.265,2,328368,500,179480,-1
34458.379,1,329239,500,179120,1
34458.641,1,329492,100,179300,-1
34458.723,1,329583,2630,179000,1
34458.814,5,324398,200,179280,-1
34458.814,4,303221,400,179300,-1
34458.814,4,329492,100,179300,-1
34458.814,5,329501,1300,179300,-1
34458.827,1,329685,100,179300,-1
34458.922,1,329774,500,179580,-1
34459.238,2,326440,500,178910,1
34459.33,5,329824,700,179210,1
34459.33,5,329903,300,179210,1
34459.335,2,328429,500,179690,-1
34459.341,1,330092,500,179010,1
34459.388,2,328150,100,179010,1
34459.39,2,328454,100,179590,-1
34459.422,2,299180,2000,178000,1
34459.6,1,330295,100,179110,1
34459.925,1,330586,150,179300,-1
34460.104,1,330712,100,179690,-1
34460.743,2,330295,100,179110,1
34460.744,2,330712,100,179690,-1
34460.948,1,331405,100,179010,1
34461.453,1,331678,100,179590,-1
34461.556,1,331740,1000,178300,1
34461.854,5,330892,1100,179210,1
34461.955,1,332040,100,179290,-1
34462.047,1,332105,2000,179200,1
34462.098,2,331405,100,179010,1
34462.101,2,331678,100,179590,-1
34462.209,1,332214,100,179110,1
34462.367,2,332214,100,179110,1
34462.443,4,332105,2000,179200,1
34462.527,1,332427,300,179200,-1
34462.756,1,332613,100,179010,1
34463.154,2,320371,1000,179000,1
34463.583,4,332427,300,179200,-1
34463.583,5,332432,700,179200,-1
34463.607,1,333209,300,179200,-1
34463.775,2,329239,500,179120,1
34463.789,2,329774,500,179580,-1
34463.791,1,333422,500,179020,1
34463.857,1,333473,100,179590,-1
34463.867,2,323979,900,179700,-1
34464.245,4,333209,300,179200,-1
34464.245,5,332432,100,179200,-1
34464.254,1,333737,300,179200,-1
34464.335,1,333787,500,179480,-1
34464.346,2,330092,500,179010,1
34464.532,1,333943,900,179700,-1
34464.549,1,333968,500,178910,1
34464.686,2,333968,500,178910,1
34464.691,1,334149,1000,179200,-1
34464.776,2,333422,500,179020,1
34464.779,2,333787,500,179480,-1
34464.855,2,332613,100,179010,1
34464.859,2,333473,100,179590,-1
34464.893,1,334380,500,179120,1
34465.1,1,334530,500,179010,1
34465.148,1,334574,500,179500,-1
34465.23,1,334636,100,179010,1
34465.425,1,334817,500,179580,-1
34465.432,2,333943,900,179700,-1
34465.477,4,333737,300,179200,-1
34465.477,4,334149,1000,179200,-1
34465.477,5,332432,3300,179200,-1
34465.486,1,334868,300,179200,-1
34465.551,2,334636,100,179010,1
34465.603,2,334380,500,179120,1
34465.605,2,334817,500,179580,-1
34465.811,1,335192,100,179010,1
34465.955,1,335282,900,179700,-1
34465.986,1,335302,500,179120,1
34466.22,2,335192,100,179010,1
34466.424,1,335612,100,179010,1
34466.549,1,335705,500,179580,-1
34466.825,4,334868,300,179200,-1
34466.859,2,334530,500,179010,1
34466.866,2,335612,100,179010,1
34467.063,1,336180,100,179110,1
34467.07,1,336182,500,179110,1
34467.453,2,336182,500,179110,1
34467.657,1,336638,200,179800,-1
34467.726,1,336729,500,179010,1
34468.308,1,337117,1000,179300,-1
34468.473,2,336180,100,179110,1
34468.551,2,335302,500,179120,1
34468.555,2,335705,500,179580,-1
34468.658,1,337366,500,179020,1
34468.715,1,337403,100,179010,1
34469.161,2,337366,500,179020,1
34469.166,1,337696,500,179120,1
34469.206,1,337719,100,179590,-1
34469.3,2,332040,100,179290,-1
34469.449,1,337895,100,179200,1
34469.495,2,337696,500,179120,1
34469.593,1,338026,800,179300,-1
34469.696,1,338151,500,179690,-1
34469.745,1,338232,500,179020,1
34470.212,2,338232,500,179020,1
34470.215,2,338151,500,179690,-1
34470.289,1,338661,500,179120,1
34470.789,1,339092,150,179300,-1
34470.813,2,338661,500,179120,1
34470.839,1,339142,500,179020,1
34471.171,1,339351,2000,179200,1
34471.228,1,339405,500,179690,-1
34471.377,1,339502,500,179480,-1
34471.878,1,339860,600,179300,-1
34472.633,1,340367,100,179290,-1
34472.727,2,336729,500,179010,1
34472.909,1,340586,2000,179400,-1
34472.986,1,340652,500,179010,1
34473.164,4,337895,3,179200,1
34473.516,1,341014,200,179290,-1
34473.646,4,337895,97,179200,1
34473.646,4,339351,2000,179200,1
34474.661,2,318891,3000,179000,1
34475.262,1,342547,1000,179200,-1
34475.303,2,340652,500,179010,1
34475.307,2,339405,500,179690,-1
34475.403,1,342691,500,178910,1
34475.704,2,338026,800,179300,-1
34475.707,1,342977,500,179200,-1
34475.821,1,343067,1000,179200,-1
34475.896,2,330586,150,179300,-1
34475.99,2,339092,150,179300,-1
34476.314,1,343493,200,179200,-1
34476.627,1,343758,200,181000,-1
34476.79,2,337403,100,179010,1
34476.796,2,337719,100,179590,-1
34476.851,2,343493,200,179200,-1
34476.852,2,341014,200,179290,-1
34476.887,2,319492,1200,179600,-1
34476.891,1,344008,800,179300,-1
34476.982,1,344089,100,178910,1
34477.163,1,344267,1000,179200,-1
34477.19,1,344294,150,179200,-1
34477.386,1,344471,2500,179190,-1
34477.436,1,344501,1000,179200,-1
34477.506,5,342623,500,179150,-1
34477.506,5,342654,700,179180,-1
34477.506,5,344077,100,179180,-1
34477.506,4,344471,700,179190,-1
34478.118,5,344652,500,179110,1
34478.159,2,342977,500,179200,-1
34478.165,5,344652,200,179110,1
34478.165,4,326972,300,179100,1
34478.342,2,344471,1800,179190,-1
34478.851,2,339142,500,179020,1
34478.854,2,339502,500,179480,-1
34478.955,1,345731,500,178920,1
34478.964,1,345740,100,179490,-1
34479.503,1,346188,500,179380,-1
34479.557,4,326972,1000,179100,1
34479.974,4,326972,700,179100,1
34480.319,1,346831,1000,179100,-1
34480.407,2,342691,500,178910,1
34480.523,1,346980,500,178910,1
34480.559,5,346917,3000,179060,-1
34480.559,4,346831,700,179100,-1
34480.629,1,347099,150,179200,-1
34480.636,4,346831,200,179100,-1
34480.651,2,340367,100,179290,-1
34480.708,1,347202,150,179200,-1
34480.714,1,347210,1000,179100,-1
34480.762,2,346980,500,178910,1
34480.779,2,345731,500,178920,1
34480.841,2,346188,500,179380,-1
34480.845,1,347351,500,178820,1
34480.909,2,344089,100,178910,1
34480.912,2,345740,100,179490,-1
34480.946,4,301681,403,179000,1
34480.974,2,347351,500,178820,1
34481.063,1,347526,700,179100,-1
34481.079,1,347542,500,178810,1
34481.125,1,347599,100,178910,1
34481.188,2,347599,100,178910,1
34481.207,2,347542,500,178810,1
34481.362,1,347788,500,178820,1
34481.631,1,348019,500,178910,1
34481.675,1,348086,100,178810,1
34481.682,5,347888,52,179020,1
34481.745,2,347788,500,178820,1
34481.787,2,348086,100,178810,1
34481.902,1,348274,500,178920,1
34482.172,1,348486,100,178910,1
34482.255,2,348274,500,178920,1
34482.272,1,348552,1000,179100,-1
34482.396,2,344294,150,179200,-1
34482.457,1,348699,500,178820,1
34482.587,2,348699,500,178820,1
34482.607,2,343067,1000,179200,-1
34482.643,2,337117,1000,179300,-1
34482.655,2,346831,100,179100,-1
34482.656,2,347210,1000,179100,-1
34482.716,2,335282,900,179700,-1
34482.755,1,348952,100,179490,-1
34483.043,1,349249,500,178920,1
34483.073,5,348264,1100,179040,1
34483.073,5,347888,748,179020,1
34483.073,4,301681,597,179000,1
34483.073,4,302414,155,179000,1
34483.188,1,349412,900,179500,-1
34483.323,4,347526,700,179100,-1
34483.323,4,348552,400,179100,-1
34483.555,1,349780,500,179380,-1
34483.929,2,348552,600,179100,-1
34484.47,2,344267,1000,179200,-1
34484.819,5,350214,100,179050,1
34484.819,5,350228,400,179050,1
34484.819,5,349995,2073,179040,1
34484.819,5,350480,1527,179010,1
34485.552,1,351484,800,179100,-1
34485.666,2,347099,150,179200,-1
34485.671,2,347202,150,179200,-1
34486.208,2,274090,1000,178510,1
34486.236,2,348019,500,178910,1
34486.252,5,351986,200,179050,-1
34486.252,4,351484,800,179100,-1
34486.252,1,352060,1000,179100,1
34486.444,1,352211,500,179010,1
34487.185,2,348486,100,178910,1
34487.187,2,329583,2630,179000,1
34487.189,2,348952,100,179490,-1
34487.255,2,349249,500,178920,1
34487.259,1,352891,500,179020,1
34487.261,2,349780,500,179380,-1
34487.396,1,352997,100,179010,1
34487.798,1,353335,500,179480,-1
34488.565,1,353977,100,179190,-1
34488.974,2,226733,1250,178300,1
34488.994,5,352845,3000,179140,1
34490.107,1,355322,1250,178800,1
34490.364,2,352997,100,179010,1
34490.461,2,352891,500,179020,1
34490.471,2,353335,500,179480,-1
34490.485,2,352211,500,179010,1
34490.537,1,355658,500,179120,1
34490.569,1,355681,100,179110,1
34490.71,1,355861,500,179110,1
34491.008,2,355658,500,179120,1
34491.121,1,356203,500,179380,-1
34491.239,5,356170,200,179120,1
34491.239,4,355681,100,179110,1
34491.239,4,355861,500,179110,1
34491.239,5,355645,136,179110,1
34491.363,1,356421,500,179010,1
34491.507,2,344008,800,179300,-1
34491.549,1,356563,1200,179700,-1
34492.215,2,334574,500,179500,-1
34493.016,2,240911,200,178300,1
34493.215,1,357850,900,179000,1
34493.366,1,357949,500,179020,1
34493.491,1,358051,2630,179000,1
34494.107,5,358549,100,179130,1
34494.458,1,358850,2000,179110,1
34494.973,1,359302,75,179600,-1
34495.414,1,359701,200,179500,-1
34496.082,2,349412,900,179500,-1
34496.205,5,359473,200,179130,1
34496.205,4,358850,400,179110,1
34496.368,2,356421,500,179010,1
34496.505,1,360519,500,179010,1
34496.71,1,360702,900,179600,-1
34499.035,4,358850,500,179110,1
34499.037,4,358850,200,179110,1
34499.331,1,362522,500,179000,1
34499.744,2,339860,600,179300,-1
34499.914,4,358850,100,179110,1
34500.518,4,358850,800,179110,1
34500.632,4,352060,1000,179100,1
34500.632,1,363453,2000,179100,-1
34501.128,2,356203,500,179380,-1
34501.25,1,363915,500,179380,-1
34501.507,2,360519,500,179010,1
34501.616,1,364161,150,179100,-1
34501.62,1,364168,150,179100,-1
34501.755,1,364324,500,179010,1
34501.781,1,364344,1000,176000,1
34502.156,2,363915,500,179380,-1
34502.226,1,364647,100,179390,-1
34502.268,1,364672,500,179280,-1
34503.368,2,357949,500,179020,1
34503.418,5,364268,1000,179090,-1
34503.418,4,363453,1300,179100,-1
34503.502,4,363453,700,179100,-1
34503.502,4,364161,150,179100,-1
34503.502,4,364168,150,179100,-1
34503.581,1,365558,500,178920,1
34503.712,2,364324,500,179010,1
34503.818,2,210088,1500,177000,1
34503.834,1,365774,500,178910,1
34503.84,2,364647,100,179390,-1
34503.853,1,365785,100,179290,-1
34503.938,2,364672,500,179280,-1
34504.142,1,365983,500,179180,-1
34504.221,1,366056,100,179100,1
34504.239,1,366073,1500,178000,1
34505.014,1,366653,150,179200,-1
34505.033,2,365983,500,179180,-1
34505.08,4,366056,100,179100,1
34505.08,5,366284,400,179100,1
34505.132,1,366732,500,179280,-1
34505.152,1,366753,300,179390,-1
34505.228,2,366753,300,179390,-1
34505.307,2,360702,900,179600,-1
34505.384,2,365785,100,179290,-1
34505.41,5,366390,250,179180,-1
34505.426,2,342547,1000,179200,-1
34505.474,1,366960,600,179200,-1
34505.529,1,367031,100,179390,-1
34505.613,2,365774,500,178910,1
34505.63,2,367031,100,179390,-1
34505.697,1,367223,300,179290,-1
34505.846,5,367185,900,179080,-1
34506.08,1,367588,100,179290,-1
34506.097,5,367361,100,179110,1
34506.207,5,367361,300,179110,1
34506.238,1,367739,500,178810,1
34506.263,5,367120,100,179150,-1
34506.263,5,367543,100,179160,-1
34506.263,5,366390,150,179180,-1
34506.263,5,366632,200,179180,-1
34506.263,5,366772,700,179180,-1
34506.263,5,366785,250,179180,-1
34506.33,1,367803,900,179700,-1
34506.344,2,356563,1200,179700,-1
34506.345,1,367812,1200,179400,-1
34507.311,2,353977,100,179190,-1
34508.215,2,367739,500,178810,1
34508.319,1,369363,500,178910,1
34508.554,2,369363,500,178910,1
34508.725,1,369705,300,179100,-1
34508.866,1,369817,500,178910,1
34509.032,5,369893,100,179050,-1
34510.159,2,366732,500,179280,-1
34510.222,1,370845,500,179380,-1
34510.448,2,367588,100,179290,-1
34510.498,2,366960,600,179200,-1
34510.51,1,371090,600,179100,-1
34510.546,1,371114,100,179190,-1
34510.698,2,367223,300,179290,-1
34510.833,1,371355,300,179290,-1
34511.391,2,366653,150,179200,-1
34511.932,1,372118,100,179190,-1
34512.044,2,369817,500,178910,1
34512.145,1,372257,500,178810,1
34512.207,1,372305,1000,179100,-1
34513.014,2,224233,1000,178300,1
34513.587,2,365558,500,178920,1
34513.721,1,373330,500,178920,1
34513.864,2,373330,500,178920,1
34513.867,2,370845,500,179380,-1
34514.267,1,373741,500,178820,1
34514.491,4,369705,300,179100,-1
34514.491,4,371090,600,179100,-1
34514.491,4,372305,600,179100,-1
34514.632,2,373741,500,178820,1
34514.835,1,374130,500,178920,1
34514.868,4,372305,400,179100,-1
34515.379,1,374539,500,179380,-1
34515.403,2,371114,100,179190,-1
34515.506,1,374609,100,179290,-1
34515.837,2,371355,300,179290,-1
34515.988,1,374968,300,179290,-1
34516.051,1,375013,1000,179100,1
34516.175,1,375090,1000,179100,1
34516.376,5,375083,300,179120,1
34516.376,5,375068,200,179110,1
34516.753,2,372257,500,178810,1
34516.768,2,374130,500,178920,1
34516.771,2,374539,500,179380,-1
34516.812,1,375537,500,179020,1
34516.864,1,375562,500,178910,1
34517.061,2,374968,300,179290,-1
34517.344,1,375885,500,179480,-1
34517.41,1,375928,300,179390,-1
34517.459,2,375537,500,179020,1
34517.477,2,375885,500,179480,-1
34517.713,2,375090,1000,179100,1
34517.714,2,375013,1000,179100,1
34517.891,1,376278,500,178920,1
34518.438,1,376560,500,179380,-1
34519.221,2,372118,100,179190,-1
34519.379,1,377247,2000,179100,1
34519.627,1,377418,500,179300,-1
34519.969,5,375068,50,179110,1
34519.969,5,375092,250,179110,1
34520.362,2,375928,300,179390,-1
34520.691,1,378166,300,179290,-1
34521.48,1,378863,200,179200,-1
34521.867,2,375562,500,178910,1
34522.008,1,379325,500,178910,1
34522.313,1,379549,100,179190,-1
34523.109,2,379325,500,178910,1
34523.208,1,380322,500,178810,1
34524.425,2,380322,500,178810,1
34524.77,1,381442,500,178910,1
34525.509,2,374609,100,179290,-1
34525.544,2,381442,500,178910,1
34525.59,1,381978,100,179290,-1
34525.648,1,382027,500,178810,1
34525.688,2,378166,300,179290,-1
34526.06,5,380653,100,179140,-1
34526.06,5,378784,200,179150,-1
34526.196,1,382369,300,179290,-1
34526.316,2,376278,500,178920,1
34526.32,2,376560,500,179380,-1
34526.423,1,382516,500,179020,1
34526.829,1,382868,3000,179500,-1
34526.971,1,382976,500,179480,-1
34529.79,1,384825,700,171100,1
34529.963,1,384930,150,179200,-1
34530.255,2,382027,500,178810,1
34530.26,2,382369,300,179290,-1
34530.312,2,381978,100,179290,-1
34530.357,1,385196,300,179390,-1
34530.381,1,385212,100,179390,-1
34530.895,1,385625,500,178910,1
34530.965,2,385212,100,179390,-1
34531.071,1,385775,100,179290,-1
34531.159,2,379549,100,179190,-1
34531.558,2,378863,200,179200,-1
34531.869,5,378951,136,179190,-1
34531.869,5,379141,864,179190,-1
34532.276,5,379141,136,179190,-1
34532.276,4,344501,964,179200,-1
34532.966,2,385775,100,179290,-1
34532.97,1,387187,100,179390,-1
34533.678,4,344501,36,179200,-1
34533.678,4,384930,150,179200,-1
34533.678,1,387737,514,179200,1
34534.105,2,367803,900,179700,-1
34534.119,1,388053,1000,179280,-1
34534.478,1,388313,1000,179200,1
34534.484,2,385625,500,178910,1
34534.488,2,382516,500,179020,1
34534.491,2,382976,500,179480,-1
34534.499,1,388325,500,179120,1
34534.615,2,388325,500,179120,1
34534.63,1,388462,1000,179200,1
34534.645,1,388483,500,179010,1
34534.738,2,388053,1000,179280,-1
34534.746,1,388600,900,179800,-1
34535.031,1,388790,500,179020,1
34535.092,2,385196,300,179390,-1
34535.102,2,367812,1200,179400,-1
34535.105,1,388828,1200,179800,-1
34535.121,2,377418,500,179300,-1
34535.191,1,388886,300,179490,-1
34535.276,5,388890,100,179250,1
34535.276,5,387838,700,179210,1
34535.276,4,387737,514,179200,1
34535.276,4,388313,686,179200,1
34535.359,2,388886,300,179490,-1
34535.417,1,389091,150,179300,-1
34535.421,1,389095,150,179300,-1
34535.423,1,389097,150,179300,-1
34535.427,1,389100,150,179300,-1
34535.432,1,389109,150,179300,-1
34535.472,1,389134,100,179290,-1
34535.492,5,389079,450,179240,1
34535.492,4,388313,314,179200,1
34535.492,4,388462,936,179200,1
34535.582,1,389246,500,179480,-1
34535.689,4,389134,100,179290,-1
34535.689,4,329685,100,179300,-1
34535.689,4,389091,150,179300,-1
34535.689,4,389095,150,179300,-1
34535.689,4,389097,150,179300,-1
34535.689,4,389100,150,179300,-1
34535.689,4,389109,150,179300,-1
34535.689,5,329501,4450,179300,-1
34535.703,1,389361,100,179300,-1
34535.764,1,389424,300,179390,-1
34535.818,4,389361,100,179300,-1
34535.818,5,329501,900,179300,-1
34535.831,1,389475,100,179300,-1
34535.913,4,389475,100,179300,-1
34535.913,5,329501,900,179300,-1
34535.932,1,389540,100,179300,-1
34536.019,2,388790,500,179020,1
34536.024,2,389246,500,179480,-1
34536.052,4,389540,100,179300,-1
34536.052,5,329501,800,179300,-1
34536.055,5,329501,100,179300,-1
34536.058,5,329501,1000,179300,-1
34536.071,1,389650,50,179300,-1
34536.127,1,389691,500,179580,-1
34536.173,4,389650,50,179300,-1
34536.281,2,387187,100,179390,-1
34536.284,1,389827,100,179490,-1
34536.346,1,389874,1000,179300,1
34536.481,2,389424,300,179390,-1
34536.546,1,390040,1000,179300,1
34536.565,1,390062,2500,179300,1
34536.576,1,390074,300,179490,-1
34536.673,1,390198,150,179300,1
34536.685,1,390218,500,179120,1
34536.845,2,390074,300,179490,-1
34536.967,2,388483,500,179010,1
34537.1,1,390530,300,179390,-1
34537.198,4,389874,500,179300,1
34537.245,2,390530,300,179390,-1
34537.337,2,390198,150,179300,1
34537.339,2,390040,1000,179300,1
34537.34,2,389874,500,179300,1
34537.341,2,388462,64,179200,1
34537.456,4,390062,2000,179300,1
34537.555,2,390062,500,179300,1
34537.675,1,390944,200,179390,-1
34537.773,2,390944,200,179390,-1
34538.22,1,391411,200,179490,-1
34538.359,1,391557,2800,179300,1
34538.687,2,390218,500,179120,1
34538.689,2,389691,500,179580,-1
34538.771,1,391937,500,179010,1
34538.8,1,391950,500,179220,1
34539.058,2,322612,500,179000,1
34539.209,1,392278,500,179000,1
34539.344,1,392392,500,179680,-1
34539.823,4,391557,500,179300,1
34540.318,4,391557,1800,179300,1
34540.337,1,393138,1000,179380,-1
34540.557,1,393285,3000,182500,-1
34540.699,4,391557,100,179300,1
34541.333,4,391557,400,179300,1
34541.444,2,391950,500,179220,1
34541.446,2,392392,500,179680,-1
34541.448,1,393990,500,179580,-1
34541.881,2,393990,500,179580,-1
34542.036,1,394440,500,179580,-1
34542.359,1,394665,150,179300,-1
34542.588,1,394836,500,179120,1
34542.723,2,394836,500,179120,1
34542.725,2,394440,500,179580,-1
34542.873,4,394665,150,179300,-1
34543.143,1,395262,500,179580,-1
34543.219,2,391411,200,179490,-1
34543.369,1,395439,200,179490,-1
34543.581,5,395580,22,179290,-1
34543.72,2,395439,200,179490,-1
34543.728,1,395753,500,179120,1
34543.77,2,391937,500,179010,1
34543.911,1,395912,200,179390,-1
34544.314,2,389827,100,179490,-1
34544.339,5,395930,200,179280,-1
34544.339,5,395580,678,179290,-1
34544.339,5,395401,122,179300,-1
34544.416,1,396242,100,179390,-1
34544.457,1,396270,500,178910,1
34544.938,2,396242,100,179390,-1
34544.964,2,396270,500,178910,1
34544.995,2,388828,1200,179800,-1
34545.038,1,396735,900,179500,-1
34545.113,1,396787,500,179010,1
34545.145,1,396809,100,179490,-1
34545.332,2,395912,200,179390,-1
34545.343,2,260629,5000,178300,1
34545.661,1,397202,200,179390,-1
34546.002,5,396366,100,179280,-1
34546.002,5,396227,100,179290,-1
34546.421,1,397725,400,179100,1
34546.426,1,397729,100,179100,1
34546.454,2,396787,500,179010,1
34546.499,2,396809,100,179490,-1
34546.538,1,397808,500,178910,1
34546.756,1,398003,100,179390,-1
34546.774,2,397808,500,178910,1
34547.081,1,398247,500,178910,1
34548.275,1,399143,1000,179300,-1
34549.313,1,399929,10000,179100,1
34549.979,1,400467,150,179200,-1
34550.262,2,395753,500,179120,1
34550.267,2,395262,500,179580,-1
34550.382,1,400712,500,179020,1
34550.659,2,397202,200,179390,-1
34550.767,2,398003,100,179390,-1
34550.803,1,401062,200,179390,-1
34550.874,1,401113,100,179290,-1
34550.924,1,401151,500,179480,-1
34551.367,2,400712,500,179020,1
34551.37,2,401151,500,179480,-1
34551.469,1,401572,500,179380,-1
34552.016,1,401995,500,178920,1
34552.078,2,398247,500,178910,1
34552.222,1,402140,500,178910,1
34552.362,1,402201,1000,179300,-1
34553.643,1,403123,1900,179200,-1
34553.686,4,400467,25,179200,-1
34554.974,2,400467,125,179200,-1
34555.134,2,401113,100,179290,-1
34555.151,2,399143,1000,179300,-1
34555.162,1,404179,100,179190,-1
34555.183,2,401062,200,179390,-1
34555.192,4,404179,100,179190,-1
34555.192,5,403758,300,179190,-1
34555.224,2,401572,500,179380,-1
34555.232,2,401995,500,178920,1
34555.274,2,402140,500,178910,1
34555.286,5,403758,300,179190,-1
34555.286,5,403804,700,179190,-1
34555.286,4,403123,1000,179200,-1
34555.378,1,404369,200,179290,-1
34555.396,1,404385,500,179280,-1
34555.458,5,403246,200,179110,1
34555.483,2,404385,500,179280,-1
34555.498,2,393138,1000,179380,-1
34555.616,5,404397,500,179180,-1
34555.616,4,403123,900,179200,-1
34555.687,1,404622,5000,179200,1
34555.751,1,404672,100,179390,-1
34555.83,1,404714,500,178810,1
34555.891,4,404622,500,179200,1
34555.899,1,404763,500,179380,-1
34555.925,4,404622,4500,179200,1
34555.94,4,377247,1200,179100,1
34555.95,2,404672,100,179390,-1
34556.269,1,405057,100,178910,1
34556.333,2,405057,100,178910,1
34556.407,2,404763,500,179380,-1
34556.423,1,405149,500,179280,-1
34556.426,1,405150,400,179200,-1
34556.883,1,405500,100,178810,1
34556.979,1,405578,500,178820,1
34557.422,5,405396,200,179150,-1
34557.422,5,405197,200,179170,-1
34557.493,1,405890,100,179390,-1
34558.157,4,405150,400,179200,-1
34558.339,2,405578,500,178820,1
34558.343,2,405149,500,179280,-1
34558.454,1,406493,500,179380,-1
34558.599,2,405500,100,178810,1
34558.603,2,405890,100,179390,-1
34558.706,1,406682,100,178910,1
34558.755,5,406582,1000,179120,1
34558.755,5,405251,700,179110,1
34558.755,5,405476,300,179110,1
34559.001,1,406878,500,178920,1
34559.219,1,407027,100,179490,-1
34559.283,2,406682,100,178910,1
34559.285,2,407027,100,179490,-1
34559.784,1,407392,100,179390,-1
34559.996,1,407520,150,179200,-1
34560.294,4,407520,150,179200,-1
34560.324,1,407771,400,179200,1
34560.379,2,404369,200,179290,-1
34560.393,4,407771,400,179200,1
34560.535,1,407924,200,179290,-1
34560.586,1,407961,100,179290,-1
34560.829,2,404714,500,178810,1
34560.964,1,408304,100,178810,1
34561.204,1,408486,125,179300,-1
34561.292,2,408304,100,178810,1
34561.293,2,407392,100,179390,-1
34561.307,2,406878,500,178920,1
34561.31,2,406493,500,179380,-1
34561.418,1,408652,500,179020,1
34561.438,1,408672,500,178810,1
34561.449,2,407924,200,179290,-1
34561.499,2,408672,500,178810,1
34561.504,1,408741,100,178910,1
34561.559,4,407961,100,179290,-1
34561.958,1,409127,500,179480,-1
34562.06,1,409231,100,179490,-1
34562.062,2,408741,100,178910,1
34562.089,2,149779,200,169810,1
34562.098,1,409259,200,179390,-1
34562.122,2,409231,100,179490,-1
34562.328,4,402201,100,179300,-1
34562.56,1,409632,100,179010,1
34562.653,1,409733,500,178910,1
34562.914,2,340586,2000,179400,-1
34563.045,1,410036,2000,179400,-1
34563.094,1,410069,100,179590,-1
34563.417,2,409259,200,179390,-1
34563.529,1,410373,200,179290,-1
34563.857,2,409733,500,178910,1
34564.589,1,411122,200,179300,-1
34565.531,2,409632,100,179010,1
34565.533,2,410069,100,179590,-1
34565.641,1,411837,100,178910,1
34565.83,2,411837,100,178910,1
34566.023,2,408652,500,179020,1
34566.025,2,409127,500,179480,-1
34566.065,1,412205,500,178810,1
34566.126,1,412232,500,179580,-1
34566.148,1,412241,100,179590,-1
34566.254,2,408486,125,179300,-1
34566.579,2,412232,500,179580,-1
34566.671,1,412615,500,179480,-1
34566.74,1,412660,100,179010,1
34566.895,2,146960,212,177000,1
34567.224,1,412979,500,179020,1
34567.495,2,412205,500,178810,1
34567.556,2,412979,500,179020,1
34567.56,2,412615,500,179480,-1
34567.598,1,413236,500,178910,1
34567.717,1,413381,5000,179700,-1
34567.764,1,413412,500,179580,-1
34568.313,1,413746,500,179120,1
34568.53,2,410373,200,179290,-1
34568.799,1,414024,200,179290,-1
34568.943,2,413236,500,178910,1
34568.999,2,413746,500,179120,1
34569.002,2,413412,500,179580,-1
34569.077,1,414186,500,179480,-1
34569.346,1,414339,500,178810,1
34569.455,1,414401,100,179300,-1
34569.627,1,414508,500,179020,1
34570.225,4,414024,100,179290,-1
34570.231,2,414339,500,178810,1
34570.288,2,414508,500,179020,1
34570.29,2,414186,500,179480,-1
34570.337,1,415000,500,178910,1
34570.399,1,415044,500,179580,-1
34570.727,2,414024,100,179290,-1
34570.804,2,388600,900,179800,-1
34570.898,1,415383,200,179390,-1
34570.94,1,415419,500,179120,1
34571.335,1,415687,900,179900,-1
34571.761,4,402201,900,179300,-1
34571.761,4,411122,200,179300,-1
34571.761,4,414401,100,179300,-1
34572.602,2,415419,500,179120,1
34572.606,2,415044,500,179580,-1
34572.726,1,416750,500,179480,-1
34572.894,2,415000,500,178910,1
34572.971,1,416979,500,179010,1
34573.27,1,417230,500,179020,1
34573.305,2,416979,500,179010,1
34573.398,5,416001,100,179370,-1
34573.402,5,416001,200,179370,-1
34573.519,1,417429,500,178910,1
34573.602,2,417230,500,179020,1
34573.604,2,416750,500,179480,-1
34573.831,1,417725,125,179400,-1
34573.834,1,417729,150,179400,-1
34573.848,1,417745,500,179580,-1
34573.995,5,416001,500,179370,-1
34573.995,5,417322,100,179370,-1
34573.995,5,416003,400,179380,-1
34574.392,1,418233,500,179120,1
34574.529,1,418390,100,179400,-1
34574.754,2,399929,10000,179100,1
34574.781,1,418663,2000,181400,-1
34574.783,1,418664,2000,178900,1
34574.935,5,418013,800,179380,-1
34574.935,5,418533,400,179380,-1
34574.949,5,418533,300,179380,-1
34574.949,5,418577,700,179380,-1
34575.296,4,415383,200,179390,-1
34575.296,5,417664,1000,179390,-1
34575.304,5,417664,500,179390,-1
34575.407,2,417429,500,178910,1
34575.686,5,417254,53,179310,1
34575.885,5,419401,77,179310,1
34576.15,2,412241,100,179590,-1
34576.251,1,419980,100,179590,-1
34576.505,5,420101,53,179390,-1
34576.505,4,410036,2000,179400,-1
34576.505,4,417725,125,179400,-1
34576.505,4,417729,150,179400,-1
34576.505,4,418390,100,179400,-1
34576.74,2,412660,100,179010,1
34577.005,1,420630,100,179010,1
34577.066,2,418233,500,179120,1
34577.068,2,417745,500,179580,-1
34577.099,2,419980,100,179590,-1
34577.105,2,420630,100,179010,1
34577.141,1,420760,500,179680,-1
34577.222,1,420803,500,179690,-1
34577.389,1,420930,1000,179110,1
34577.525,1,421065,100,179690,-1
34577.639,5,419226,500,179490,-1
34577.639,4,80352,150,179500,-1
34577.639,4,144771,550,179500,-1
34577.68,1,421252,500,179220,1
34577.766,2,420760,500,179680,-1
34577.825,2,421252,500,179220,1
34578.048,1,421567,100,179110,1
34578.173,2,396735,900,179500,-1
34578.206,4,144771,450,179500,-1
34578.206,4,295379,550,179500,-1
34578.218,1,421679,900,179700,-1
34578.223,1,421684,500,179680,-1
34578.379,2,295379,450,179500,-1
34578.714,4,359701,200,179500,-1
34578.714,4,382868,100,179500,-1
34578.845,1,422218,500,179220,1
34579.381,1,422615,200,179500,-1
34579.575,5,422421,35,179430,1
34579.672,5,422421,68,179430,1
34579.695,4,382868,2000,179500,-1
34579.91,1,423066,3200,179300,1
34579.985,4,382868,900,179500,-1
34579.985,4,422615,200,179500,-1
34580.615,2,421567,100,179110,1
34580.619,2,421065,100,179690,-1
34580.709,1,423711,100,179010,1
34580.828,2,415687,900,179900,-1
34581.218,1,424122,100,179590,-1
34581.333,1,424179,1000,179400,1
34581.531,2,423711,100,179010,1
34581.533,2,424122,100,179590,-1
34581.672,1,424499,50,179500,1
34581.799,4,424499,50,179500,1
34581.871,1,424686,100,179590,-1
34582.011,1,424786,900,180000,-1
34582.22,2,420803,500,179690,-1
34582.332,1,425074,500,179690,-1
34582.403,2,392278,500,179000,1
34583.516,2,423066,3200,179300,1
34583.661,2,425074,500,179690,-1
34583.688,1,426292,100,179010,1
34583.693,2,422218,500,179220,1
34583.696,2,421684,500,179680,-1
34583.759,1,426356,1000,179680,-1
34583.792,1,426394,500,179580,-1
34583.839,1,426458,500,179590,-1
34584.095,4,424179,1000,179400,1
34584.156,2,426394,500,179580,-1
34584.16,2,426458,500,179590,-1
34584.278,2,426292,100,179010,1
34584.283,2,424686,100,179590,-1
34584.363,1,426952,500,179680,-1
34584.395,1,426986,500,179690,-1
34584.432,1,427013,100,179010,1
34584.673,1,427277,600,179300,1
34584.716,1,427329,150,179600,-1
34584.868,1,427467,500,179220,1
34584.92,1,427511,100,179590,-1
34584.926,2,427013,100,179010,1
34584.983,2,427511,100,179590,-1
34585.43,1,427901,100,179690,-1
34585.751,2,427901,100,179690,-1
34585.995,1,428388,100,179690,-1
34586.003,2,427467,500,179220,1
34586.006,2,426952,500,179680,-1
34586.058,2,428388,100,179690,-1
34586.069,1,428455,500,179580,-1
34586.171,2,428455,500,179580,-1
34586.47,1,428865,400,179500,-1
34586.5,4,428865,3,179500,-1
34586.518,1,428916,100,179690,-1
34586.611,1,429015,500,179680,-1
34586.766,2,301223,100,178900,1
34587.039,1,429399,100,179110,1
34587.159,1,429523,500,179220,1
34587.187,1,429557,100,179100,1
34587.277,1,429663,1000,179200,1
34588.754,1,431124,250,179100,1
34588.833,2,426356,1000,179680,-1
34588.953,2,426986,500,179690,-1
34589.092,1,431413,900,179200,1
34589.392,4,428865,300,179500,-1
34589.495,1,431724,800,179500,-1
34590.053,1,432223,150,179500,-1
34590.418,2,323386,500,179000,1
34590.471,1,432589,500,179690,-1
34590.599,4,428865,97,179500,-1
34590.599,4,431724,89,179500,-1
34590.851,2,397725,400,179100,1
34590.855,2,397729,100,179100,1
34590.954,1,432954,5000,178800,1
34590.963,4,431724,400,179500,-1
34590.987,4,431724,311,179500,-1
34590.987,4,432223,89,179500,-1
34590.999,2,432589,500,179690,-1
34591.053,1,433048,500,179200,1
34591.265,5,433035,700,179490,1
34591.265,5,433073,512,179490,1
34591.383,1,433294,1000,179800,-1
34591.685,4,432223,61,179500,-1
34591.897,1,433754,1000,179600,-1
34591.925,1,433777,500,179790,-1
34592.045,2,286800,800,178400,1
34592.047,1,433847,1200,178700,1
34592.676,1,434312,3000,179500,1
34592.933,1,434495,5000,179800,-1
34593.152,1,434648,1000,179680,-1
34594.126,2,434312,3000,179500,1
34594.971,5,436060,623,179510,1
34594.971,5,435788,188,179500,1
34594.971,1,436079,1189,179500,-1
34595.072,1,436158,100,179800,-1
34596.083,2,433777,500,179790,-1
34596.153,2,429523,500,179220,1
34596.156,2,429015,500,179680,-1
34596.162,1,437056,400,180500,-1
34596.167,1,437061,500,179320,1
34596.175,2,429399,100,179110,1
34596.177,2,428916,100,179690,-1
34596.327,2,437061,500,179320,1
34596.383,1,437209,100,179790,-1
34596.604,2,437209,100,179790,-1
34596.717,1,437499,500,179680,-1
34596.862,5,437101,1000,179480,-1
34596.862,4,436079,100,179500,-1
34596.882,1,437649,500,179790,-1
34596.907,1,437676,100,179790,-1
34596.963,2,437649,500,179790,-1
34597.137,4,436079,1089,179500,-1
34597.137,5,436271,11,179500,-1
34597.239,2,437499,500,179680,-1
34597.28,1,437998,500,179580,-1
34597.32,2,437676,100,179790,-1
34597.403,2,437998,500,179580,-1
34597.415,1,438115,500,179790,-1
34597.422,1,438119,100,179110,1
34597.56,1,438247,8000,179500,-1
34597.831,1,438464,500,179680,-1
34597.95,1,438600,100,179690,-1
34597.99,4,438247,3400,179500,-1
34598.268,2,153253,200,180290,-1
34598.383,1,438887,500,179220,1
34599.102,4,438247,4600,179500,-1
34599.102,5,436271,50,179500,-1
34599.272,2,438887,500,179220,1
34599.275,2,438464,500,179680,-1
34599.393,1,439756,500,179580,-1
34599.661,2,439756,500,179580,-1
34599.923,1,440186,500,179680,-1
34600.271,5,440420,150,179500,1
34600.472,1,440654,500,179220,1
34601.056,1,441161,3200,179500,1
34601.619,2,297911,700,178500,1
34601.69,2,438119,100,179110,1
34601.693,2,438600,100,179690,-1
34601.79,1,441735,100,179210,1
34602.293,1,442086,100,179790,-1
34602.42,2,438115,500,179790,-1
34603.177,4,177201,100,179600,-1
34603.456,2,358051,2630,179000,1
34603.494,5,443066,100,179590,-1
34603.551,1,443174,800,179600,-1
34603.578,2,440654,500,179220,1
34603.58,2,440186,500,179680,-1
34603.71,1,443337,500,179780,-1
34604.027,5,441296,500,179510,1
34604.027,4,441161,2500,179500,1
34604.252,1,443762,500,179320,1
34605.546,2,434648,1000,179680,-1
34605.587,2,443762,500,179320,1
34605.594,2,443337,500,179780,-1
34605.688,1,444859,500,179680,-1
34606.236,1,445305,500,179220,1
34606.788,2,445305,500,179220,1
34606.794,2,444859,500,179680,-1
34606.977,2,441735,100,179210,1
34606.979,2,442086,100,179790,-1
34607.035,1,446002,500,179320,1
34607.079,4,177201,50,179600,-1
34607.158,1,446075,500,179990,-1
34607.19,1,446100,600,179600,-1
34607.253,2,443174,800,179600,-1
34607.261,5,445777,700,179520,1
34607.269,1,446153,100,179890,-1
34607.454,1,446281,500,179780,-1
34607.508,1,446319,800,179600,-1
34607.783,1,446583,100,179310,1
34608.003,4,177201,700,179600,-1
34608.043,2,436158,100,179800,-1
34608.087,4,177201,650,179600,-1
34608.087,4,203370,100,179600,-1
34608.087,4,359302,75,179600,-1
34608.087,4,427329,150,179600,-1
34608.087,4,433754,1000,179600,-1
34608.087,4,446100,25,179600,-1
34608.199,4,446100,575,179600,-1
34608.199,4,446319,800,179600,-1
34608.243,2,446002,500,179320,1
34608.245,2,446281,500,179780,-1
34608.346,1,446982,500,179420,1
34608.681,2,421679,900,179700,-1
34608.683,1,447307,1200,180100,-1
34608.715,2,446583,100,179310,1
34608.717,2,446153,100,179890,-1
34608.725,2,446075,500,179990,-1
34608.89,1,447475,500,179880,-1
34608.908,1,447499,500,180090,-1
34608.91,1,447501,100,179410,1
34609.12,4,413381,400,179700,-1
34609.51,1,447909,100,179990,-1
34609.733,4,413381,200,179700,-1
34610.069,5,447171,150,179620,1
34610.346,2,431413,900,179200,1
34610.512,1,448777,100,179700,-1
34611.092,2,433847,1200,178700,1
34611.133,1,449300,1200,179000,1
34611.425,1,449494,500,179310,1
34611.432,1,449501,500,179200,1
34611.81,5,447171,150,179620,1
34611.81,5,449797,472,179600,1
34611.81,1,449819,178,179600,-1
34611.885,2,449819,178,179600,-1
34611.967,5,449871,100,179690,-1
34612.194,2,433294,1000,179800,-1
34612.255,4,413381,1500,179700,-1
34613.11,2,446982,500,179420,1
34613.112,2,447475,500,179880,-1
34613.218,1,450656,500,179980,-1
34613.588,2,447499,500,180090,-1
34613.65,1,450964,10000,179600,1
34613.769,1,451070,500,179520,1
34614.007,1,451292,200,179600,1
34614.516,4,450964,100,179600,1
34614.765,1,451985,100,179510,1
34615.072,4,450964,200,179600,1
34615.198,2,451070,500,179520,1
34615.199,2,450656,500,179980,-1
34615.295,1,452442,500,179880,-1
34615.785,1,452843,100,179800,-1
34615.848,1,452896,500,179420,1
34616.424,2,447501,100,179410,1
34616.427,2,447909,100,179990,-1
34616.431,2,449494,500,179310,1
34616.561,4,450964,1200,179600,1
34616.566,4,450964,1800,179600,1
34616.613,2,452896,500,179420,1
34616.617,2,452442,500,179880,-1
34616.625,1,453459,1375,179700,-1
34616.643,1,453481,500,179310,1
34616.665,1,453503,100,179310,1
34616.719,1,453553,500,179780,-1
34617.174,1,453916,100,179890,-1
34617.183,1,453925,1000,179680,-1
34617.19,1,453931,500,179990,-1
34617.266,1,453993,500,179320,1
34617.332,4,450964,500,179600,1
34617.526,1,454184,1000,179800,-1
34617.544,4,450964,400,179600,1
34618.188,4,450964,5800,179600,1
34618.188,4,451292,200,179600,1
34619.439,5,452701,100,179520,1
34619.445,4,451985,100,179510,1
34619.445,4,441161,200,179500,1
34619.686,2,453481,500,179310,1
34619.831,1,456222,500,179210,1
34620.113,2,453503,100,179310,1
34620.114,2,453916,100,179890,-1
34620.118,2,453993,500,179320,1
34620.12,2,453553,500,179780,-1
34620.16,1,456510,150,179700,-1
34620.163,2,453931,500,179990,-1
34620.22,1,456562,500,179680,-1
34620.246,2,441161,500,179500,1
34620.319,1,456646,100,179790,-1
34620.338,1,456656,200,179600,-1
34620.772,1,457073,500,179220,1
34620.812,2,424786,900,180000,-1
34620.857,1,457130,100,179210,1
34621.134,1,457339,900,179800,-1
34621.462,1,457552,1375,179600,-1
34621.715,1,457758,1000,179580,-1
34621.737,2,453459,1375,179700,-1
34622.225,2,453925,1000,179680,-1
34622.283,1,458228,600,179600,-1
34622.441,1,458354,1000,179600,-1
34622.545,2,449300,1200,179000,1
34622.62,1,458532,200,179500,-1
34623.532,2,418663,2000,181400,-1
34623.552,1,459282,1400,180300,-1
34624.05,2,456222,500,179210,1
34624.064,2,457073,500,179220,1
34624.067,2,456562,500,179680,-1
34624.099,1,459836,500,179580,-1
34624.228,2,457130,100,179210,1
34624.232,2,456646,100,179790,-1
34624.238,1,459974,500,179110,1
34624.395,2,447307,1200,180100,-1
34624.395,2,459836,500,179580,-1
34624.438,1,460196,1000,179800,-1
34624.467,1,460227,100,179690,-1
34624.605,1,460340,800,179500,-1
34624.616,1,460357,500,179580,-1
34624.647,1,460403,200,179500,-1
34624.692,2,460357,500,179580,-1
34624.995,1,460787,100,179110,1
34625.158,1,460900,500,179680,-1
34625.197,2,456510,150,179700,-1
34625.365,2,452843,100,179800,-1
34625.402,1,461115,150,179400,-1
34625.452,5,460994,600,179390,-1
34625.478,5,460994,92,179390,-1
34625.561,2,420930,1000,179110,1
34625.707,1,461401,500,179220,1
34626.069,2,461401,500,179220,1
34626.071,2,460900,500,179680,-1
34626.142,4,427277,600,179300,1
34626.228,1,461963,1000,181600,-1
34626.291,1,462023,500,179120,1
34626.405,1,462128,200,179400,-1
34626.72,2,462023,500,179120,1
34626.827,1,462502,500,179020,1
34626.845,1,462516,1000,179400,-1
34627.079,2,460787,100,179110,1
34627.084,2,460227,100,179690,-1
34627.186,1,462755,100,179010,1
34627.199,2,459974,500,179110,1
34627.231,1,462790,200,179400,-1
34627.301,1,462840,500,179010,1
34627.376,1,462910,500,179480,-1
34627.761,1,463228,100,179590,-1
34628.484,2,457552,1375,179600,-1
34628.649,1,464106,4900,179900,-1
34628.746,2,462502,500,179020,1
34628.749,2,462910,500,179480,-1
34628.847,1,464268,1100,179300,-1
34628.857,1,464276,500,178920,1
34628.924,2,460340,800,179500,-1
34628.944,1,464374,800,179300,-1
34629.117,2,462840,500,179010,1
34629.266,2,462790,200,179400,-1
34629.268,2,462128,200,179400,-1
34629.27,2,460403,200,179500,-1
34629.271,2,458532,200,179500,-1
34629.273,2,456656,200,179600,-1
34629.363,2,462516,1000,179400,-1
34629.41,1,464811,500,179380,-1
34629.509,2,462755,100,179010,1
34629.512,2,463228,100,179590,-1
34629.646,1,464982,100,178910,1
34629.699,2,418664,2000,178900,1
34629.725,1,465057,2000,178500,1
34629.972,1,465284,500,179590,-1
34630.087,2,458354,1000,179600,-1
34630.201,1,465475,100,179490,-1
34630.677,2,134689,200,155000,1
34630.89,2,464268,900,179300,-1
34630.947,4,429663,300,179200,1
34631.075,2,460196,1000,179800,-1
34631.08,2,461115,150,179400,-1
34631.084,1,466319,150,179300,-1
34631.138,4,429663,700,179200,1
34631.138,4,433048,100,179200,1
34631.257,1,466456,1200,179500,-1
34631.305,1,466495,150,179300,-1
34631.355,4,433048,400,179200,1
34631.355,4,449501,500,179200,1
34631.734,1,467015,500,178910,1
34632.03,2,467015,500,178910,1
34632.285,1,467536,500,178810,1
34633.09,2,467536,500,178810,1
34633.266,1,468352,500,178910,1
34633.667,1,468730,900,179400,-1
34634.971,2,465284,500,179590,-1
34635.107,5,466551,89,179120,1
34635.121,2,457339,900,179800,-1
34635.342,2,464982,100,178910,1
34635.351,2,465475,100,179490,-1
34635.448,1,470348,100,179010,1
34635.655,2,470348,100,179010,1
34635.714,1,470596,900,179700,-1
34635.807,1,470685,1100,178800,1
34635.965,1,470784,100,179010,1
34636.044,2,466495,150,179300,-1
34636.056,2,466319,150,179300,-1
34636.23,1,470966,150,179200,-1
34636.235,1,470971,150,179200,-1
34636.588,2,464374,800,179300,-1
34636.589,2,464268,200,179300,-1
34637.087,2,468730,900,179400,-1
34637.203,1,471783,100,179590,-1
34637.928,5,471273,200,179160,-1
34638.271,2,468352,500,178910,1
34638.425,1,472728,500,178910,1
34638.861,2,464276,500,178920,1
34639.188,1,473361,500,178920,1
34639.302,5,469345,400,179120,1
34639.411,2,464811,500,179380,-1
34639.786,1,473963,500,179380,-1
34640.096,1,474229,1200,178400,1
34640.147,1,474269,1000,181600,-1
34640.674,2,470784,100,179010,1
34640.678,2,471783,100,179590,-1
34640.916,1,475058,100,178910,1
34641.048,1,475155,500,179590,-1
34641.517,1,475504,100,179490,-1
34642.045,2,472728,500,178910,1
34642.153,1,476047,150,179200,-1
34642.171,1,476061,500,178810,1
34642.429,2,103305,1000,174200,1
34643.149,1,476798,1000,179500,-1
34643.821,2,470596,900,179700,-1
34644.295,1,477562,900,179500,-1
34644.797,2,476061,500,178810,1
34645.125,1,478183,500,178910,1
34645.235,1,478251,100,179290,-1
34646.052,2,475155,500,179590,-1
34646.696,5,478517,1200,179160,-1
34647.206,2,476047,150,179200,-1
34647.896,2,478183,500,178910,1
34647.98,1,480436,500,178810,1
34648.064,2,480436,500,178810,1
34648.517,1,480811,500,178810,1
34648.567,2,476798,1000,179500,-1
34648.633,2,480811,500,178810,1
34648.681,2,470966,150,179200,-1
34648.686,2,470971,150,179200,-1
34649.052,2,66040,100,172500,1
34649.062,1,481306,100,173500,1
34649.072,1,481320,500,178810,1
34649.191,2,473361,500,178920,1
34649.192,2,481320,500,178810,1
34649.28,1,481482,500,178920,1
34649.614,1,481762,500,178910,1
34649.621,1,481776,200,179100,1
34649.631,1,481788,150,179200,-1
34649.635,1,481795,150,179200,-1
34649.792,2,473963,500,179380,-1
34650.063,1,482145,500,179380,-1
34650.352,4,481788,150,179200,-1
34650.352,4,481795,50,179200,-1
34650.522,2,481482,500,178920,1
34650.528,2,482145,500,179380,-1
34650.6,1,482558,150,179200,-1
34650.603,1,482561,150,179200,-1
34650.606,1,482566,500,179020,1
34650.922,2,475058,100,178910,1
34651.091,2,482566,500,179020,1
34651.145,2,481762,500,178910,1
34651.196,1,483072,100,178910,1
34651.202,1,483077,500,179380,-1
34651.254,1,483113,500,178810,1
34651.302,2,483077,500,179380,-1
34651.521,2,475504,100,179490,-1
34651.692,1,483430,100,179490,-1
34651.737,1,483457,500,179020,1
34651.932,2,483072,100,178910,1
34651.94,2,483430,100,179490,-1
34652.022,1,483745,1200,179500,-1
34652.132,5,478787,600,179110,1
34652.132,1,483828,500,179590,-1
34652.204,1,483881,100,179490,-1
34652.216,5,478787,92,179110,1
34652.216,5,479332,150,179110,1
34652.216,4,377247,458,179100,1
34652.243,1,483909,200,179000,1
34652.289,1,483950,500,179480,-1
34652.379,4,377247,342,179100,1
34652.379,4,429557,100,179100,1
34652.379,4,431124,250,179100,1
34652.379,4,481776,8,179100,1
34652.465,2,483828,500,179590,-1
34652.488,2,457758,1000,179580,-1
34652.568,4,481776,100,179100,1
34652.751,4,481776,92,179100,1
34652.782,1,484461,500,179490,-1
34652.806,1,484476,100,178910,1
34652.843,2,483457,500,179020,1
34652.846,2,483950,500,179480,-1
34652.955,1,484601,500,178920,1
34653.503,1,485065,500,179380,-1
34653.743,2,478251,100,179290,-1
34653.819,1,485314,1000,179200,-1
34654.466,2,484476,100,178910,1
34654.468,2,483881,100,179490,-1
34654.67,1,485998,100,178810,1
34655.168,1,486408,200,160000,1
34655.207,1,486430,100,179390,-1
34655.437,2,470685,1100,178800,1
34656.256,2,483113,500,178810,1
34656.42,1,487400,500,178810,1
34656.945,1,487895,400,179100,-1
34657.432,4,302414,345,179000,1
34657.432,4,308768,5000,179000,1
34657.432,4,319372,100,179000,1
34657.432,4,357850,900,179000,1
34657.432,4,362522,500,179000,1
34657.432,4,483909,200,179000,1
34657.782,2,484461,500,179490,-1
34657.827,2,481795,100,179200,-1
34657.876,1,488629,500,179490,-1
34657.976,1,488691,1000,178700,1
34657.997,2,484601,500,178920,1
34658.0,2,485065,500,179380,-1
34658.118,1,488794,500,178820,1
34658.211,2,487400,500,178810,1
34658.364,2,482558,150,179200,-1
34658.367,2,482561,150,179200,-1
34658.426,1,488973,500,178710,1
34658.459,1,488990,150,179000,-1
34658.56,1,489068,150,179000,-1
34658.672,1,489179,500,179280,-1
34658.731,1,489217,500,176300,1
34659.129,2,485314,1000,179200,-1
34659.521,2,485998,100,178810,1
34659.523,2,486430,100,179390,-1
34659.531,5,489621,100,178960,-1
34659.785,1,489932,100,178710,1
34659.993,5,489621,1340,178960,-1
34660.109,2,488794,500,178820,1
34660.111,2,489179,500,179280,-1
34660.115,1,490131,500,178720,1
34660.135,1,490147,150,179000,-1
34660.181,2,488629,500,179490,-1
34660.281,1,490261,500,179390,-1
34660.363,2,488691,1000,178700,1
34660.387,1,490338,100,179290,-1
34660.569,2,487895,400,179100,-1
34660.593,2,474229,1200,178400,1
34660.628,2,490261,500,179390,-1
34660.69,1,490576,500,179180,-1
34660.702,2,483745,1200,179500,-1
34660.706,1,490594,800,179200,-1
34660.844,1,490733,500,179490,-1
34661.092,2,489932,100,178710,1
34661.095,2,490338,100,179290,-1
34661.241,2,490131,500,178720,1
34661.248,2,490576,500,179180,-1
34661.348,1,491062,500,178820,1
34661.375,1,491082,100,178810,1
34661.582,2,491062,500,178820,1
34661.588,1,491218,3000,178100,1
34661.623,2,491082,100,178810,1
34661.727,2,490733,500,179490,-1
34661.836,5,489221,411,178990,-1
34661.852,1,491490,500,179390,-1
34661.928,1,491579,100,178710,1
34661.939,1,491587,500,178720,1
34662.485,1,491957,500,179180,-1
34662.562,1,492023,100,179290,-1
34662.743,1,492221,500,179100,-1
34662.816,2,491587,500,178720,1
34662.819,2,491957,500,179180,-1
34663.034,1,492473,500,178820,1
34663.21,1,492643,200,178800,1
34663.424,2,488973,500,178710,1
34663.577,1,492974,500,178710,1
34663.583,1,492981,500,179280,-1
34663.684,2,491579,100,178710,1
34663.687,2,492023,100,179290,-1
34663.798,2,492473,500,178820,1
34663.807,2,492981,500,179280,-1
34664.132,1,493478,500,178820,1
34664.672,1,493951,500,179280,-1
34664.976,5,492631,400,178900,1
34665.123,2,493478,500,178820,1
34665.127,2,493951,500,179280,-1
34665.236,1,494323,500,178720,1
34665.384,2,488990,150,179000,-1
34665.387,2,489068,150,179000,-1
34665.782,1,494719,500,179180,-1
34666.113,2,494323,500,178720,1
34666.115,2,494719,500,179180,-1
34666.143,2,491490,500,179390,-1
34666.276,1,495075,500,179390,-1
34666.339,1,495139,500,178720,1
34666.546,2,466456,1200,179500,-1
34666.549,1,495256,1000,179200,-1
34666.708,1,495405,150,179000,-1
34666.747,2,492221,500,179100,-1
34666.779,1,495482,150,179000,-1
34666.786,2,258386,100,181000,-1
34666.816,1,495530,100,179500,-1
34666.924,1,495649,500,179180,-1
34667.33,5,495846,100,178850,1
34667.33,5,488381,500,178820,1
34667.33,5,494333,711,178820,1
34667.33,5,494339,289,178810,1
34667.366,1,496002,100,179000,-1
34667.445,2,495075,500,179390,-1
34667.547,1,496160,500,179490,-1
34667.643,1,496251,200,178500,1
34667.811,1,496411,1200,178500,1
34668.13,2,496160,500,179490,-1
34668.313,1,496815,500,179390,-1
34668.583,2,492974,500,178710,1
34668.721,2,495139,500,178720,1
34668.722,2,495649,500,179180,-1
34668.727,2,496815,500,179390,-1
34668.745,1,497222,500,178820,1
34668.8,1,497264,1200,178100,1
34668.803,1,497266,1200,178530,1
34668.892,1,497350,500,178810,1
34669.013,1,497465,500,178900,-1
34669.203,1,497587,500,179280,-1
34669.227,4,497465,500,178900,-1
34669.227,5,496503,500,178900,-1
34669.291,2,490594,800,179200,-1
34669.318,1,497694,7500,178610,1
34669.409,1,497789,500,179490,-1
34669.723,5,496503,11,178900,-1
34669.836,2,497266,1200,178530,1
34669.846,2,497350,500,178810,1
34669.914,1,498237,7500,179490,-1
34669.927,2,497222,500,178820,1
34669.929,2,497587,500,179280,-1
34669.953,1,498257,500,178710,1
34669.989,1,498292,500,178720,1
34670.121,5,496503,103,178900,-1
34670.163,2,490147,150,179000,-1
34670.17,1,498451,150,178900,-1
34670.222,2,497694,7500,178610,1
34670.225,2,498237,7500,179490,-1
34670.299,4,498451,150,178900,-1
34670.299,5,496503,86,178900,-1
34670.299,5,496130,500,178990,-1
34670.299,5,498468,700,178990,-1
34670.299,5,498542,700,178990,-1
34670.299,4,495405,150,179000,-1
34670.299,4,495482,150,179000,-1
34670.299,4,496002,100,179000,-1
34670.33,1,498593,1000,179190,-1
34670.344,1,498608,150,178900,-1
34670.496,4,498608,150,178900,-1
34670.536,1,498747,7500,178610,1
34670.554,1,498764,2000,178800,1
34670.564,1,498773,500,179180,-1
34670.591,2,498747,7500,178610,1
34670.847,2,498593,1000,179190,-1
34671.061,2,497789,500,179490,-1
34671.082,1,499293,7500,178510,1
34671.282,1,499428,500,179390,-1
34671.569,2,499293,7500,178510,1
34671.85,5,499312,700,178920,1
34671.85,5,499315,300,178920,1
34671.886,5,499315,400,178920,1
34671.948,2,458228,600,179600,-1
34672.251,1,500207,1000,179000,-1
34672.291,1,500242,1200,179300,-1
34672.424,1,500333,1000,178910,1
34672.791,4,500207,464,179000,-1
34673.067,4,500207,100,179000,-1
34673.081,4,500207,400,179000,-1
34673.211,4,500333,1000,178910,1
34673.211,5,500821,1000,178850,1
34673.211,5,495781,1500,178810,1
34673.211,5,498738,500,178810,1
34673.37,2,498292,500,178720,1
34673.371,2,498773,500,179180,-1
34673.479,2,499428,500,179390,-1
34673.568,1,501129,500,178820,1
34673.603,1,501166,500,179490,-1
34673.959,2,498257,500,178710,1
34674.063,1,501621,50,180000,-1
34674.091,1,501651,1200,178530,1
34674.19,1,501751,500,179280,-1
34674.195,1,501755,500,178810,1
34674.944,2,500242,1200,179300,-1
34675.138,1,502655,1000,179000,-1
34675.144,2,500207,36,179000,-1
34675.751,5,502868,500,178990,-1
34675.751,4,502655,500,179000,-1
34675.996,4,502655,500,179000,-1
34676.088,1,503426,1000,178200,1
34676.612,2,495256,1000,179200,-1
34676.672,1,503895,1200,179500,-1
34677.717,2,501129,500,178820,1
34677.72,1,504873,500,178920,1
34677.723,2,501751,500,179280,-1
34677.749,1,504901,1000,179480,-1
34678.266,1,505335,500,179380,-1
34678.279,2,504901,1000,179480,-1
34678.298,1,505357,1000,179370,-1
34678.602,2,501166,500,179490,-1
34678.749,2,505357,1000,179370,-1
34678.765,1,505738,500,179490,-1
34679.193,2,501755,500,178810,1
34679.313,1,506104,500,178810,1
34679.404,2,496411,1200,178500,1
34679.446,1,506204,900,178800,1
34679.591,2,477562,900,179500,-1
34679.653,2,501651,1200,178530,1
34679.892,1,506631,900,179600,-1
34680.239,1,506901,150,179100,-1
34680.419,1,507035,92,179010,1
34681.27,2,505738,500,179490,-1
34681.407,1,507803,500,179590,-1
34681.933,2,497264,1200,178100,1
34681.935,1,508252,1200,178400,1
34682.801,5,507083,100,179060,1
34682.801,4,507035,92,179010,1
34684.313,2,506104,500,178810,1
34684.471,1,510453,1200,178630,1
34684.515,1,510497,500,178810,1
34684.861,2,507803,500,179590,-1
34685.063,1,510949,500,179590,-1
34685.393,2,506204,900,178800,1
34685.445,1,511273,1100,178700,1
34685.801,1,511653,500,179010,1
34685.97,5,509913,100,179060,-1
34686.202,4,511653,100,179010,1
34686.209,5,509913,100,179060,-1
34686.508,2,511653,400,179010,1
34687.224,1,512820,100,179000,1
34687.722,2,504873,500,178920,1
34687.899,1,513395,300,179900,-1
34687.944,1,513434,800,179490,-1
34687.973,5,512807,100,179010,1
34688.079,1,513524,500,178920,1
34688.241,1,513623,1200,179400,-1
34688.262,2,505335,500,179380,-1
34688.351,5,512807,1000,179010,1
34688.488,1,513802,800,178610,1
34688.626,1,513923,500,179380,-1
34688.75,1,514029,100,179090,-1
34688.883,2,232911,1000,177600,1
34688.914,2,510949,500,179590,-1
34689.126,2,454184,1000,179800,-1
34689.513,2,510497,500,178810,1
34689.642,2,243718,500,178200,1
34689.781,1,514885,500,178810,1
34690.058,2,510453,1200,178630,1
34690.203,5,512807,150,179010,1
34691.112,5,512807,100,179010,1
34691.294,5,512807,1000,179010,1
34691.388,5,512807,335,179010,1
34691.513,5,512807,100,179010,1
34691.551,5,512807,368,179010,1
34691.571,5,512807,1000,179010,1
34691.708,2,513524,500,178920,1
34691.714,2,513923,500,179380,-1
34691.735,2,36358,1000,173000,1
34691.78,4,512820,100,179000,1
34691.84,1,516805,500,178820,1
34692.017,1,517020,400,178990,-1
34692.033,2,514885,500,178810,1
34692.077,2,506631,900,179600,-1
34692.078,1,517085,500,179390,-1
34692.359,1,517323,500,179280,-1
34692.39,1,517359,900,179700,-1
34692.57,1,517540,500,178710,1
34692.866,2,506901,150,179100,-1
34692.943,2,513434,800,179490,-1
34693.084,1,518093,800,179490,-1
34693.493,2,513802,800,178610,1
34693.594,1,518535,150,179000,-1
34693.63,1,518574,800,178610,1
34693.9,2,511273,1100,178700,1
