34200.254,1,187028,1400,155140,1
34200.256,1,187030,1400,156000,-1
34200.283,5,186912,94,155650,-1
34200.425,2,187028,1400,155140,1
34200.433,2,187030,1400,156000,-1
34200.46,1,187235,1400,155000,1
34200.487,1,187268,1400,155790,-1
34201.111,5,187343,2,155600,-1
34201.326,2,187235,1400,155000,1
34201.328,2,187268,1400,155790,-1
34201.362,1,187942,1400,155070,1
34201.364,1,187946,1400,155860,-1
34201.739,1,188215,100,156000,-1
34202.173,5,187129,400,155680,-1
34202.173,4,175495,400,155700,-1
34202.235,1,188578,150,155700,-1
34202.387,2,187942,1400,155070,1
34202.419,1,188722,1400,155000,1
34202.492,2,188722,1400,155000,1
34202.529,1,188815,1400,155070,1
34202.538,5,188792,500,155590,-1
34202.811,2,188815,1400,155070,1
34202.813,2,187946,1400,155860,-1
34202.857,1,189084,1400,155140,1
34202.858,1,189085,1400,155930,-1
34202.889,2,189084,1400,155140,1
34202.892,2,189085,1400,155930,-1
34202.96,1,189188,1400,155070,1
34202.962,1,189192,1400,155860,-1
34203.109,2,189188,1400,155070,1
34203.11,2,189192,1400,155860,-1
34203.146,1,189315,1400,155000,1
34203.15,1,189321,1400,155790,-1
34203.493,2,189315,1400,155000,1
34203.494,2,189321,1400,155790,-1
34203.543,1,189555,1400,154920,1
34203.546,1,189556,1400,155720,-1
34203.703,2,189556,1400,155720,-1
34203.743,1,189698,1400,155790,-1
34203.824,2,189555,1400,154920,1
34203.858,1,189755,1400,155000,1
34203.949,2,189755,1400,155000,1
34203.951,2,189698,1400,155790,-1
34203.987,1,189844,1400,155070,1
34203.988,5,189602,602,155600,-1
34203.99,1,189848,1400,155860,-1
34203.996,5,189602,198,155600,-1
34203.996,5,189600,1553,155690,-1
34205.877,2,189844,1400,155070,1
34205.88,2,189848,1400,155860,-1
34205.927,1,191567,1400,155000,1
34205.93,1,191572,1400,155790,-1
34206.137,1,191771,1000,155800,-1
34206.477,2,191567,1400,155000,1
34206.479,2,191572,1400,155790,-1
34206.515,1,192106,1400,155070,1
34206.518,1,192110,1400,155860,-1
34206.767,2,192106,1400,155070,1
34206.769,2,192110,1400,155860,-1
34206.8,1,192383,1400,155000,1
34206.808,1,192393,1400,155790,-1
34207.116,2,192383,1400,155000,1
34207.117,2,192393,1400,155790,-1
34207.147,1,192737,1400,155070,1
34207.149,1,192739,1400,155860,-1
34207.553,2,188578,150,155700,-1
34208.276,2,192737,1400,155070,1
34208.31,1,193746,1400,155000,1
34208.624,1,194019,1000,155500,1
34208.633,1,194027,2500,152600,1
34208.647,2,192739,1400,155860,-1
34208.679,1,194086,1400,155790,-1
34208.861,2,194086,1400,155790,-1
34208.898,1,194260,1400,155860,-1
34209.347,2,194260,1400,155860,-1
34209.382,1,194649,1400,155790,-1
34209.547,4,175495,600,155700,-1
34209.547,4,176074,1000,155700,-1
34209.547,4,144263,561,155750,-1
34209.547,4,194649,1400,155790,-1
34209.547,4,145521,5000,155800,-1
34209.547,4,169030,30,155800,-1
34209.547,4,172115,50,155800,-1
34209.547,4,172833,36,155800,-1
34209.547,4,191771,1000,155800,-1
34209.547,4,108368,552,156000,-1
34209.547,4,168532,71,156000,-1
34209.583,1,194816,1000,155990,-1
34209.676,1,194904,500,156000,-1
34209.892,2,193746,1400,155000,1
34209.934,1,195111,1400,155350,1
34209.936,1,195112,1400,156150,-1
34210.006,5,195150,1000,155780,-1
34210.006,5,195055,2000,155880,-1
34210.006,5,194831,366,155940,-1
34210.006,4,194816,734,155990,-1
34210.194,2,195111,1400,155350,1
34210.196,2,195112,1400,156150,-1
34210.227,1,195359,1400,155420,1
34210.229,1,195360,1400,156220,-1
34210.859,5,195753,500,155890,-1
34210.859,5,195775,2000,155980,-1
34210.859,4,194816,266,155990,-1
34210.859,5,195005,5000,155990,-1
34210.859,4,168532,37,156000,-1
34210.859,4,169960,22,156000,-1
34210.859,4,188215,100,156000,-1
34210.859,4,194904,500,156000,-1
34210.859,5,188297,359,156000,-1
34210.859,4,23247,500,156200,-1
34210.859,4,195360,716,156220,-1
34211.13,1,196096,1000,156210,-1
34211.289,1,196222,200,155000,1
34211.378,5,195034,500,155610,1
34211.421,5,195985,1500,156070,-1
34211.421,4,196096,1000,156210,-1
34211.421,4,195360,100,156220,-1
34211.803,1,196662,1000,156210,-1
34212.427,5,196534,400,155630,1
34212.628,2,195359,1400,155420,1
34212.631,2,195360,584,156220,-1
34212.667,1,197354,1400,155500,1
34212.669,1,197355,584,156290,-1
34212.706,1,197392,150,155700,-1
34212.792,4,197392,150,155700,-1
34212.792,5,197232,400,156170,-1
34212.792,4,196662,1000,156210,-1
34212.792,4,197355,584,156290,-1
34212.792,5,196473,5000,156290,-1
34212.792,5,196556,2000,156290,-1
34212.792,4,170272,8,156300,-1
34212.792,4,175252,858,156300,-1
34212.811,1,197471,150,155700,-1
34212.827,2,197354,1400,155500,1
34212.875,4,197471,150,155700,-1
34212.875,1,197521,1250,155850,1
34212.879,1,197524,1400,156650,-1
34212.879,4,197521,1200,155850,1
34212.888,4,197521,50,155850,1
34213.006,1,197635,5000,155600,1
34213.206,2,186421,1000,155300,1
34213.209,2,185947,1000,155200,1
34213.287,2,197524,1400,156650,-1
34213.318,1,197868,1000,156290,-1
34213.344,1,197886,1400,155500,1
34213.345,1,197888,1400,156290,-1
34214.484,2,197888,1400,156290,-1
34214.517,1,198764,1400,156360,-1
34214.623,2,197886,1400,155500,1
34214.658,1,198901,1400,155570,1
34214.761,2,197635,5000,155600,1
34215.649,5,198758,600,155830,1
34216.377,5,198758,900,155830,1
34216.377,5,200073,100,155720,1
34216.934,2,198901,1400,155570,1
34216.935,2,198764,1400,156360,-1
34216.966,1,200724,1400,155640,1
34216.968,1,200728,1400,156430,-1
34217.07,5,200789,1000,155720,1
34217.574,1,201204,5000,155600,1
34217.982,1,201546,800,155500,1
34218.59,1,202094,10,155500,1
34219.061,1,202469,1000,155900,-1
34219.083,2,197868,1000,156290,-1
34219.114,1,202505,1000,155890,-1
34222.153,1,204781,500,80000,1
34222.16,1,204786,500,90000,1
34222.199,2,200724,1400,155640,1
34222.2,2,200728,1400,156430,-1
34222.231,1,204846,1400,155570,1
34222.234,1,204850,1400,156360,-1
34222.837,1,205385,1000,156000,-1
34223.803,2,204846,1400,155570,1
34223.804,2,204850,1400,156360,-1
34223.832,1,206301,2000,155400,1
34223.841,1,206310,1400,155500,1
34223.845,1,206314,1400,156290,-1
34224.264,5,205917,100,155720,1
34224.55,1,206958,100,160000,-1
34225.349,1,207640,150,155700,-1
34225.759,2,201204,5000,155600,1
34226.025,2,201546,800,155500,1
34226.035,1,208201,800,155400,1
34226.976,1,208873,1000,155300,1
34229.827,2,206301,2000,155400,1
34230.314,1,211652,2000,155100,1
34232.061,1,213072,150,155700,-1
34232.103,2,206310,1400,155500,1
34232.103,2,206314,1400,156290,-1
34232.143,1,213145,1400,155420,1
34232.145,1,213147,1400,156220,-1
34233.086,5,208385,200,155620,1
34234.645,2,207640,150,155700,-1
34234.947,1,215299,150,155700,-1
34235.675,1,215906,1000,155300,1
34236.394,4,213072,150,155700,-1
34236.394,4,215299,150,155700,-1
34236.843,5,208385,600,155620,1
34236.866,2,213145,1400,155420,1
34236.868,2,213147,1400,156220,-1
34236.91,1,216871,1400,155500,1
34236.912,1,216873,1400,156290,-1
34237.389,1,217270,1000,155600,1
34238.095,2,216871,1400,155500,1
34238.097,2,216873,1400,156290,-1
34238.133,1,218003,1400,155420,1
34238.137,1,218007,1400,156220,-1
34238.349,5,217737,45,155720,1
34238.631,2,202505,1000,155890,-1
34238.68,5,218588,1400,155720,1
34238.808,5,218588,600,155720,1
34238.808,5,218632,900,155720,1
34238.808,5,218555,500,155650,1
34239.663,5,218077,500,155780,-1
34240.522,2,217270,1000,155600,1
34240.552,1,220163,1000,155510,1
34241.07,2,218003,1400,155420,1
34241.073,2,218007,1400,156220,-1
34241.115,1,220680,1400,155350,1
34241.116,1,220683,1400,156150,-1
34241.485,1,221011,1200,156100,-1
34241.623,2,215906,1000,155300,1
34241.624,2,211652,2000,155100,1
34241.775,2,208873,1000,155300,1
34242.142,2,202469,1000,155900,-1
34242.143,2,205385,1000,156000,-1
34242.163,1,221626,1000,156090,-1
34242.211,1,221670,500,156100,-1
34242.441,2,138614,3500,154700,1
34242.951,1,222346,3500,155600,1
34243.334,2,220163,1000,155510,1
34245.071,5,222353,43,155650,1
34246.638,1,225737,150,155800,-1
34247.376,2,220680,1400,155350,1
34247.378,2,220683,1400,156150,-1
34247.413,1,226378,1400,155420,1
34247.416,1,226379,1400,156220,-1
34248.463,2,202094,10,155500,1
34248.617,1,227409,10,155700,1
34248.838,5,225648,155,155720,1
34248.838,4,227409,10,155700,1
34248.838,5,222353,457,155650,1
34248.838,4,222346,178,155600,1
34252.075,1,229909,150,155700,-1
34252.109,4,229909,150,155700,-1
34252.47,5,227588,1200,155620,1
34252.47,5,228239,500,155620,1
34252.47,5,228063,500,155610,1
34252.47,5,229933,600,155610,1
34252.47,4,222346,500,155600,1
34252.522,2,226378,1400,155420,1
34252.524,2,226379,1400,156220,-1
34252.556,1,230224,1400,155500,1
34252.559,1,230228,1400,156290,-1
34253.0,2,23323,467,160200,-1
34253.087,4,222346,300,155600,1
34253.424,2,230224,1400,155500,1
34253.426,2,230228,1400,156290,-1
34253.457,1,231000,1400,155420,1
34253.46,1,231002,1400,156220,-1
34253.479,2,231002,1400,156220,-1
34253.487,2,221670,500,156100,-1
34253.499,1,231033,500,155800,-1
34253.517,1,231053,1400,156290,-1
34253.679,2,231033,500,155800,-1
34254.074,2,225737,150,155800,-1
34254.173,2,231053,1400,156290,-1
34254.207,1,231639,1400,156220,-1
34254.272,1,231672,150,155800,-1
34254.665,5,231692,100,155780,-1
34254.781,1,232053,7500,154000,1
34255.065,2,231000,1400,155420,1
34255.067,2,231639,1400,156220,-1
34255.101,1,232302,1400,155500,1
34255.103,1,232305,1400,156290,-1
34255.218,2,232302,1400,155500,1
34255.219,2,232305,1400,156290,-1
34255.26,1,232447,1400,155420,1
34255.264,1,232454,1400,156220,-1
34255.987,5,231692,1100,155780,-1
34255.987,5,231694,600,155790,-1
34255.987,4,231672,150,155800,-1
34256.743,2,232447,1400,155420,1
34256.776,1,233606,1400,155350,1
34257.27,2,232454,1400,156220,-1
34257.305,1,233952,1400,156150,-1
34257.425,5,233785,500,155780,-1
34258.192,2,221626,1000,156090,-1
34258.395,1,234834,1000,156090,-1
34258.537,1,234927,1000,155610,1
34258.605,1,234999,600,155700,-1
34258.626,4,234999,600,155700,-1
34258.626,5,233824,300,155870,-1
34258.626,5,234426,1000,155880,-1
34258.626,5,233970,500,155890,-1
34258.881,2,234834,1000,156090,-1
34259.114,1,235368,1000,156090,-1
34259.122,2,208201,800,155400,1
34259.164,1,235422,800,155700,1
34259.285,2,235368,1000,156090,-1
34259.302,1,235526,1000,156090,-1
34259.412,2,234927,1000,155610,1
34259.521,5,234952,1000,155900,-1
34259.854,2,221011,1200,156100,-1
34259.897,1,236003,1200,156300,-1
34260.014,2,233606,1400,155350,1
34260.016,2,233952,1400,156150,-1
34260.061,1,236114,1400,155420,1
34260.064,1,236117,1400,156220,-1
34260.21,2,235422,800,155700,1
34260.253,1,236272,1200,155400,1
34261.019,2,236272,1200,155400,1
34261.065,1,236937,800,155700,1
34261.233,5,236827,500,155810,1
34261.552,2,235526,1000,156090,-1
34261.583,1,237308,1000,156210,-1
34262.274,1,237817,150,155900,-1
34262.615,1,238084,500,155800,-1
34262.645,1,238109,1000,155710,1
34262.655,4,238084,500,155800,-1
34262.669,4,237817,150,155900,-1
34262.669,5,237738,1600,155900,-1
34262.831,1,238264,500,155890,-1
34262.893,4,238264,500,155890,-1
34262.897,2,238109,1000,155710,1
34263.396,1,238708,1000,155710,1
34263.397,1,238709,400,155610,1
34263.567,2,236114,1400,155420,1
34263.569,2,236117,1400,156220,-1
34263.601,1,238866,1400,155500,1
34263.602,1,238868,1400,156290,-1
34263.946,1,239182,500,155990,-1
34264.103,1,239324,800,155510,1
34264.182,2,239182,500,155990,-1
34264.602,2,239324,800,155510,1
34264.648,1,239812,800,155890,-1
34264.68,4,239812,800,155890,-1
34264.856,1,239983,500,155990,-1
34265.629,2,238708,1000,155710,1
34265.74,1,240612,1000,155710,1
34266.239,2,240612,1000,155710,1
34266.442,1,241199,1000,155710,1
34266.554,1,241277,400,155980,-1
34267.087,1,241675,800,155610,1
34267.245,1,241791,700,155800,1
34267.32,1,241851,10000,155600,1
34267.635,2,238709,400,155610,1
34268.003,1,242333,200,155700,1
34268.06,1,242371,800,155710,1
34268.479,2,241791,700,155800,1
34268.896,2,241199,1000,155710,1
34269.269,1,243299,700,155800,1
34269.932,1,243770,1900,156000,-1
34270.205,2,238866,1400,155500,1
34270.208,2,238868,1400,156290,-1
34270.241,1,243970,1400,155420,1
34270.242,1,243973,1400,156220,-1
34270.416,1,244121,5000,155900,-1
34270.444,2,243970,1400,155420,1
34270.447,2,243973,1400,156220,-1
34270.477,4,244121,5000,155900,-1
34270.486,1,244184,1400,155500,1
34270.488,1,244187,1400,156290,-1
34270.553,1,244258,3000,156100,-1
34271.3,2,241675,800,155610,1
34271.459,1,244973,800,155710,1
34271.64,2,241277,400,155980,-1
34271.697,2,244973,800,155710,1
34272.006,1,245436,800,155610,1
34272.154,1,245546,150,155900,-1
34272.193,4,245546,150,155900,-1
34272.359,2,244184,1400,155500,1
34272.36,2,244187,1400,156290,-1
34272.395,1,245746,1400,155570,1
34272.396,1,245749,1400,156360,-1
34272.976,2,245436,800,155610,1
34273.099,1,246331,800,155710,1
34273.134,1,246362,200,142200,1
34273.335,2,241851,10000,155600,1
34273.951,1,247001,4244,155900,-1
34274.544,2,239983,500,155990,-1
34274.874,1,247693,500,156090,-1
34275.259,2,186528,1000,155000,1
34275.638,2,243299,700,155800,1
34276.079,2,242371,800,155710,1
34276.369,4,247001,500,155900,-1
34276.497,4,247001,300,155900,-1
34276.52,1,248822,800,155810,1
34276.574,2,245746,1400,155570,1
34276.576,2,245749,1400,156360,-1
34276.612,1,248903,1400,155640,1
34276.639,1,248926,1400,156430,-1
34276.916,4,247001,300,155900,-1
34276.965,2,248822,800,155810,1
34277.185,1,249318,800,155710,1
34277.465,4,247001,100,155900,-1
34277.614,2,236003,1200,156300,-1
34277.71,2,247693,500,156090,-1
34277.843,1,249803,500,156090,-1
34277.9,2,249803,500,156090,-1
34278.011,4,247001,100,155900,-1
34278.102,2,246331,800,155710,1
34278.239,1,250074,800,155810,1
34278.316,4,247001,500,155900,-1
34278.437,4,247001,500,155900,-1
34278.498,1,250241,500,155990,-1
34278.53,2,186695,36,155500,1
34278.592,4,247001,36,155900,-1
34279.895,4,247001,100,155900,-1
34280.248,4,247001,1700,155900,-1
34280.477,2,249318,800,155710,1
34280.845,1,252210,800,155710,1
34281.555,4,247001,108,155900,-1
34281.555,5,244126,500,155930,-1
34281.555,5,241267,92,155980,-1
34282.223,1,253306,300,155710,1
34282.263,2,250241,500,155990,-1
34282.389,1,253432,500,156090,-1
34282.403,5,252779,150,155920,1
34282.466,2,252210,800,155710,1
34282.837,1,253858,300,156190,-1
34282.941,1,253943,800,155810,1
34283.121,2,253306,300,155710,1
34283.242,2,250074,800,155810,1
34283.354,1,254284,300,155610,1
34283.381,1,254306,800,155810,1
34283.441,2,248903,1400,155640,1
34283.444,2,248926,1400,156430,-1
34283.489,1,254385,1400,155570,1
34283.49,1,254388,1400,156360,-1
34283.598,2,253943,800,155810,1
34283.7,1,254581,800,155710,1
34283.729,5,252779,500,155920,1
34284.039,2,253432,500,156090,-1
34284.266,1,255044,500,155990,-1
34284.369,2,254284,300,155610,1
34284.599,1,255305,300,155710,1
34284.887,1,255515,100,156000,-1
34287.189,2,255515,100,156000,-1
34287.449,2,255044,500,155990,-1
34287.562,1,257482,500,156090,-1
34287.717,4,243770,1900,156000,-1
34287.841,2,254581,800,155710,1
34287.849,2,255305,300,155710,1
34287.887,1,257701,300,155610,1
34287.94,1,257740,100,155980,-1
34288.112,1,257857,800,155810,1
34288.294,2,254385,1400,155570,1
34288.295,2,254388,1400,156360,-1
34288.343,1,258013,1400,155640,1
34288.345,1,258015,1400,156430,-1
34288.381,2,254306,800,155810,1
34288.575,2,257701,300,155610,1
34288.576,2,253858,300,156190,-1
34288.647,1,258251,800,155810,1
34288.825,1,258395,300,156290,-1
34289.383,1,258802,300,155710,1
34291.728,2,258013,1400,155640,1
34291.73,2,258015,1400,156430,-1
34291.775,1,260691,1400,155570,1
34291.777,1,260693,1400,156360,-1
34291.831,2,258395,300,156290,-1
34291.918,1,260826,300,156190,-1
34292.146,1,261034,150,156000,-1
34292.457,2,257482,500,156090,-1
34292.779,1,261588,500,156190,-1
34293.423,2,260691,1400,155570,1
34293.425,2,260693,1400,156360,-1
34293.455,2,258802,300,155710,1
34293.456,1,262152,1400,155500,1
34293.458,1,262154,1400,156290,-1
34293.563,1,262227,300,155610,1
34293.652,2,258251,800,155810,1
34293.725,1,262344,800,155810,1
34294.749,2,262152,1400,155500,1
34294.751,2,262154,1400,156290,-1
34294.783,1,263157,1400,155570,1
34294.785,1,263161,1400,156360,-1
34296.128,1,264040,1000,155100,1
34297.105,5,255689,92,155920,1
34297.305,2,261034,150,156000,-1
34298.111,2,257857,800,155810,1
34298.251,2,261588,500,156190,-1
34298.622,1,265490,800,155710,1
34298.721,2,262344,800,155810,1
34298.787,1,265598,800,155810,1
34299.169,1,265857,500,155990,-1
34299.438,5,265617,1200,155830,1
34299.438,5,265427,400,155820,1
34299.637,2,260826,300,156190,-1
34299.734,2,265490,800,155710,1
34299.742,1,266353,300,156090,-1
34299.816,2,265857,500,155990,-1
34300.092,1,266621,800,155610,1
34300.123,2,257740,100,155980,-1
34300.26,2,262227,300,155610,1
34300.613,2,263157,1400,155570,1
34300.647,1,267037,1400,155500,1
34300.67,1,267059,500,155900,-1
34300.829,1,267190,300,155610,1
34300.843,2,263161,1400,156360,-1
34300.874,1,267222,1400,156290,-1
34300.916,2,267190,300,155610,1
34301.311,1,267558,300,155510,1
34301.967,2,267037,1400,155500,1
34301.969,2,267222,1400,156290,-1
34302.024,1,268097,1400,155570,1
34302.029,1,268103,1400,156360,-1
34302.411,4,265598,800,155810,1
34302.51,1,268455,800,155810,1
34302.959,2,268455,800,155810,1
34303.071,1,268903,700,155710,1
34303.519,2,268097,1400,155570,1
34303.522,2,268103,1400,156360,-1
34303.576,1,269281,1400,155640,1
34303.605,1,269313,1400,156430,-1
34303.712,2,267558,300,155510,1
34303.72,2,266353,300,156090,-1
34303.93,1,269591,300,155610,1
34304.01,2,244258,3000,156100,-1
34304.118,1,269739,150,155900,-1
34304.208,1,269811,150,155900,-1
34304.457,1,270001,300,156190,-1
34305.171,2,267059,500,155900,-1
34305.382,2,269281,1400,155640,1
34305.383,2,269313,1400,156430,-1
34305.416,1,270753,1400,155570,1
34305.419,1,270756,1400,156360,-1
34305.438,2,268903,700,155710,1
34305.454,2,266621,800,155610,1
34305.572,1,270882,800,155710,1
34305.709,1,271007,700,155810,1
34306.004,2,270756,1400,156360,-1
34306.037,1,271301,1400,156430,-1
34306.128,1,271377,500,155990,-1
34306.172,2,271301,1400,156430,-1
34306.206,1,271459,1400,156360,-1
34306.457,2,270001,300,156190,-1
34306.759,1,271922,300,156090,-1
34306.8,2,270753,1400,155570,1
34306.804,2,271459,1400,156360,-1
34306.823,2,271922,300,156090,-1
34306.835,1,271994,1400,155640,1
34306.837,1,271997,1400,156430,-1
34306.85,2,271007,700,155810,1
34307.173,1,272248,3000,155900,-1
34307.3,1,272337,300,156190,-1
34308.839,5,268837,1200,155880,-1
34308.839,5,270065,600,155890,-1
34308.839,4,269739,150,155900,-1
34308.839,4,269811,150,155900,-1
34308.839,4,272248,2900,155900,-1
34308.98,4,272248,100,155900,-1
34309.062,2,270882,800,155710,1
34309.378,1,274010,800,155610,1
34309.494,2,274010,800,155610,1
34309.919,1,274486,800,155710,1
34310.206,2,271377,500,155990,-1
34310.237,2,237308,1000,156210,-1
34310.255,1,274788,1000,156180,-1
34310.274,1,274815,500,156200,-1
34310.467,1,274982,500,156090,-1
34310.528,2,274486,800,155710,1
34310.745,2,274815,500,156200,-1
34310.753,1,275245,500,156100,-1
34311.026,1,275453,800,155810,1
34311.227,2,271994,1400,155640,1
34311.23,2,271997,1400,156430,-1
34311.27,1,275664,1400,155570,1
34311.272,2,272337,300,156190,-1
34311.272,1,275667,1400,156360,-1
34311.277,1,275672,300,156090,-1
34311.496,2,275672,300,156090,-1
34311.837,1,276180,300,156190,-1
34311.919,1,276238,3000,155800,1
34312.261,1,276523,150,155900,-1
34312.442,2,269591,300,155610,1
34312.446,1,276690,300,155710,1
34313.058,1,277198,500,157200,-1
34314.882,2,275664,1400,155570,1
34314.884,2,275667,1400,156360,-1
34314.922,1,278683,1400,155640,1
34314.923,1,278684,1400,156430,-1
34315.771,1,279306,800,155990,-1
34316.173,5,275486,900,155830,1
34316.24,2,276690,300,155710,1
34316.331,1,279725,300,155610,1
34316.768,2,275453,800,155810,1
34316.974,1,280218,800,155610,1
34317.103,2,274982,500,156090,-1
34320.772,2,279306,800,155990,-1
34320.913,1,283093,800,155990,-1
34321.314,1,283361,2000,155800,1
34321.842,2,276180,300,156190,-1
34321.972,2,280218,800,155610,1
34322.001,1,283875,300,156090,-1
34322.066,2,283875,300,156090,-1
34322.119,1,283950,800,155610,1
34322.226,1,284022,150,155900,-1
34322.536,1,284219,300,156190,-1
34322.609,2,242333,200,155700,1
34323.935,2,276523,150,155900,-1
34324.965,2,283093,800,155990,-1
34325.081,1,286138,800,156090,-1
34326.332,2,279725,300,155610,1
34326.594,1,287421,300,155610,1
34326.82,2,278684,1400,156430,-1
34326.834,1,287589,150,155900,-1
34326.852,1,287610,1400,156500,-1
34326.941,2,278683,1400,155640,1
34326.972,1,287698,1400,155710,1
34327.122,2,283950,800,155610,1
34327.129,2,287421,300,155610,1
34327.256,1,287973,800,155610,1
34327.337,1,288066,300,155710,1
34327.743,1,288454,600,155710,1
34328.284,1,288879,500,155990,-1
34328.691,2,287973,800,155610,1
34328.859,2,284219,300,156190,-1
34328.887,4,284022,150,155900,-1
34328.887,4,287589,150,155900,-1
34328.906,1,289426,800,155710,1
34328.976,2,275245,500,156100,-1
34328.984,1,289472,500,156000,-1
34329.074,1,289551,300,156290,-1
34329.4,2,287698,1400,155710,1
34329.401,2,287610,1400,156500,-1
34329.441,1,289837,1400,155780,1
34329.443,1,289840,1400,156580,-1
34329.465,2,288879,500,155990,-1
34329.509,5,289893,300,155910,1
34329.679,2,288454,600,155710,1
34329.796,5,289874,900,155980,-1
34329.796,4,289472,100,156000,-1
34329.84,2,289472,400,156000,-1
34329.872,1,290229,600,155810,1
34330.082,2,286138,800,156090,-1
34330.098,2,288066,300,155710,1
34330.209,1,290556,300,155810,1
34330.212,1,290560,800,156090,-1
34330.304,2,290229,600,155810,1
34330.422,1,290702,600,155910,1
34330.456,4,290702,600,155910,1
34330.967,1,291185,200,155910,1
34330.995,5,291208,400,155930,1
34331.031,2,291185,200,155910,1
34331.643,1,291895,200,155910,1
34331.703,2,291895,200,155910,1
34332.184,1,292394,200,155810,1
34332.738,1,292917,500,156190,-1
34332.775,2,104186,750,153900,1
34332.937,5,292954,520,155920,1
34333.182,1,293315,750,154200,1
34333.913,2,289426,800,155710,1
34334.037,1,294186,800,155710,1
34334.146,2,289837,1400,155780,1
34334.153,2,289840,1400,156580,-1
34334.195,1,294346,1400,155710,1
34334.203,1,294353,1400,156500,-1
34334.398,1,294574,7000,155800,1
34334.805,2,294346,1400,155710,1
34334.807,2,294353,1400,156500,-1
34334.847,1,295060,1400,155780,1
34334.848,1,295062,1400,156580,-1
34334.951,2,295060,1400,155780,1
34334.985,1,295192,1400,155710,1
34335.013,2,295062,1400,156580,-1
34335.049,1,295239,1400,156500,-1
34335.055,2,295239,1400,156500,-1
34335.104,1,295289,1400,156580,-1
34335.213,2,290560,800,156090,-1
34335.253,2,295289,1400,156580,-1
34335.286,1,295456,1400,156500,-1
34335.35,1,295515,800,156090,-1
34335.766,2,295192,1400,155710,1
34335.767,2,295456,1400,156500,-1
34335.804,1,295962,1400,155780,1
34335.807,1,295963,1400,156580,-1
34336.128,2,274788,1000,156180,-1
34336.342,1,296482,150,156000,-1
34336.981,2,292917,500,156190,-1
34337.095,1,297204,500,156090,-1
34337.133,1,297249,500,155900,1
34339.043,2,294186,800,155710,1
34339.073,2,289551,300,156290,-1
34339.151,1,299143,300,156290,-1
34339.178,1,299173,800,155710,1
34339.522,2,295515,800,156090,-1
34339.646,2,297249,500,155900,1
34339.662,5,299040,100,155980,-1
34339.726,1,299686,800,156190,-1
34339.829,2,297204,500,156090,-1
34339.941,1,299851,500,156190,-1
34340.212,2,290556,300,155810,1
34340.271,2,292394,200,155810,1
34340.387,1,300243,300,155810,1
34340.623,1,300468,200,155910,1
34341.263,2,299173,800,155710,1
34341.583,1,301324,800,155810,1
34342.008,5,300648,50,155960,1
34342.311,1,301965,150,156000,-1
34342.816,1,302513,2100,156600,-1
34342.836,1,302531,2200,155600,1
34342.853,5,302013,100,155960,1
34342.853,5,301726,900,155930,1
34343.064,2,296482,150,156000,-1
34343.459,1,303074,150,156000,-1
34343.537,2,300468,200,155910,1
34343.555,2,276238,3000,155800,1
34343.638,1,303308,100,155810,1
34343.766,5,303324,300,155930,1
34344.318,1,303878,200,156000,-1
34344.429,2,299851,500,156190,-1
34344.642,1,304141,500,156090,-1
34344.723,2,299686,800,156190,-1
34344.865,1,304347,800,156190,-1
34345.041,1,304491,300,155980,-1
34346.309,5,303324,180,155930,1
34346.309,5,303654,500,155920,1
34346.583,2,301324,800,155810,1
34346.742,2,304491,300,155980,-1
34346.747,1,306131,800,155810,1
34347.347,1,306676,500,155900,1
34347.672,1,307023,200,155980,-1
34347.698,4,307023,200,155980,-1
34347.698,5,306885,300,155990,-1
34347.741,4,301965,150,156000,-1
34347.741,4,303074,150,156000,-1
34347.741,4,303878,200,156000,-1
34347.892,2,304141,500,156090,-1
34348.111,1,307409,500,156190,-1
34348.378,2,303308,100,155810,1
34348.581,2,306131,800,155810,1
34348.713,1,307930,800,155710,1
34348.794,1,307987,100,155810,1
34348.854,2,307987,100,155810,1
34349.097,2,295962,1400,155780,1
34349.1,2,295963,1400,156580,-1
34349.147,1,308339,1400,155850,1
34349.15,1,308341,1400,156650,-1
34349.153,2,299143,300,156290,-1
34349.35,1,308551,100,155910,1
34349.399,2,308339,1400,155850,1
34349.401,1,308611,300,156290,-1
34349.435,1,308656,1400,155780,1
34349.51,2,308341,1400,156650,-1
34349.591,1,308843,1400,156580,-1
34349.863,2,304347,800,156190,-1
34350.018,1,309236,800,156190,-1
34350.394,2,300243,300,155810,1
34350.481,1,309658,300,155810,1
34351.716,2,307930,800,155710,1
34351.72,2,309236,800,156190,-1
34351.724,2,236937,800,155700,1
34351.755,1,310837,5000,156000,1
34351.766,1,310854,800,156000,1
34351.985,1,311051,800,155910,1
34352.225,1,311272,150,156200,-1
34352.522,1,311529,800,156290,-1
34352.715,5,309290,100,156080,-1
34353.399,2,311529,800,156290,-1
34353.566,2,309658,300,155810,1
34353.568,2,308611,300,156290,-1
34353.618,1,312570,800,156290,-1
34353.668,1,312614,300,156390,-1
34353.793,1,312713,100,156000,1
34353.798,2,306676,500,155900,1
34353.805,1,312724,500,156000,1
34354.205,1,313091,300,155910,1
34355.484,2,313091,300,155910,1
34355.488,2,312614,300,156390,-1
34355.592,1,314368,300,156290,-1
34355.772,2,308656,1400,155780,1
34355.777,2,308843,1400,156580,-1
34355.812,1,314582,1400,155850,1
34355.815,1,314587,1400,156650,-1
34355.883,2,314368,300,156290,-1
34356.032,2,302513,2100,156600,-1
34356.057,1,314815,1400,156500,-1
34356.177,1,314911,300,156390,-1
34356.341,2,314582,1400,155850,1
34356.343,2,314587,1400,156650,-1
34356.359,2,310837,5000,156000,1
34356.376,1,315093,1400,155780,1
34356.379,1,315098,1400,156580,-1
34356.778,1,315506,300,155910,1
34356.782,2,314911,300,156390,-1
34356.847,2,315506,300,155910,1
34356.983,2,311051,800,155910,1
34357.121,1,315841,800,155910,1
34357.259,2,311272,150,156200,-1
34357.299,1,316008,300,156290,-1
34357.848,2,315093,1400,155780,1
34357.85,2,315098,1400,156580,-1
34357.881,1,316537,1400,155710,1
34357.884,1,316539,1400,156500,-1
34357.981,1,316637,200,156000,1
34358.104,1,316776,300,155810,1
34358.114,2,307409,500,156190,-1
34358.255,2,316776,300,155810,1
34358.259,2,316008,300,156290,-1
34358.343,1,317033,500,156190,-1
34358.369,1,317056,3000,156100,-1
34358.623,2,312570,800,156290,-1
34358.668,1,317381,300,156190,-1
34358.758,1,317463,800,156290,-1
34358.823,2,312724,500,156000,1
34358.826,2,312713,100,156000,1
34358.829,2,316637,200,156000,1
34358.918,2,181409,1600,156700,-1
34359.204,1,317926,300,155710,1
34359.265,2,310854,800,156000,1
34359.308,1,318026,800,155900,1
34359.337,1,318056,1600,156100,-1
34359.353,2,308551,100,155910,1
34359.686,1,318388,400,155910,1
34359.88,1,318583,1844,156100,-1
34360.094,1,318775,150,156100,-1
34361.603,2,317463,800,156290,-1
34361.708,1,320292,800,156190,-1
34361.86,1,320456,300,156000,-1
34362.05,2,317926,300,155710,1
34362.053,2,317381,300,156190,-1
34362.123,2,315841,800,155910,1
34362.138,1,320695,300,155810,1
34362.168,2,316537,1400,155710,1
34362.17,2,316539,1400,156500,-1
34362.204,1,320772,1400,155780,1
34362.208,1,320779,1400,156580,-1
34362.255,1,320825,800,155910,1
34362.259,1,320827,150,156000,-1
34362.527,2,165571,1000,142500,1
34362.642,1,321201,1000,155800,1
34362.727,1,321280,300,156290,-1
34362.777,1,321351,800,155900,1
34362.836,2,320772,1400,155780,1
34362.84,2,320779,1400,156580,-1
34362.873,1,321461,1400,155710,1
34362.878,1,321469,1400,156500,-1
34362.96,2,320695,300,155810,1
34362.962,2,321280,300,156290,-1
34363.059,1,321649,1000,128000,1
34363.235,1,321843,300,156190,-1
34363.354,2,320292,800,156190,-1
34363.567,2,318388,400,155910,1
34363.572,1,322174,800,156290,-1
34363.877,1,322501,300,155710,1
34364.108,1,322737,400,155810,1
34364.416,2,317033,500,156190,-1
34364.673,1,323288,500,156090,-1
34364.99,2,321461,1400,155710,1
34364.992,2,321469,1400,156500,-1
34365.026,1,323617,1400,155780,1
34365.029,1,323622,1400,156580,-1
34365.119,2,318775,150,156100,-1
34365.162,2,322501,300,155710,1
34365.164,2,321843,300,156190,-1
34365.185,1,323786,300,155810,1
34365.557,2,320456,300,156000,-1
34365.732,1,324298,300,156290,-1
34366.301,4,320827,150,156000,-1
34366.301,1,324833,250,156000,1
34366.847,2,321351,800,155900,1
34366.872,1,325408,800,156000,1
34367.089,1,325606,150,156100,-1
34367.212,2,323617,1400,155780,1
34367.214,2,323622,1400,156580,-1
34367.25,1,325757,1400,155850,1
34367.252,1,325758,1400,156650,-1
34367.254,2,320825,800,155910,1
34367.398,1,325903,800,155910,1
34367.942,1,326429,200,156200,-1
34368.025,2,323288,500,156090,-1
34368.216,1,326704,500,156090,-1
34368.292,2,326704,500,156090,-1
34368.574,2,322174,800,156290,-1
34368.708,1,327221,800,156290,-1
34368.796,1,327308,500,156190,-1
34368.906,2,325408,800,156000,1
34368.912,4,317056,600,156100,-1
34368.918,2,327308,500,156190,-1
34369.35,1,327772,500,156090,-1
34369.477,2,327772,500,156090,-1
34369.803,2,322737,400,155810,1
34369.975,1,328365,500,155910,1
34370.086,4,317056,100,156100,-1
34370.375,2,323786,300,155810,1
34370.377,2,324298,300,156290,-1
34370.479,1,328861,300,155910,1
34370.543,1,328915,500,156190,-1
34370.77,1,329192,137,152000,1
34370.823,2,328915,500,156190,-1
34371.061,1,329457,300,156390,-1
34371.091,1,329484,500,156290,-1
34372.078,2,325606,150,156100,-1
34372.307,1,330679,150,156100,-1
34372.404,2,325903,800,155910,1
34372.646,1,331004,800,155910,1
34372.689,2,317056,2300,156100,-1
34373.714,2,327221,800,156290,-1
34373.797,1,332069,600,156000,1
34373.852,1,332152,800,156290,-1
34374.097,2,328365,500,155910,1
34374.338,1,332600,500,155910,1
34374.524,2,332600,500,155910,1
34374.887,1,333046,500,156010,1
34374.942,4,318056,1600,156100,-1
34374.942,4,318583,1844,156100,-1
34374.942,4,330679,150,156100,-1
34376.189,2,333046,500,156010,1
34376.623,1,334549,500,155910,1
34377.253,5,335072,200,156150,-1
34377.491,1,335296,150,156200,-1
34377.644,2,331004,800,155910,1
34377.787,1,335615,800,155910,1
34378.799,5,333104,64,156180,-1
34378.851,2,332069,600,156000,1
34378.853,2,324833,250,156000,1
34378.854,2,332152,800,156290,-1
34378.865,1,336537,550,156100,1
34378.869,1,336546,250,156100,1
34378.99,1,336671,800,156290,-1
34379.289,1,336958,1000,156200,-1
34379.975,2,325757,1400,155850,1
34379.977,2,325758,1400,156650,-1
34380.008,1,337618,1400,155920,1
34380.012,1,337624,1400,156720,-1
34380.076,4,326429,2,156200,-1
34380.22,2,328861,300,155910,1
34380.223,2,329457,300,156390,-1
34380.312,5,336618,64,156140,1
34380.434,1,338036,300,156010,1
34380.586,2,329484,500,156290,-1
34380.921,1,338568,500,156190,-1
34380.996,5,338222,64,156180,-1
34381.124,5,336618,800,156140,1
34381.318,5,338222,200,156180,-1
34381.327,2,336537,550,156100,1
34381.333,2,336546,250,156100,1
34381.341,5,338222,550,156180,-1
34381.346,5,338222,186,156180,-1
34381.346,5,338276,64,156180,-1
34382.099,5,338276,936,156180,-1
34382.099,4,338568,64,156190,-1
34382.107,4,338568,54,156190,-1
34382.423,2,337618,1400,155920,1
34382.426,2,337624,1400,156720,-1
34382.463,1,340048,1400,156000,1
34382.466,1,340051,1400,156790,-1
34382.784,2,335615,800,155910,1
34382.934,1,340532,800,155910,1
34383.088,4,338568,382,156190,-1
34383.088,4,326429,198,156200,-1
34383.088,4,335296,150,156200,-1
34383.088,4,336958,570,156200,-1
34383.994,2,336671,800,156290,-1
34384.141,1,341637,800,156290,-1
34384.235,1,341720,5000,156000,1
34384.704,2,334549,500,155910,1
34385.12,2,340532,800,155910,1
34385.227,1,342464,800,156010,1
34385.231,2,338036,300,156010,1
34385.317,1,342573,300,156110,1
34385.569,1,342814,50,156100,1
34385.901,2,342814,50,156100,1
34385.907,2,340048,1400,156000,1
34385.908,2,340051,1400,156790,-1
34385.938,1,343111,1400,156070,1
34385.94,1,343113,1400,156860,-1
34386.434,2,341637,800,156290,-1
34386.538,1,343553,800,156390,-1
34386.665,5,340705,500,156180,-1
34386.819,2,343111,1400,156070,1
34386.821,2,343113,1400,156860,-1
34386.852,1,343878,1400,156000,1
34386.853,1,343881,1400,156790,-1
34386.867,2,341720,5000,156000,1
34386.926,2,343553,800,156390,-1
34386.95,2,343878,1400,156000,1
34386.953,2,343881,1400,156790,-1
34386.992,1,344023,1400,156070,1
34386.997,1,344031,1400,156860,-1
34387.001,2,314815,1400,156500,-1
34387.024,1,344067,2100,156800,-1
34387.095,1,344163,150,156200,-1
34387.099,1,344170,800,156290,-1
34387.271,2,344170,800,156290,-1
34387.55,2,344023,1400,156070,1
34387.552,2,344031,1400,156860,-1
34387.588,1,344613,1400,156000,1
34387.593,1,344622,1400,156790,-1
34387.642,1,344694,800,156390,-1
34387.84,1,344879,600,156010,1
34388.389,1,345322,500,156290,-1
34388.602,2,344613,1400,156000,1
34388.603,2,344622,1400,156790,-1
34388.655,1,345597,1400,156070,1
34388.658,1,345603,1400,156860,-1
34389.585,2,294574,7000,155800,1
34389.886,1,346569,7000,155800,1
34390.224,2,342464,800,156010,1
34390.357,1,346934,100,156100,1
34390.364,1,346945,800,156010,1
34391.41,5,340705,600,156180,-1
34391.544,5,342846,300,156140,1
34392.344,5,340705,36,156180,-1
34392.344,4,336958,430,156200,-1
34392.344,4,344163,134,156200,-1
34392.367,5,348152,150,156150,1
34392.382,2,344163,16,156200,-1
34392.503,2,344879,600,156010,1
34392.548,5,348152,16,156150,1
34392.645,2,344694,800,156390,-1
34392.671,2,342573,300,156110,1
34392.674,1,348829,300,156010,1
34392.78,1,348930,800,156390,-1
34392.794,1,348941,600,155910,1
34392.91,1,349036,5000,156110,1
34393.05,2,345322,500,156290,-1
34393.154,2,345597,1400,156070,1
34393.155,2,345603,1400,156860,-1
34393.207,1,349302,1400,156000,1
34393.209,1,349305,1400,156790,-1
34393.214,1,349314,300,156490,-1
34393.35,1,349399,500,156190,-1
34393.566,4,349399,500,156190,-1
34393.924,1,349899,500,156190,-1
34394.204,2,349899,500,156190,-1
34394.55,2,348941,600,155910,1
34394.628,1,350546,1000,156010,1
34395.107,2,346934,100,156100,1
34395.365,2,346945,800,156010,1
34395.374,2,346569,7000,155800,1
34395.504,1,351414,800,156010,1
34395.789,2,349302,1400,156000,1
34395.79,2,349305,1400,156790,-1
34395.829,1,351740,1400,155920,1
34395.834,1,351743,1400,156720,-1
34395.932,2,349036,5000,156110,1
34397.176,1,352947,1300,156300,-1
34397.248,2,348829,300,156010,1
34397.258,2,349314,300,156490,-1
34397.272,1,353063,300,156390,-1
34397.784,2,348930,800,156390,-1
34397.811,1,353595,300,155910,1
34397.881,2,344067,700,156800,-1
34398.041,1,353799,800,156290,-1
34398.151,2,351740,1400,155920,1
34398.184,1,353957,1400,155850,1
34398.268,2,353799,800,156290,-1
34398.307,2,353957,1400,155850,1
34398.342,1,354082,1400,155920,1
34398.412,2,354082,1400,155920,1
34398.416,2,351743,1400,156720,-1
34398.484,1,354229,1400,155850,1
34398.486,1,354232,1400,156650,-1
34398.583,1,354322,800,156390,-1
34398.779,1,354533,5000,156100,1
34398.994,1,354737,1300,156200,-1
34399.315,5,349238,500,156130,1
34399.879,5,354571,1000,156120,1
34400.223,2,350546,1000,156010,1
34400.505,2,351414,800,156010,1
34400.651,1,356079,1000,155910,1
34400.865,1,356264,800,156010,1
34401.207,2,354322,800,156390,-1
34401.633,1,356850,800,156290,-1
34401.778,2,354229,1400,155850,1
34401.779,2,354232,1400,156650,-1
34401.832,1,357017,1400,155920,1
34401.834,1,357022,1400,156720,-1
34402.398,2,357017,1400,155920,1
34402.4,2,357022,1400,156720,-1
34402.417,2,127920,2500,154700,1
34402.432,1,357467,1400,155850,1
34402.433,1,357470,1400,156650,-1
34402.541,1,357537,7000,156100,1
34402.591,2,353595,300,155910,1
34402.593,2,353063,300,156390,-1
34402.998,2,357470,1400,156650,-1
34403.031,1,357985,1400,156720,-1
34403.154,2,357467,1400,155850,1
34403.188,1,358110,1400,155920,1
34403.714,2,356264,800,156010,1
34403.83,1,358647,800,155910,1
34404.43,2,358110,1400,155920,1
34404.432,2,357985,1400,156720,-1
34404.464,1,359131,1400,155850,1
34404.466,1,359134,1400,156650,-1
34404.544,4,354533,500,156100,1
34404.574,1,359208,300,156290,-1
34405.078,1,359622,300,155810,1
34405.478,4,354533,400,156100,1
34406.635,2,356850,800,156290,-1
34406.772,1,360952,800,156290,-1
34408.409,2,283361,2000,155800,1
34408.835,2,358647,800,155910,1
34408.957,1,362595,800,155910,1
34409.144,1,362726,100,156180,-1
34410.165,2,362595,800,155910,1
34410.27,1,363522,800,156010,1
34410.655,2,356079,1000,155910,1
34410.762,1,363977,1000,155910,1
34411.249,2,354533,4100,156100,1
34411.671,4,357537,400,156100,1
34411.775,2,360952,800,156290,-1
34411.911,1,364819,800,156290,-1
34412.112,4,357537,1300,156100,1
34412.284,1,365070,150,156200,-1
34412.353,4,357537,150,156100,1
34412.589,4,357537,200,156100,1
34412.834,4,357537,1300,156100,1
34413.416,1,365956,19030,158700,-1
34413.816,2,359131,1400,155850,1
34413.818,2,359134,1400,156650,-1
34413.853,1,366281,1400,155780,1
34413.855,1,366284,1400,156580,-1
34413.968,5,362739,80,156160,-1
34414.213,2,364819,800,156290,-1
34414.33,1,366758,800,156390,-1
34414.538,2,363977,1000,155910,1
34414.546,4,357537,2000,156100,1
34414.575,2,359208,300,156290,-1
34414.653,1,367004,1000,156010,1
34414.877,1,367189,300,156290,-1
34414.9,4,357537,600,156100,1
34414.986,4,357537,1050,156100,1
34415.085,2,359622,300,155810,1
34415.275,2,363522,800,156010,1
34415.375,1,367609,5000,156100,-1
34415.41,1,367638,800,156010,1
34415.423,1,367652,300,155810,1
34415.493,1,367690,4000,156000,1
34415.641,2,367004,1000,156010,1
34415.748,1,367914,1000,155910,1
34415.773,5,367625,920,156080,-1
34415.773,5,367633,158,156090,-1
34415.773,5,367744,1000,156090,-1
34415.773,4,367609,2922,156100,-1
34415.855,2,366758,800,156390,-1
34415.958,2,367638,800,156010,1
34415.964,1,368125,800,156290,-1
34416.503,1,368552,800,155910,1
34417.199,5,368192,864,156060,-1
34417.199,4,367609,2078,156100,-1
34417.351,2,365070,150,156200,-1
34417.784,2,367652,300,155810,1
34417.788,2,367189,300,156290,-1
34417.794,2,366281,1400,155780,1
34417.799,2,366284,1400,156580,-1
34417.829,1,369664,1400,155710,1
34417.832,1,369668,1400,156500,-1
34418.433,1,370122,600,156480,-1
34418.585,2,370122,600,156480,-1
34418.721,1,370379,300,156190,-1
34418.969,1,370677,600,156380,-1
34419.498,5,371057,1000,156030,1
34419.498,5,371091,300,156030,1
34419.516,1,371175,600,155420,1
34419.648,5,371091,700,156030,1
34419.648,5,368559,600,156020,1
34419.721,5,369779,100,156100,-1
34419.754,5,369779,100,156100,-1
34419.774,5,369779,300,156100,-1
34419.807,5,371369,1000,156030,1
34419.807,5,368559,300,156020,1
34420.524,2,367914,1000,155910,1
34420.715,1,372210,1000,155810,1
34420.965,2,368125,800,156290,-1
34421.098,1,372501,800,156290,-1
34421.299,2,352947,1300,156300,-1
34421.305,2,354737,1300,156200,-1
34421.505,2,368552,800,155910,1
34421.55,5,369779,1000,156100,-1
34421.55,5,371328,600,156160,-1
34421.55,5,371472,100,156160,-1
34421.647,1,372934,800,155910,1
34421.707,2,371175,600,155420,1
34421.71,2,370677,600,156380,-1
34421.74,2,362726,100,156180,-1
34421.817,1,373058,600,156480,-1
34421.861,2,372210,1000,155810,1
34421.937,1,373128,1000,155910,1
34422.168,5,369823,300,156170,-1
34422.168,5,372780,300,156170,-1
34422.346,1,373459,150,156100,-1
34422.363,1,373475,600,155520,1
34422.468,4,373459,100,156100,-1
34423.046,2,370379,300,156190,-1
34423.565,2,373475,600,155520,1
34423.568,2,373058,600,156480,-1
34423.676,1,374552,600,156380,-1
34424.169,1,374922,100,156200,-1
34424.221,1,374963,600,155420,1
34425.239,2,102605,2600,155200,1
34425.282,1,375870,300,156200,-1
34425.339,1,375905,150,156200,-1
34426.067,2,375870,300,156200,-1
34426.096,2,372501,800,156290,-1
34426.239,1,376534,800,156290,-1
34426.329,2,369664,1400,155710,1
34426.333,2,369668,1400,156500,-1
34426.367,1,376613,1400,155640,1
34426.37,1,376615,1400,156430,-1
34426.445,2,344067,1400,156800,-1
34426.449,2,302531,2200,155600,1
34426.465,1,376697,1400,156300,-1
34426.467,1,376698,2200,155200,1
34426.646,2,372934,800,155910,1
34426.797,1,377060,800,155910,1
34428.47,1,378464,200,156190,-1
34428.471,1,378466,300,156100,-1
34428.795,5,376567,300,156090,-1
34428.887,2,374922,100,156200,-1
34428.981,2,376613,1400,155640,1
34428.983,2,376615,1400,156430,-1
34429.019,1,378904,1400,155570,1
34429.023,1,378909,1400,156360,-1
34429.192,1,379059,300,155610,1
34429.741,2,378904,1400,155570,1
34429.743,2,378909,1400,156360,-1
34429.774,1,379558,1400,155640,1
34429.776,1,379559,1400,156430,-1
34429.877,5,379077,200,156080,-1
34429.877,5,376567,400,156090,-1
34429.877,4,373459,50,156100,-1
34429.877,4,378466,300,156100,-1
34429.877,5,376539,1000,156100,-1
34429.877,5,376816,400,156100,-1
34429.877,5,377707,800,156100,-1
34429.877,5,378529,500,156100,-1
34429.877,5,379572,500,156100,-1
34429.935,1,379685,5000,156100,-1
34430.07,2,379059,300,155610,1
34430.143,1,379829,300,155810,1
34430.184,2,376534,800,156290,-1
34430.287,1,379943,800,156190,-1
34430.296,4,379685,5000,156100,-1
34430.336,2,379558,1400,155640,1
34430.371,1,380008,1400,155570,1
34430.446,2,375905,150,156200,-1
34430.529,2,380008,1400,155570,1
34430.535,2,378464,200,156190,-1
34430.54,1,380115,200,156100,-1
34430.563,1,380148,1400,155640,1
34430.747,4,367690,500,156000,1
34430.759,1,380360,300,156100,-1
34431.04,5,380234,300,156090,-1
34431.04,4,380115,200,156100,-1
34431.04,4,380360,300,156100,-1
34431.064,2,318026,800,155900,1
34431.132,1,380699,1200,155700,1
34431.392,2,379943,800,156190,-1
34431.424,1,380911,1000,156290,-1
34431.49,1,380957,800,156290,-1
34431.566,1,381008,150,156100,-1
34431.795,2,377060,800,155910,1
34431.796,1,381197,1500,156100,-1
34431.892,4,381008,100,156100,-1
34431.936,2,373128,1000,155910,1
34432.05,1,381388,800,155910,1
34432.091,1,381421,1000,155910,1
34432.387,5,380632,150,156020,1
34432.423,1,381674,900,156100,-1
34432.859,2,376697,1400,156300,-1
34432.862,1,382081,1400,156200,-1
34433.025,2,380957,800,156290,-1
34433.057,4,381008,50,156100,-1
34433.057,4,381197,1500,156100,-1
34433.057,4,381674,900,156100,-1
34433.137,1,382310,800,156190,-1
34433.501,2,380148,1400,155640,1
34433.537,1,382580,1400,155640,1
34433.676,2,374552,600,156380,-1
34433.858,1,382842,600,156380,-1
34434.226,2,374963,600,155420,1
34434.229,2,382310,800,156190,-1
34434.333,1,383243,800,156290,-1
34434.407,1,383300,600,155420,1
34434.493,2,383243,800,156290,-1
34434.83,2,380911,1000,156290,-1
34434.879,1,383674,800,156290,-1
34435.586,2,382081,1400,156200,-1
34435.592,1,384201,1400,156300,-1
34435.812,5,382847,50,156080,-1
34435.812,5,383576,450,156100,-1
34436.34,2,379829,300,155810,1
34436.367,5,383576,500,156100,-1
34436.627,5,383576,50,156100,-1
34436.644,5,385155,300,156110,1
34436.78,1,385312,300,155810,1
34437.055,2,381388,800,155910,1
34437.175,1,385624,800,155910,1
34437.278,2,382580,1400,155640,1
34437.279,2,379559,1400,156430,-1
34437.315,1,385763,1400,155570,1
34437.317,1,385765,1400,156360,-1
34439.017,2,385763,1400,155570,1
34439.018,2,385765,1400,156360,-1
34439.054,1,387043,1400,155640,1
34439.056,2,383300,600,155420,1
34439.058,1,387047,1400,156430,-1
34439.063,2,382842,600,156380,-1
34439.112,1,387089,600,156480,-1
34439.142,2,385312,300,155810,1
34439.171,1,387124,300,155910,1
34439.657,1,387540,600,155520,1
34439.74,2,387043,1400,155640,1
34439.741,2,387047,1400,156430,-1
34439.775,1,387657,1400,155570,1
34439.778,1,387659,1400,156360,-1
34439.789,2,387540,600,155520,1
34439.795,2,387089,600,156480,-1
34439.876,2,383674,800,156290,-1
34439.884,2,387124,300,155910,1
34439.887,1,387745,300,155810,1
34440.025,1,387834,800,156290,-1
34440.208,1,387965,600,156380,-1
34440.76,1,388431,600,155420,1
34441.084,2,388431,600,155420,1
34441.087,2,387965,600,156380,-1
34441.298,1,388848,600,156480,-1
34441.844,1,389267,600,155520,1
34442.096,2,381421,1000,155910,1
34442.176,2,385624,800,155910,1
34442.279,1,389577,1000,156010,1
34442.324,1,389612,800,155910,1
34442.419,1,389667,150,156100,-1
34442.771,2,384201,1400,156300,-1
34442.774,1,389940,1400,156200,-1
34442.817,5,389826,100,156060,-1
34442.834,2,389267,600,155520,1
34442.836,2,388848,600,156480,-1
34442.939,1,390061,600,156380,-1
34443.47,1,390378,5000,156100,-1
34443.484,1,390385,600,155420,1
34443.486,2,389577,1000,156010,1
34443.59,1,390477,1000,155910,1
34443.624,5,390392,150,156080,-1
34443.624,5,389710,350,156090,-1
34443.624,4,389667,150,156100,-1
34443.624,4,390378,408,156100,-1
34443.642,2,387745,300,155810,1
34443.746,1,390576,300,155810,1
34444.14,2,390477,1000,155910,1
34444.245,1,390878,1000,156010,1
34444.263,2,390576,300,155810,1
34444.374,1,390963,300,155910,1
34444.652,2,387657,1400,155570,1
34444.654,2,387659,1400,156360,-1
34444.68,2,390385,600,155420,1
34444.684,2,390061,600,156380,-1
34444.685,1,391180,1400,155640,1
34444.687,1,391184,1400,156430,-1
34444.702,1,391197,600,156480,-1
34444.936,4,390378,800,156100,-1
34444.948,2,391197,600,156480,-1
34445.026,2,387834,800,156290,-1
34445.174,1,391518,800,156290,-1
34445.203,2,391180,1400,155640,1
34445.237,1,391577,1400,155640,1
34445.243,1,391579,600,156380,-1
34445.274,2,264040,1000,155100,1
34445.306,2,391577,1400,155640,1
34445.307,2,391184,1400,156430,-1
34445.343,1,391659,1400,155570,1
34445.346,1,391663,1400,156360,-1
34445.782,1,392034,600,155420,1
34447.103,2,391659,1400,155570,1
34447.105,2,391663,1400,156360,-1
34447.142,1,393170,1400,155640,1
34447.144,1,393171,1400,156430,-1
34447.258,5,390894,1200,156030,1
34447.258,5,393180,1000,156020,1
34447.258,5,393183,1000,156020,1
34447.258,4,390878,1000,156010,1
34447.258,5,393225,164,156010,1
34447.327,2,389612,800,155910,1
34447.356,1,393336,600,156010,1
34447.564,2,393336,600,156010,1
34447.567,1,393513,800,155910,1
34447.924,1,393813,500,155910,1
34448.11,2,390963,300,155910,1
34448.124,2,393813,500,155910,1
34448.157,1,394007,300,155810,1
34448.473,1,394238,500,155810,1
34448.626,1,394349,5000,156100,-1
34448.966,5,393307,158,156020,1
34448.966,5,393225,1342,156010,1
34449.018,1,394649,500,156100,-1
34449.563,2,394649,500,156100,-1
34449.768,2,391518,800,156290,-1
34449.818,2,394007,300,155810,1
34449.821,1,395224,300,155910,1
34449.887,1,395273,500,156100,-1
34450.195,2,393170,1400,155640,1
34450.199,2,393171,1400,156430,-1
34450.215,2,392034,600,155420,1
34450.219,2,391579,600,156380,-1
34450.233,1,395531,1400,155570,1
34450.239,1,395539,1400,156360,-1
34450.249,1,395547,800,156190,-1
34450.334,1,395632,600,156280,-1
34450.343,2,395224,300,155910,1
34450.389,1,395666,300,155810,1
34450.42,2,390378,3792,156100,-1
34450.445,2,394349,5000,156100,-1
34450.812,1,396059,600,155320,1
34450.938,2,389940,1400,156200,-1
34450.955,1,396181,1400,156400,-1
34450.962,2,395531,1400,155570,1
34450.964,2,395539,1400,156360,-1
34450.995,1,396222,1400,155640,1
34450.997,1,396224,1400,156430,-1
34451.04,2,396059,600,155320,1
34451.043,2,395632,600,156280,-1
34451.235,2,395666,300,155810,1
34451.29,1,396440,300,155910,1
34451.362,1,396499,600,156380,-1
34451.476,2,396440,300,155910,1
34451.797,5,396316,3500,156010,1
34451.808,2,394238,500,155810,1
34451.813,2,395273,500,156100,-1
34451.894,1,396975,300,155910,1
34451.9,1,396978,5000,156100,-1
34451.907,1,396986,600,155420,1
34451.919,1,396998,500,155910,1
34451.952,5,396316,1500,156010,1
34451.952,4,367690,2000,156000,1
34452.05,4,367690,1100,156000,1
34452.283,2,396978,5000,156100,-1
34452.395,2,393513,800,155910,1
34452.413,5,397323,150,156030,1
34452.474,1,397440,500,156190,-1
34452.493,1,397454,800,155810,1
34452.821,2,396975,300,155910,1
34452.824,1,397798,300,155810,1
34453.861,5,397109,2500,156010,1
34454.034,5,397109,994,156010,1
34454.034,5,397281,600,156010,1
34454.034,4,367690,400,156000,1
34454.203,2,396222,1400,155640,1
34454.207,2,396224,1400,156430,-1
34454.24,1,398948,1400,155570,1
34454.242,1,398950,1400,156360,-1
34454.354,1,399055,5000,156100,-1
34454.872,4,396998,500,155910,1
34455.034,1,399621,400,155910,1
34455.188,1,399754,5000,156100,-1
34455.241,2,399621,400,155910,1
34455.242,2,397440,500,156190,-1
34455.247,2,395547,800,156190,-1
34455.333,1,399866,800,156190,-1
34455.517,2,396986,600,155420,1
34455.519,2,396499,600,156380,-1
34455.583,1,400076,200,155810,1
34455.628,1,400130,600,156280,-1
34455.726,2,400076,200,155810,1
34456.126,1,400553,200,155810,1
34456.172,1,400599,600,155320,1
34456.182,2,400553,200,155810,1
34456.195,1,400610,5000,156000,-1
34456.558,1,400862,5000,156000,-1
34456.677,1,400964,500,156090,-1
34457.325,1,401482,500,155410,1
34457.415,2,397454,800,155810,1
34457.518,5,400726,800,155890,-1
34457.78,2,399866,800,156190,-1
34458.068,1,401994,800,155710,1
34458.121,2,401994,800,155710,1
34458.22,2,398948,1400,155570,1
34458.221,2,398950,1400,156360,-1
34458.25,2,400599,600,155320,1
34458.254,1,402113,1400,155500,1
34458.257,1,402115,1400,156290,-1
34458.258,2,400130,600,156280,-1
34458.27,1,402127,600,156180,-1
34458.541,2,397798,300,155810,1
34458.615,1,402420,800,155900,-1
34458.797,1,402559,600,155220,1
34458.922,1,402669,300,155710,1
34459.067,2,402113,1400,155500,1
34459.071,2,402115,1400,156290,-1
34459.073,2,402559,600,155220,1
34459.077,2,402127,600,156180,-1
34459.103,1,402840,1400,155570,1
34459.106,1,402842,1400,156360,-1
34459.161,1,402880,800,155610,1
34459.192,2,399055,5000,156100,-1
34459.219,2,399754,5000,156100,-1
34459.221,2,400610,5000,156000,-1
34459.222,2,400862,5000,156000,-1
34459.346,1,403024,600,155320,1
34459.924,1,403473,600,156280,-1
34460.471,5,403171,300,155830,1
34460.471,5,403119,100,155820,1
34460.471,5,399599,100,155810,1
34461.382,2,402840,1400,155570,1
34461.382,2,403024,600,155320,1
34461.385,2,402842,1400,156360,-1
34461.386,2,403473,600,156280,-1
34461.414,1,404455,1400,155500,1
34461.416,1,404457,1400,156290,-1
34461.457,1,404483,600,156180,-1
34461.494,4,321201,1000,155800,1
34461.632,1,404607,3000,155900,-1
34462.002,1,404864,600,155220,1
34462.106,2,380699,1200,155700,1
34462.108,1,404920,900,155600,1
34462.342,2,404455,1400,155500,1
34462.343,2,404457,1400,156290,-1
34462.373,1,405099,1400,155420,1
34462.376,1,405101,1400,156220,-1
34462.433,2,402669,300,155710,1
34462.509,1,405221,300,155610,1
34462.665,2,402880,800,155610,1
34462.768,1,405501,800,155510,1
34463.415,1,406071,8,155700,1
34463.617,2,402420,800,155900,-1
34463.651,2,405099,1400,155420,1
34463.66,2,405101,1400,156220,-1
34463.692,1,406275,1400,155500,1
34463.697,1,406285,1400,156290,-1
34463.755,1,406339,800,155900,-1
34463.941,2,406275,1400,155500,1
34463.977,1,406496,1400,155500,1
34464.636,2,406496,1400,155500,1
34464.67,1,406999,1400,155420,1
34464.692,2,406999,1400,155420,1
34464.729,1,407048,1400,155500,1
34464.912,2,407048,1400,155500,1
34464.947,1,407240,1400,155420,1
34465.065,2,406285,1400,156290,-1
34465.096,1,407393,1400,156220,-1
34466.056,2,23932,95,180000,-1
34466.689,2,400964,500,156090,-1
34466.891,1,408994,500,156090,-1
34467.326,2,401482,500,155410,1
34467.545,1,409404,500,155410,1
34467.766,2,405501,800,155510,1
34467.909,1,409671,800,155510,1
34468.116,2,407240,1400,155420,1
34468.117,2,407393,1400,156220,-1
34468.153,1,409841,1400,155350,1
34468.154,1,409843,1400,156150,-1
34468.163,2,404864,600,155220,1
34468.165,2,404483,600,156180,-1
34468.264,1,409933,600,156080,-1
34468.757,2,406339,800,155900,-1
34468.782,1,410352,600,155120,1
34468.907,1,410465,800,155900,-1
34469.043,2,409843,1400,156150,-1
34469.09,1,410650,1400,156220,-1
34469.091,2,410352,600,155120,1
34469.097,2,409933,600,156080,-1
34469.222,2,409841,1400,155350,1
34469.257,1,410818,1400,155420,1
34469.353,2,405221,300,155610,1
34469.357,1,410905,600,156180,-1
34469.367,2,408994,500,156090,-1
34469.37,2,409404,500,155410,1
34469.592,1,411126,500,155990,-1
34469.876,1,411408,600,155220,1
34470.137,1,411613,300,155610,1
34470.268,1,411725,500,155310,1
34470.639,4,406071,8,155700,1
34470.65,2,410465,800,155900,-1
34470.765,1,412212,800,155800,-1
34470.852,2,410818,1400,155420,1
34470.854,2,410650,1400,156220,-1
34470.865,1,412300,150,155700,-1
34470.872,2,411408,600,155220,1
34470.876,2,410905,600,156180,-1
34470.888,1,412327,1400,155350,1
34470.889,1,412328,1400,156150,-1
34470.97,1,412391,600,156080,-1
34471.252,2,411613,300,155610,1
34471.523,1,412849,600,155120,1
34471.783,2,404920,900,155600,1
34471.833,1,413180,1200,155400,1
34472.044,2,412327,1400,155350,1
34472.081,1,413419,1400,155280,1
34472.17,2,413419,1400,155280,1
34472.202,1,413527,1400,155350,1
34472.352,2,413527,1400,155350,1
34472.356,2,412328,1400,156150,-1
34472.388,1,413679,1400,155280,1
34472.391,1,413682,1400,156080,-1
34472.401,2,409671,800,155510,1
34472.503,1,413766,800,155410,1
34472.83,2,412849,600,155120,1
34472.832,2,412391,600,156080,-1
34472.938,1,414194,600,155980,-1
34473.249,1,414469,300,155510,1
34473.485,1,414659,600,155020,1
34473.546,2,414659,600,155020,1
34473.55,2,414194,600,155980,-1
34473.631,5,412083,150,155660,1
34473.649,2,412212,800,155800,-1
34474.036,1,415183,600,155120,1
34474.153,5,412083,51,155660,1
34474.589,1,415661,600,156080,-1
34474.597,2,415183,600,155120,1
34474.654,2,415661,600,156080,-1
34475.128,1,416143,600,155980,-1
34475.198,2,416143,600,155980,-1
34475.469,2,413679,1400,155280,1
34475.471,2,413682,1400,156080,-1
34475.508,1,416401,1400,155350,1
34475.509,1,416403,1400,156150,-1
34475.555,2,411725,500,155310,1
34475.654,1,416551,500,155210,1
34475.678,1,416585,600,155120,1
34475.725,2,416401,1400,155350,1
34475.729,2,416403,1400,156150,-1
34475.769,1,416702,1400,155280,1
34475.773,1,416711,1400,156080,-1
34475.788,1,416726,800,155790,-1
34476.0,2,416585,600,155120,1
34476.076,2,414469,300,155510,1
34476.221,1,417103,600,155980,-1
34476.285,2,376698,2200,155200,1
34476.304,1,417191,2200,154800,1
34476.767,1,417608,600,155020,1
34477.507,2,413766,800,155410,1
34477.644,1,418285,800,155410,1
34477.648,2,416551,500,155210,1
34477.747,1,418371,500,155310,1
34477.926,2,418371,500,155310,1
34478.299,1,418823,500,155210,1
34478.525,2,418823,500,155210,1
34478.604,2,416702,1400,155280,1
34478.637,1,419134,1400,155210,1
34478.645,2,416711,1400,156080,-1
34478.656,1,419152,300,155510,1
34478.679,1,419174,1400,156000,-1
34478.841,1,419309,500,155310,1
34478.905,2,419152,300,155510,1
34479.21,1,419633,300,155410,1
34479.509,2,416726,800,155790,-1
34479.598,2,411126,500,155990,-1
34479.626,1,420039,800,155790,-1
34479.647,1,420072,200,155700,-1
34479.83,1,420291,500,155990,-1
34480.377,5,419738,400,155650,1
34480.383,2,420039,800,155790,-1
34480.419,2,419134,1400,155210,1
34480.422,2,419174,1400,156000,-1
34480.458,1,420801,1400,155140,1
34480.461,1,420804,1400,155930,-1
34480.501,1,420840,800,155700,-1
34480.653,2,420801,1400,155140,1
34480.658,2,420804,1400,155930,-1
34480.689,4,222346,93,155600,1
34480.699,1,421135,1400,155210,1
34480.702,1,421141,1400,156000,-1
34481.389,2,419309,500,155310,1
34481.451,2,419633,300,155410,1
34481.48,1,421946,300,155510,1
34481.516,1,421990,500,155210,1
34482.062,4,222346,2200,155600,1
34482.238,2,420291,500,155990,-1
34482.389,1,422862,500,155890,-1
34482.546,4,222346,150,155600,1
34482.558,4,222346,79,155600,1
34482.595,2,422862,500,155890,-1
34482.648,2,418285,800,155410,1
34482.787,1,423272,800,155410,1
34482.984,1,423413,500,155990,-1
34483.196,2,421135,1400,155210,1
34483.197,2,421141,1400,156000,-1
34483.243,1,423609,1400,155280,1
34483.245,1,423611,1400,156080,-1
34483.364,1,423734,858,155200,1
34483.475,1,423821,1600,150000,1
34483.781,2,421990,500,155210,1
34483.878,4,421946,33,155510,1
34483.905,2,423609,1400,155280,1
34483.909,2,423611,1400,156080,-1
34483.941,1,424293,1400,155210,1
34483.943,1,424294,1400,156000,-1
34483.979,2,421946,267,155510,1
34484.105,1,424455,500,155210,1
34484.12,2,424293,1400,155210,1
34484.122,2,424294,1400,156000,-1
34484.154,1,424502,1400,155280,1
34484.157,1,424508,1400,156080,-1
34484.188,2,423413,500,155990,-1
34484.205,2,420072,200,155700,-1
34484.551,1,424827,1300,155600,-1
34484.654,1,424961,500,155890,-1
34485.027,1,425304,300,155410,1
34485.194,2,424502,1400,155280,1
34485.197,2,424508,1400,156080,-1
34485.228,1,425503,1400,155210,1
34485.231,1,425509,1400,156000,-1
34485.497,2,420840,800,155700,-1
34485.537,1,425807,33,155700,-1
34485.64,1,425949,800,155700,-1
34485.705,2,424961,500,155890,-1
34485.846,2,417608,600,155020,1
34485.851,2,417103,600,155980,-1
34485.857,1,426150,500,155990,-1
34485.954,1,426232,600,155880,-1
34486.502,1,426756,600,154920,1
34486.669,2,426150,500,155990,-1
34486.862,2,425503,1400,155210,1
34486.866,2,425509,1400,156000,-1
34486.898,1,427224,1400,155140,1
34486.899,1,427225,1400,155930,-1
34487.091,1,427379,200,156100,-1
34487.123,2,425304,300,155410,1
34487.198,2,425807,33,155700,-1
34487.201,1,427484,300,155310,1
34487.765,4,194019,42,155500,1
34487.766,2,424455,500,155210,1
34487.788,2,423272,800,155410,1
34487.816,1,428143,200,155600,-1
34487.838,1,428176,33,155700,-1
34487.927,2,427224,1400,155140,1
34487.929,1,428261,800,155310,1
34487.961,1,428299,1400,155070,1
34488.157,2,427225,1400,155930,-1
34488.197,1,428515,1400,155860,-1
34488.29,2,428176,33,155700,-1
34488.513,1,428770,33,155700,-1
34488.666,2,428770,33,155700,-1
34489.035,2,404607,3000,155900,-1
34489.06,1,429348,33,155700,-1
34489.166,1,429430,2200,156000,-1
34490.014,2,426756,600,154920,1
34490.016,2,426232,600,155880,-1
34490.11,1,430342,600,155780,-1
34490.335,2,430342,600,155780,-1
34490.41,2,427484,300,155310,1
34490.414,1,430575,300,155410,1
34490.647,2,425949,800,155700,-1
34490.668,1,430875,600,155780,-1
34490.771,1,431000,800,155700,-1
34490.774,2,413180,1200,155400,1
34490.778,1,431007,1100,155300,1
34490.853,1,431072,2000,155600,-1
34491.099,2,428299,1400,155070,1
34491.103,2,428515,1400,155860,-1
34491.134,1,431357,1400,155000,1
34491.137,1,431361,1400,155790,-1
34491.156,2,396181,1400,156400,-1
34491.175,1,431390,1400,155800,-1
34491.205,1,431418,600,154820,1
34491.32,2,431000,800,155700,-1
34491.427,1,431649,800,155700,-1
34492.157,5,430390,466,155560,-1
34492.157,5,424852,1200,155580,-1
34492.157,5,428579,100,155590,-1
34492.157,4,424827,1300,155600,-1
34492.157,4,428143,200,155600,-1
34492.157,4,431072,234,155600,-1
34492.501,2,430575,300,155410,1
34492.562,5,432472,46,155520,1
34492.585,5,432472,54,155520,1
34492.884,5,432472,46,155520,1
34492.894,5,432472,1054,155520,1
34492.927,2,428261,800,155310,1
34493.078,1,433271,800,155310,1
34493.102,1,433297,200,155600,-1
34493.344,2,433271,800,155310,1
34493.347,1,433545,700,155700,-1
34493.441,4,194019,83,155500,1
34493.462,4,194019,300,155500,1
34493.73,4,194019,575,155500,1
34493.757,1,433995,800,155210,1
34493.81,2,429348,33,155700,-1
34493.82,2,431649,800,155700,-1
34494.275,2,412300,150,155700,-1
34494.279,1,434461,150,155600,-1
34494.384,2,431072,1766,155600,-1
34494.457,1,434588,150,155500,-1
34494.529,5,434607,44,155480,-1
34496.021,1,436039,800,155590,-1
34496.033,1,436047,300,155410,1
34496.299,1,436293,1766,155500,-1
34496.57,1,436544,33,155690,-1
34496.577,2,431357,1400,155000,1
34496.578,2,431361,1400,155790,-1
34496.655,2,431418,600,154820,1
34496.656,2,430875,600,155780,-1
34496.733,1,436787,1400,154920,1
34496.735,1,436789,1400,155720,-1
34496.742,1,436797,600,155680,-1
34496.932,4,436047,300,155410,1
34496.942,2,436544,33,155690,-1
34497.139,1,437207,267,155410,1
34497.222,1,437298,600,154720,1
34497.351,2,433297,200,155600,-1
34497.371,4,437207,100,155410,1
34497.447,2,436039,800,155590,-1
34497.558,1,437635,800,155500,-1
34497.82,1,437961,300,155590,-1
34498.247,1,438368,1000,155100,1
34498.265,2,431007,1100,155300,1
34498.602,2,436293,1766,155500,-1
34498.757,2,433995,800,155210,1
34499.082,1,439132,800,155210,1
34499.113,2,437961,300,155590,-1
34499.172,1,439208,500,155110,1
34499.181,4,437207,167,155410,1
34499.181,4,169018,15,155400,1
34499.181,1,439213,1584,155400,-1
34499.642,2,439132,800,155210,1
34499.679,2,436787,1400,154920,1
34499.681,2,436789,1400,155720,-1
34499.685,1,439635,25,155480,-1
34499.718,1,439667,1400,154850,1
34499.72,1,439669,1400,155650,-1
34499.723,1,439673,500,155790,-1
34499.738,1,439683,800,155110,1
34500.151,4,118091,45,155300,1
34500.306,2,439213,1584,155400,-1
34500.453,2,439667,1400,154850,1
34500.455,2,439669,1400,155650,-1
34500.473,2,437635,800,155500,-1
34500.488,1,440379,1400,154920,1
34500.491,1,440386,1400,155720,-1
34500.629,4,118091,2455,155300,1
34500.629,4,170995,50,155300,1
34500.643,2,440379,1400,154920,1
34500.644,2,440386,1400,155720,-1
34500.683,1,440631,1400,154850,1
34500.685,1,440636,1400,155650,-1
34500.706,2,434588,150,155500,-1
34500.85,1,440854,150,155300,-1
34501.017,1,441061,1584,155400,-1
34501.104,1,441164,300,155590,-1
34501.157,2,417191,2200,154800,1
34501.177,1,441251,2200,154300,1
34501.603,2,440631,1400,154850,1
34501.606,2,440636,1400,155650,-1
34501.637,1,441779,1400,154920,1
34501.643,1,441787,1400,155720,-1
34501.872,1,442058,800,155400,-1
34501.983,5,441978,95,155220,1
34502.01,5,441978,5,155220,1
34502.01,4,99701,950,155200,1
34502.01,4,170039,100,155200,1
34502.01,4,170664,380,155200,1
34502.01,4,423734,853,155200,1
34502.103,2,439673,500,155790,-1
34502.198,1,442432,5000,155400,-1
34502.278,1,442517,500,155690,-1
34502.31,4,423734,5,155200,1
34502.384,2,439208,500,155110,1
34502.539,1,442763,150,155200,-1
34502.594,1,442839,800,155490,-1
34502.815,1,443120,500,155010,1
34503.039,2,441061,1584,155400,-1
34503.268,2,443120,500,155010,1
34503.466,1,443782,500,155010,1
34503.478,1,443799,1584,155200,-1
34503.527,2,443782,500,155010,1
34503.533,4,116864,7,155110,1
34503.867,4,116864,30,155110,1
34504.047,1,444446,500,155110,1
34504.329,5,444462,100,155120,1
34504.489,5,444462,25,155120,1
34504.54,2,434461,150,155600,-1
34504.64,2,443799,1584,155200,-1
34504.645,2,439635,25,155480,-1
34504.72,1,445166,150,155200,-1
34504.737,2,439683,800,155110,1
34504.891,1,445330,800,155110,1
34505.087,2,442058,800,155400,-1
34505.226,5,444462,375,155120,1
34505.226,4,116864,1209,155110,1
34505.553,4,116864,2000,155110,1
34505.743,2,440854,150,155300,-1
34505.913,4,116864,150,155110,1
34505.996,2,438368,1000,155100,1
34506.042,1,446468,800,155000,1
34506.282,2,441779,1400,154920,1
34506.318,1,446704,1400,154850,1
34506.324,2,437298,600,154720,1
34506.334,2,436797,600,155680,-1
34506.411,2,441164,300,155590,-1
34506.433,1,446796,600,154620,1
34506.507,2,441787,1400,155720,-1
34506.541,1,446864,1400,155650,-1
34506.678,2,442517,500,155690,-1
34506.839,1,447189,300,155590,-1
34506.936,1,447282,400,155390,-1
34506.955,1,447302,600,155580,-1
34507.046,2,447189,300,155590,-1
34507.31,2,446704,1400,154850,1
34507.312,2,446864,1400,155650,-1
34507.343,2,446796,600,154620,1
34507.345,2,447302,600,155580,-1
34507.349,1,447621,1400,154920,1
34507.35,1,447623,1400,155720,-1
34507.393,1,447649,300,155490,-1
34507.484,1,447740,700,155200,-1
34507.5,1,447751,600,154720,1
34507.558,2,447649,300,155490,-1
34507.599,2,442839,800,155490,-1
34507.723,1,447995,800,155490,-1
34507.836,2,447995,800,155490,-1
34508.053,1,448291,600,155680,-1
34508.151,1,448395,300,155590,-1
34508.278,1,448497,800,155390,-1
34508.824,1,449073,100,153900,1
34509.805,2,445330,800,155110,1
34510.674,2,447751,600,154720,1
34510.677,2,448291,600,155680,-1
34510.781,1,450870,600,154620,1
34510.864,1,450948,5000,155110,1
34511.011,2,448395,300,155590,-1
34511.115,1,451169,300,155490,-1
34511.329,1,451399,600,155580,-1
34511.843,2,447621,1400,154920,1
34511.847,2,447623,1400,155720,-1
34511.882,1,451934,1400,154920,1
34511.884,1,451937,1400,155720,-1
34512.278,2,451934,1400,154920,1
34512.282,2,451937,1400,155720,-1
34512.313,1,452357,1400,154850,1
34512.314,1,452360,1400,155650,-1
34512.318,2,450948,5000,155110,1
34512.552,4,116864,150,155110,1
34513.164,2,452360,1400,155650,-1
34513.2,1,453342,1400,155720,-1
34513.246,2,453342,1400,155720,-1
34513.279,2,448497,800,155390,-1
34513.284,1,453431,1400,155650,-1
34513.422,1,453577,800,155390,-1
34513.615,4,116864,1854,155110,1
34513.615,4,444446,500,155110,1
34513.615,4,59374,246,155100,1
34513.966,2,447282,400,155390,-1
34514.027,1,454245,500,155010,1
34514.096,2,452357,1400,154850,1
34514.099,2,453431,1400,155650,-1
34514.134,1,454382,1400,154920,1
34514.136,1,454385,1400,155720,-1
34514.291,2,453577,800,155390,-1
34514.393,1,454620,800,155290,-1
34514.579,2,445166,150,155200,-1
34514.716,1,454998,500,155290,-1
34514.801,2,454382,1400,154920,1
34514.803,2,454385,1400,155720,-1
34514.819,4,59374,150,155100,1
34514.838,1,455141,1400,154850,1
34514.839,1,455143,1400,155650,-1
34515.388,1,455749,100,155180,-1
34515.788,2,451169,300,155490,-1
34515.796,1,456217,300,155390,-1
34516.624,2,454245,500,155010,1
34516.715,2,454998,500,155290,-1
34517.029,2,454620,800,155290,-1
34517.083,2,455141,1400,154850,1
34517.087,2,455143,1400,155650,-1
34517.121,1,457529,1400,154780,1
34517.125,1,457534,1400,155580,-1
34517.174,1,457578,800,155200,-1
34517.187,1,457585,500,155290,-1
34517.346,2,450870,600,154620,1
34517.35,2,451399,600,155580,-1
34517.425,2,457585,500,155290,-1
34517.454,1,457868,600,155480,-1
34517.573,1,457979,4000,156500,-1
34517.628,4,59374,454,155100,1
34517.628,4,183009,1346,155100,1
34517.703,4,183009,614,155100,1
34517.763,1,458229,500,155200,-1
34517.827,2,458229,500,155200,-1
34518.011,1,458458,600,154520,1
34518.093,1,458537,300,154710,1
34518.336,1,458774,500,155290,-1
34518.56,1,459015,1200,154800,1
34518.566,2,442432,5000,155400,-1
34518.586,2,446468,800,155000,1
34518.861,1,459393,500,155010,1
34519.584,2,457578,800,155200,-1
34519.594,2,442763,150,155200,-1
34519.595,2,457529,1400,154780,1
34519.597,2,457534,1400,155580,-1
34519.637,1,460095,1400,154710,1
34519.641,1,460105,1400,155500,-1
34519.683,2,447740,700,155200,-1
34519.758,4,459393,500,155010,1
34519.758,4,52536,100,155000,1
34519.758,4,77479,100,155000,1
34519.758,4,172087,200,155000,1
34519.758,4,184882,2000,155000,1
34519.758,4,196222,200,155000,1
34519.806,2,456217,300,155390,-1
34519.856,1,460306,150,155000,-1
34520.046,1,460425,300,155290,-1
34520.15,2,458774,500,155290,-1
34520.527,1,460826,1300,155190,-1
34520.686,1,461026,1000,155100,-1
34520.804,1,461175,5000,155100,-1
34520.818,1,461192,800,155000,-1
34520.832,2,458537,300,154710,1
34520.955,1,461380,300,154610,1
34520.985,1,461430,700,155100,-1
34521.266,2,460095,1400,154710,1
34521.267,2,460105,1400,155500,-1
34521.308,1,461773,1400,154780,1
34521.311,1,461778,1400,155580,-1
34521.32,1,461793,3500,155000,-1
34521.731,1,462258,800,155190,-1
34521.788,2,461380,300,154610,1
34521.792,1,462322,300,154710,1
34522.274,2,462258,800,155190,-1
34522.488,1,462988,800,155100,-1
34523.411,2,462988,800,155100,-1
34523.511,4,157194,150,154900,1
34523.529,5,463841,3000,154960,-1
34523.529,5,463935,358,154980,-1
34523.529,4,460306,150,155000,-1
34523.529,4,461192,800,155000,-1
34523.529,4,461793,692,155000,-1
34523.885,2,429430,2200,156000,-1
34524.091,2,460826,1300,155190,-1
34524.373,1,465025,1300,155090,-1
34524.673,4,157194,400,154900,1
34525.182,1,465821,5000,155000,-1
34525.481,2,465025,1300,155090,-1
34525.55,1,466131,800,155090,-1
34525.574,2,461773,1400,154780,1
34525.576,2,461778,1400,155580,-1
34525.593,1,466179,1300,155190,-1
34525.612,1,466207,1400,154850,1
34525.616,1,466210,1400,155650,-1
34525.754,2,466179,1300,155190,-1
34525.896,2,458458,600,154520,1
34525.902,2,457868,600,155480,-1
34525.91,2,461175,5000,155100,-1
34525.937,2,465821,5000,155000,-1
34525.999,1,466564,600,154620,1
34526.081,5,466539,1000,154920,1
34526.081,5,466638,1000,154920,1
34526.081,5,466017,3000,154910,1
34526.093,4,157194,450,154900,1
34526.129,2,460425,300,155290,-1
34526.159,1,466723,1300,155090,-1
34526.242,5,466757,358,154920,1
34526.244,2,466723,1300,155090,-1
34526.253,1,466823,300,155390,-1
34526.547,1,467090,600,155580,-1
34526.604,2,461026,1000,155100,-1
34526.618,1,467146,2900,140000,1
34526.852,1,467460,1300,155190,-1
34527.095,2,466564,600,154620,1
34527.098,2,467090,600,155580,-1
34527.16,2,466207,1400,154850,1
34527.161,2,466210,1400,155650,-1
34527.201,1,467847,1400,154780,1
34527.205,1,467854,1400,155580,-1
34527.219,1,467866,600,155500,-1
34527.243,1,467883,600,154520,1
34527.397,2,466823,300,155390,-1
34527.401,2,148229,300,150500,1
34527.694,2,144377,300,150500,1
34527.75,1,468396,600,155480,-1
34528.102,5,466160,300,154830,1
34528.102,5,468735,1000,154830,1
34528.102,5,460326,1700,154810,1
34528.794,5,469476,99,154850,1
34528.794,4,49697,300,154800,1
34528.794,4,178554,160,154800,1
34528.794,4,459015,1101,154800,1
34528.889,4,459015,99,154800,1
34529.389,2,467847,1400,154780,1
34529.391,2,467854,1400,155580,-1
34529.426,1,470005,1400,154710,1
34529.43,1,470014,1400,155500,-1
34529.431,2,467883,600,154520,1
34529.435,2,468396,600,155480,-1
34529.515,1,470097,600,154420,1
34529.852,5,469790,500,154950,-1
34529.852,5,469978,500,154950,-1
34529.852,5,466668,1156,154980,-1
34529.852,5,466669,600,154990,-1
34529.852,5,468839,44,154990,-1
34529.957,5,470498,500,154790,-1
34530.05,1,470588,600,155380,-1
34530.111,5,470534,500,154760,1
34530.111,5,470523,200,154740,1
34530.111,5,470452,700,154730,1
34530.112,5,470452,500,154730,1
34530.112,5,470455,600,154720,1
34530.112,4,462322,300,154710,1
34530.112,4,470005,300,154710,1
34530.122,4,470005,1000,154710,1
34530.157,2,470097,600,154420,1
34530.169,2,470588,600,155380,-1
34530.202,4,470005,100,154710,1
34530.234,4,168477,1000,154700,1
34530.266,1,470802,1000,154510,1
34530.287,1,470831,300,154990,-1
34530.323,1,470885,500,154500,1
34530.472,2,470014,1400,155500,-1
34530.549,2,466131,800,155090,-1
34530.562,1,471143,100,154970,-1
34530.601,1,471209,600,154520,1
34530.625,2,470802,1000,154510,1
34530.64,1,471267,1400,154350,1
34530.641,1,471270,1400,155150,-1
34530.656,1,471293,1000,154530,1
34530.676,1,471322,800,155300,-1
34530.692,1,471342,800,155090,-1
34530.843,2,471293,1000,154530,1
34530.847,1,471503,300,154610,1
34530.939,2,470885,500,154500,1
34530.95,1,471639,500,154600,1
34530.977,2,471267,1400,154350,1
34530.979,2,471270,1400,155150,-1
34531.008,1,471705,1400,154420,1
34531.011,1,471709,1400,155220,-1
34531.087,5,471392,1000,154710,1
34531.089,5,471392,900,154710,1
34531.144,1,471838,600,155480,-1
34531.219,2,471503,300,154610,1
34531.271,5,471914,300,154710,1
34531.297,1,471982,1000,154610,1
34531.422,2,471705,1400,154420,1
34531.424,2,471709,1400,155220,-1
34531.462,1,472176,1400,154350,1
34531.464,1,472177,1400,155150,-1
34531.481,2,471209,600,154520,1
34531.483,2,471838,600,155480,-1
34531.555,1,472266,300,154710,1
34531.589,4,472266,300,154710,1
34531.664,2,471639,500,154600,1
34531.672,1,472398,500,154700,1
34531.688,1,472412,600,154420,1
34531.691,4,472398,500,154700,1
34531.797,2,471982,1000,154610,1
34531.828,1,472561,1000,154510,1
34531.85,5,472562,200,154810,1
34532.234,1,472959,600,155380,-1
34532.612,5,473102,44,154710,1
34532.612,1,473351,106,154700,-1
34532.828,2,472561,1000,154510,1
34532.857,2,470831,300,154990,-1
34532.966,1,473704,300,154890,-1
34533.141,5,473727,50,154630,1
34533.188,1,473862,1000,154510,1
34533.198,2,472176,1400,154350,1
34533.201,2,472177,1400,155150,-1
34533.205,2,472412,600,154420,1
34533.21,2,472959,600,155380,-1
34533.231,1,473906,1400,154420,1
34533.232,1,473909,1400,155220,-1
34533.25,1,473924,600,154520,1
34533.339,2,473924,600,154520,1
34533.412,2,473704,300,154890,-1
34533.424,2,473862,1000,154510,1
34533.665,1,474320,300,154990,-1
34533.765,1,474410,600,154420,1
34534.312,1,474903,600,155380,-1
34534.484,2,175252,1142,156300,-1
34534.503,2,471342,800,155090,-1
34534.507,2,467460,1300,155190,-1
34534.594,1,475205,1300,155090,-1
34534.632,1,475246,800,154990,-1
34534.684,5,475289,500,154610,1
34534.845,2,473906,1400,154420,1
34534.878,1,475479,1400,154350,1
34534.912,2,475479,1400,154350,1
34534.945,1,475533,1400,154420,1
34535.027,2,474320,300,154990,-1
34535.238,1,475819,300,154990,-1
34535.306,2,475819,300,154990,-1
34535.389,2,455749,100,155180,-1
34535.414,2,474410,600,154420,1
34535.417,2,474903,600,155380,-1
34535.515,1,476076,600,154520,1
34535.656,1,476214,100,157000,-1
34535.717,5,476245,1000,154560,1
34535.834,1,476390,300,154990,-1
34535.99,5,476436,44,154610,1
34536.051,5,476436,100,154610,1
34536.066,1,476606,600,155480,-1
34536.07,2,476076,600,154520,1
34536.132,2,476606,600,155480,-1
34536.241,2,471322,800,155300,-1
34536.242,1,476756,800,155000,-1
34536.494,2,475533,1400,154420,1
34536.496,2,473909,1400,155220,-1
34536.53,1,477026,1400,154350,1
34536.532,1,477029,1400,155150,-1
34536.562,1,477064,6000,154990,-1
34536.617,1,477130,600,154420,1
34536.618,1,477132,500,154600,1
34536.646,4,477132,500,154600,1
34536.664,2,476390,300,154990,-1
34536.801,1,477331,300,154890,-1
34537.154,1,477667,600,155380,-1
34537.687,2,473351,106,154700,-1
34537.719,1,478263,1000,154880,-1
34537.779,1,478332,500,154900,-1
34537.873,5,476693,106,154540,1
34538.283,1,478744,100,154600,-1
34538.378,1,478827,100,154800,-1
34539.295,5,476711,500,154540,1
34539.295,5,479353,500,154540,1
34539.466,1,479865,100,154600,-1
34539.639,2,475246,800,154990,-1
34539.843,2,461430,700,155100,-1
34539.913,1,480258,800,154890,-1
34541.234,5,480552,356,154510,1
34541.234,5,481166,344,154510,1
34541.324,2,475205,1300,155090,-1
34541.497,1,481671,1300,154990,-1
34541.625,4,168479,2,154500,1
34541.912,2,477064,6000,154990,-1
34543.729,2,477130,600,154420,1
34543.738,2,477667,600,155380,-1
34543.829,1,483673,600,154320,1
34543.887,2,483673,600,154320,1
34543.93,2,480258,800,154890,-1
34544.142,1,483914,800,154790,-1
34544.375,1,484062,600,154320,1
34544.922,1,484571,600,155280,-1
34545.511,2,481671,1300,154990,-1
34545.586,1,485133,100,154500,-1
34545.632,1,485198,1300,154890,-1
34545.846,1,485422,150,154500,-1
34545.87,2,477331,300,154890,-1
34545.972,2,477026,1400,154350,1
34545.974,2,477029,1400,155150,-1
34546.006,1,485575,1400,154280,1
34546.009,1,485579,1400,155080,-1
34546.084,1,485654,300,154790,-1
34547.185,1,486706,10000,154500,-1
34547.534,1,486953,100,154500,-1
34547.957,2,485575,1400,154280,1
34547.958,2,485579,1400,155080,-1
34547.995,1,487376,1400,154350,1
34547.996,1,487377,1400,155150,-1
34548.178,2,487376,1400,154350,1
34548.18,2,487377,1400,155150,-1
34548.214,1,487610,1400,154280,1
34548.216,1,487614,1400,155080,-1
34548.995,1,488359,300,150000,1
34549.15,2,483914,800,154790,-1
34549.742,4,485133,100,154500,-1
34549.742,4,485422,150,154500,-1
34549.742,4,486706,2750,154500,-1
34549.824,4,486706,200,154500,-1
34550.198,4,486706,200,154500,-1
34550.559,2,471143,100,154970,-1
34551.372,2,487610,1400,154280,1
34551.373,2,487614,1400,155080,-1
34551.405,1,490307,1400,154350,1
34551.406,1,490309,1400,155150,-1
34553.143,5,491667,150,154420,1
34553.258,4,486706,6850,154500,-1
34553.258,4,486953,100,154500,-1
34553.411,2,490307,1400,154350,1
34553.413,2,490309,1400,155150,-1
34553.423,2,478332,500,154900,-1
34553.434,1,492122,500,154600,-1
34553.447,1,492135,1400,154420,1
34553.45,1,492138,1400,155220,-1
34553.831,2,485654,300,154790,-1
34554.016,1,492657,300,154890,-1
34554.38,2,484062,600,154320,1
34554.551,1,493103,600,154320,1
34554.557,1,493115,5000,154500,1
34554.668,2,492122,500,154600,-1
34554.919,2,484571,600,155280,-1
34554.936,5,493409,3000,154540,1
34555.075,4,493115,1200,154500,1
34555.077,4,493115,217,154500,1
34555.093,1,493634,600,155280,-1
34555.165,4,493115,120,154500,1
34555.629,2,485198,1300,154890,-1
34555.747,1,494214,1300,154890,-1
34555.953,2,492657,300,154890,-1
34556.055,1,494479,300,154790,-1
34556.123,2,479865,100,154600,-1
34556.22,2,478744,100,154600,-1
34556.25,2,478263,1000,154880,-1
34556.265,1,494627,1000,154780,-1
34556.286,1,494638,5000,154400,1
34556.367,2,494479,300,154790,-1
34556.421,5,494639,2000,154540,1
34556.421,4,493115,1463,154500,1
34556.614,2,441251,2200,154300,1
34556.619,1,494954,3000,154500,1
34556.629,4,493115,1437,154500,1
34556.631,1,494972,2200,154500,1
34556.658,1,495006,300,154790,-1
34556.803,1,495145,2000,149000,1
34557.031,2,494627,1000,154780,-1
34557.249,5,495417,100,154520,1
34557.398,2,493103,600,154320,1
34557.4,2,493634,600,155280,-1
34557.467,2,492135,1400,154420,1
34557.503,1,495781,1400,154350,1
34557.509,1,495787,600,154420,1
34557.53,2,492138,1400,155220,-1
34557.562,1,495842,1400,155150,-1
34557.685,2,495787,600,154420,1
34558.047,1,496362,600,154320,1
34558.204,1,496505,5000,154500,1
34558.594,1,496803,600,155280,-1
34559.561,2,494972,2200,154500,1
34559.563,1,497762,2200,154400,1
34559.689,1,497918,3000,154500,1
34559.803,1,498039,100,154500,1
34560.345,1,498453,100,154510,1
34560.981,4,498453,100,154510,1
34560.981,4,493115,100,154500,1
34561.16,2,495006,300,154790,-1
34561.187,1,499146,1000,154790,-1
34561.27,1,499200,300,154690,-1
34561.527,2,495781,1400,154350,1
34561.528,2,495842,1400,155150,-1
34561.566,1,499474,1400,154280,1
34561.568,1,499477,1400,155080,-1
34561.675,1,499631,100,154600,-1
34561.872,5,499667,1000,154580,-1
34562.091,2,499200,300,154690,-1
34562.189,1,500100,300,154790,-1
34562.588,2,499474,1400,154280,1
34562.592,2,499477,1400,155080,-1
34562.631,1,500551,1400,154350,1
34562.635,1,500555,1400,155150,-1
34562.664,4,493115,150,154500,1
34562.987,1,500877,400,156500,-1
34563.118,2,500551,1400,154350,1
34563.153,1,501023,1400,154280,1
34563.159,5,499667,200,154580,-1
34563.159,4,499631,100,154600,-1
34563.216,2,500555,1400,155150,-1
34563.247,1,501106,1400,155080,-1
34563.314,1,501171,70,154700,-1
34563.364,1,501216,100,154600,-1
34563.387,2,501023,1400,154280,1
34563.392,2,501106,1400,155080,-1
34563.427,1,501279,1400,154350,1
34563.43,1,501285,1400,155150,-1
34563.474,4,501216,100,154600,-1
34563.645,2,499146,1000,154790,-1
34563.675,2,494214,1300,154890,-1
34563.701,5,501327,100,154520,1
34563.893,1,501775,1300,154990,-1
34563.992,1,501859,900,154400,1
34564.237,2,501775,1300,154990,-1
34564.562,1,502329,1300,154890,-1
34564.616,5,501650,1000,154540,1
34564.616,5,502327,300,154530,1
34564.616,5,501327,1100,154520,1
34565.075,1,502851,100,154700,-1
34565.547,1,503195,300,150000,1
34565.678,2,500100,300,154790,-1
34565.681,1,503340,300,154690,-1
34565.782,2,502329,1300,154890,-1
34565.997,1,503573,1300,154990,-1
34566.624,2,503573,1300,154990,-1
34566.698,2,496505,5000,154500,1
34566.782,1,504162,1300,154890,-1
34567.013,2,504162,1300,154890,-1
34567.047,4,493115,100,154500,1
34567.122,2,494638,5000,154400,1
34567.328,1,504700,1300,154890,-1
34567.479,2,493115,213,154500,1
34567.659,2,494954,3000,154500,1
34567.854,2,501279,1400,154350,1
34567.857,2,501285,1400,155150,-1
34567.892,1,505266,1400,154280,1
34567.896,1,505270,1400,155080,-1
34568.049,2,496362,600,154320,1
34568.33,1,505603,600,154320,1
34568.6,2,496803,600,155280,-1
34568.876,1,506052,600,155280,-1
34569.798,1,506826,1800,155000,-1
34570.765,5,507385,400,154560,-1
34570.873,1,507743,100,154600,-1
34570.916,5,505323,100,154590,-1
34571.055,2,504700,1300,154890,-1
34571.094,5,505323,100,154590,-1
34571.322,5,505323,144,154590,-1
34571.322,5,506370,1900,154590,-1
34571.322,5,507831,600,154590,-1
34571.322,4,507743,100,154600,-1
34571.405,2,505266,1400,154280,1
34571.407,2,505270,1400,155080,-1
34571.435,2,505603,600,154320,1
34571.437,2,506052,600,155280,-1
34571.446,1,508142,1400,154210,1
34571.448,1,508144,1400,155000,-1
34571.494,1,508190,1300,154990,-1
34571.505,1,508199,600,154220,1
34571.765,5,508135,300,154590,-1
34571.782,5,508135,56,154590,-1
34572.048,1,508787,600,155180,-1
34572.079,5,508135,144,154590,-1
34572.079,5,508066,1200,154670,-1
34572.079,5,508198,300,154670,-1
34572.079,5,508746,1300,154670,-1
34572.079,5,507391,400,154680,-1
34572.079,5,508069,600,154680,-1
34572.079,4,503340,300,154690,-1
34572.079,5,508194,1900,154690,-1
34572.079,4,501171,70,154700,-1
34572.079,4,502851,100,154700,-1
34572.109,1,508866,700,154790,-1
34572.125,2,508866,700,154790,-1
34572.326,1,509135,300,154690,-1
34572.363,5,509088,300,154590,-1
34572.411,2,497762,2200,154400,1
34572.45,1,509269,2200,154200,1
34572.559,5,509088,200,154590,-1
34572.559,4,509135,100,154690,-1
34572.824,1,509719,150,154600,-1
34572.868,1,509763,300,154310,1
34572.967,4,509719,100,154600,-1
34573.539,4,509719,50,154600,-1
34574.111,5,510704,106,154650,-1
34574.111,5,510600,1000,154680,-1
34574.111,4,509135,200,154690,-1
34574.318,1,511155,300,154790,-1
34574.37,5,511076,400,154540,1
34574.893,5,511076,600,154540,1
34574.893,5,510804,1000,154530,1
34574.893,5,508865,1200,154520,1
34575.401,2,508142,1400,154210,1
34575.403,2,508144,1400,155000,-1
34575.432,1,512153,1400,154140,1
34575.434,1,512154,1400,154930,-1
34575.499,1,512199,1000,154700,-1
34575.764,2,508190,1300,154990,-1
34575.902,2,509763,300,154310,1
34575.904,2,511155,300,154790,-1
34575.907,1,512638,300,154690,-1
34575.918,1,512656,200,154660,-1
34575.932,5,512549,80,154590,-1
34575.95,1,512691,1300,154890,-1
34576.282,2,512153,1400,154140,1
34576.284,2,512154,1400,154930,-1
34576.315,1,512981,1400,154210,1
34576.319,1,512986,1400,155000,-1
34576.411,2,512638,300,154690,-1
34576.484,2,423821,1600,150000,1
34576.709,1,513371,187,154700,-1
34576.902,1,513595,100,154660,-1
34576.993,5,512734,1600,154620,-1
34577.044,5,510960,150,154520,1
34577.044,5,512277,250,154520,1
34577.13,5,513763,2000,154620,-1
34577.13,5,512684,1200,154640,-1
34577.13,5,512736,1000,154650,-1
34577.13,5,512742,1000,154650,-1
34577.13,5,513273,1100,154650,-1
34577.13,4,512656,200,154660,-1
34577.13,4,513595,100,154660,-1
34577.13,4,512199,1000,154700,-1
34577.13,4,513371,100,154700,-1
34577.293,5,513792,200,154580,-1
34577.648,5,514187,1000,154610,1
34578.201,1,514826,300,154790,-1
34578.837,2,512981,1400,154210,1
34578.853,2,512986,1400,155000,-1
34578.869,1,515366,300,154310,1
34578.87,1,515368,1400,154280,1
34578.885,1,515376,1400,155080,-1
34579.069,1,515513,2900,154500,1
34579.44,2,515366,300,154310,1
34579.442,2,514826,300,154790,-1
34579.602,1,515953,300,154410,1
34579.82,4,513371,87,154700,-1
34580.128,1,516468,300,154890,-1
34580.216,5,516547,1000,154680,-1
34580.244,2,512691,1300,154890,-1
34580.404,5,516651,200,154680,-1
34580.472,2,508199,600,154220,1
34580.479,2,508787,600,155180,-1
34580.581,1,516849,600,154320,1
34580.588,1,516863,1300,154790,-1
34580.637,2,516849,600,154320,1
34581.127,1,517395,600,154220,1
34581.602,2,515368,1400,154280,1
34581.604,2,515376,1400,155080,-1
34581.639,1,517856,1400,154210,1
34581.642,1,517860,1400,155000,-1
34581.674,1,517890,600,155180,-1
34581.897,2,515953,300,154410,1
34581.902,2,516468,300,154890,-1
34581.965,1,518140,300,154790,-1
34582.196,1,518364,100,154700,-1
34582.24,5,518301,50,154690,-1
34582.24,4,518364,100,154700,-1
34582.499,5,518435,300,154670,-1
34582.824,1,518929,300,154310,1
34583.298,2,517856,1400,154210,1
34583.299,2,517860,1400,155000,-1
34583.33,1,519414,1400,154140,1
34583.332,1,519416,1400,154930,-1
34583.403,5,515214,80,154610,1
34583.403,5,519473,70,154610,1
34583.752,2,517395,600,154220,1
34583.754,2,517890,600,155180,-1
34583.86,1,519912,600,155080,-1
34583.961,5,519736,58,154690,-1
34583.961,5,519961,342,154690,-1
34584.3,2,518929,300,154310,1
34584.305,2,518140,300,154790,-1
34584.407,1,520399,600,154120,1
34584.556,2,519414,1400,154140,1
34584.592,1,520577,1400,154140,1
34584.68,1,520682,300,154690,-1
34584.699,4,520682,63,154690,-1
34584.742,1,520744,800,154700,-1
34585.022,4,520682,237,154690,-1
34585.022,5,520059,70,154690,-1
34585.022,4,520744,593,154700,-1
34585.038,1,521086,63,154410,1
34585.043,2,520577,1400,154140,1
34585.077,1,521121,1400,154070,1
34585.112,2,519416,1400,154930,-1
34585.15,1,521192,1400,154860,-1
34585.378,2,515513,2900,154500,1
34585.656,1,521749,300,154690,-1
34585.808,2,521086,63,154410,1
34585.824,2,509269,2200,154200,1
34585.841,1,521948,2200,153900,1
34586.242,1,522371,300,154310,1
34588.038,1,524108,1000,154700,-1
34588.967,2,521121,1400,154070,1
34588.968,2,521192,1400,154860,-1
34589.007,1,524804,1400,154140,1
34589.008,1,524805,1400,154930,-1
34589.189,2,522371,300,154310,1
34589.401,1,525121,300,154410,1
34589.655,1,525320,2500,154500,1
34589.903,2,516863,1300,154790,-1
34590.126,2,520744,207,154700,-1
34590.214,2,521749,300,154690,-1
34590.245,1,525846,1300,154890,-1
34590.608,1,526189,300,154790,-1
34590.975,5,526105,45,154610,1
34591.535,2,524804,1400,154140,1
34591.539,2,524805,1400,154930,-1
34591.58,1,526979,1400,154210,1
34591.582,1,526983,1400,155000,-1
34591.809,2,525121,300,154410,1
34591.908,2,526979,1400,154210,1
34591.915,2,525846,1300,154890,-1
34591.941,1,527413,1400,154140,1
34591.962,2,527413,1400,154140,1
34591.994,1,527451,300,154510,1
34591.998,1,527456,1400,154210,1
34592.131,1,527567,1300,154790,-1
34592.189,1,527622,6000,154690,-1
34593.075,5,526105,100,154610,1
34593.194,5,526105,150,154610,1
34593.861,2,519912,600,155080,-1
34593.923,1,529305,600,155080,-1
34594.021,2,527567,1300,154790,-1
34594.146,1,529542,1300,154690,-1
34594.362,2,527456,1400,154210,1
34594.364,2,526983,1400,155000,-1
34594.398,1,529802,1400,154140,1
34594.402,1,529804,1400,154930,-1
34594.411,2,520399,600,154120,1
34594.585,1,530002,600,154120,1
34594.667,2,524108,1000,154700,-1
34594.768,1,530297,800,154610,1
34595.266,5,530444,100,154620,1
34595.315,4,530297,800,154610,1
34595.315,5,526105,47,154610,1
34595.349,2,529802,1400,154140,1
34595.351,2,529804,1400,154930,-1
34595.385,1,531090,1400,154210,1
34595.391,1,531102,1400,155000,-1
34595.563,2,530002,600,154120,1
34595.567,2,529305,600,155080,-1
34595.579,5,531019,53,154530,1
34595.675,1,531388,600,154220,1
34595.772,5,531019,100,154530,1
34595.772,2,526189,300,154790,-1
34596.118,1,531847,300,154890,-1
34596.191,2,531847,300,154890,-1
34596.217,1,531931,600,155180,-1
34596.251,2,527451,300,154510,1
34596.283,2,461793,2808,155000,-1
34596.733,1,532384,300,154410,1
34597.259,1,532827,300,154790,-1
34597.265,1,532830,800,154410,1
34597.43,2,531090,1400,154210,1
34597.433,2,531102,1400,155000,-1
34597.492,1,533034,1400,154280,1
34597.497,1,533042,1400,155080,-1
34597.703,2,532384,300,154410,1
34597.721,5,533122,100,154620,1
34597.838,1,533495,800,154890,-1
34597.866,1,533533,500,154600,1
34598.12,1,533848,300,154510,1
34598.347,1,534103,700,154600,1
34598.661,2,527622,6000,154690,-1
34598.941,5,534160,54,154610,1
34599.853,2,532827,300,154790,-1
34599.881,2,529542,1300,154690,-1
34599.907,1,535592,1000,154790,-1
34599.98,1,535641,1300,154690,-1
34599.985,1,535643,300,154890,-1
34600.042,2,535641,1300,154690,-1
34600.466,1,536025,2000,154610,1
34600.532,1,536076,1300,154690,-1
34601.267,2,533042,1400,155080,-1
34601.301,1,536797,1400,155150,-1
34601.331,2,533034,1400,154280,1
34601.353,2,531388,600,154220,1
34601.364,2,531931,600,155180,-1
34601.365,1,536876,1400,154350,1
34601.404,1,536926,600,154320,1
34601.449,2,533848,300,154510,1
34601.682,1,537281,300,154610,1
34601.705,2,536876,1400,154350,1
34601.706,2,536797,1400,155150,-1
34601.724,2,535592,1000,154790,-1
34601.749,2,536926,600,154320,1
34601.762,1,537381,1400,154280,1
34601.765,1,537388,1400,155080,-1
34601.92,1,537571,600,154220,1
34601.974,2,533533,100,154600,1
34602.015,2,536076,1300,154690,-1
34602.038,1,537747,400,154610,1
34602.153,5,537337,150,154650,1
34602.185,1,537910,1300,154790,-1
34602.233,2,537571,600,154220,1
34602.26,2,476756,800,155000,-1
34602.271,2,532830,800,154410,1
34602.402,1,538167,800,154410,1
34602.436,2,537281,300,154610,1
34602.454,1,538216,600,154220,1
34602.493,1,538245,1800,154700,1
34602.669,2,537381,1400,154280,1
34602.671,1,538457,300,154510,1
34602.674,2,537388,1400,155080,-1
34602.703,1,538503,1400,154350,1
34602.706,1,538508,1400,155150,-1
34602.725,2,538216,600,154220,1
34602.841,2,533495,800,154890,-1
34602.918,2,538457,300,154510,1
34602.94,1,538748,800,154890,-1
34603.002,1,538804,600,154320,1
34603.186,1,538969,300,154610,1
34603.554,1,539285,600,155280,-1
34603.57,2,538503,1400,154350,1
34603.59,5,539178,1000,154710,1
34603.59,4,538245,1800,154700,1
34603.613,1,539370,1400,154350,1
34603.798,2,539370,1400,154350,1
34603.801,2,538508,1400,155150,-1
34603.838,1,539635,1400,154280,1
34603.842,1,539639,1400,155080,-1
34603.847,2,537910,1300,154790,-1
34603.916,2,539635,1400,154280,1
34603.918,2,539639,1400,155080,-1
34603.955,1,539765,1400,154350,1
34603.957,1,539769,1400,155150,-1
34604.064,2,539765,1400,154350,1
34604.067,2,539769,1400,155150,-1
34604.097,1,539926,1400,154280,1
34604.101,1,539930,1400,155080,-1
34604.942,2,535643,300,154890,-1
34604.969,1,540748,3500,154700,1
34605.211,1,540932,300,154990,-1
34605.348,1,541056,200,154660,1
34605.365,2,538167,800,154410,1
34605.466,1,541161,800,154510,1
34605.834,2,541161,800,154510,1
34606.548,1,542197,800,154510,1
34607.01,1,542685,700,154890,-1
34607.184,1,542858,6000,154790,-1
34607.311,5,541736,300,154750,1
34607.577,1,543247,500,154610,1
34607.809,2,542685,700,154890,-1
34607.874,2,539926,1400,154280,1
34607.879,2,539930,1400,155080,-1
34607.928,1,543583,1400,154210,1
34607.931,1,543586,1400,155000,-1
34607.941,2,538748,800,154890,-1
34607.974,2,533533,400,154600,1
34608.063,2,540932,300,154990,-1
34608.165,1,543854,700,154990,-1
34608.2,1,543879,800,154890,-1
34608.212,1,543889,300,154890,-1
34608.292,2,478827,100,154800,-1
34608.3,1,543963,200,154800,-1
34609.288,4,540748,3500,154700,1
34609.508,2,536025,2000,154610,1
34609.732,2,538969,300,154610,1
34609.735,5,542989,2700,154750,-1
34609.735,5,544957,500,154750,-1
34609.735,5,544849,950,154760,-1
34609.735,5,542889,153,154770,-1
34609.735,5,543102,500,154780,-1
34609.735,4,542858,1197,154790,-1
34609.848,5,545456,1000,154690,-1
34609.94,1,545577,300,154610,1
34610.034,5,545546,50,154690,-1
34610.034,5,545549,150,154690,-1
34610.118,2,538804,600,154320,1
34610.123,2,539285,600,155280,-1
34610.13,5,545549,4,154690,-1
34610.13,5,545445,496,154750,-1
34610.219,1,545838,600,155180,-1
34610.261,2,545577,300,154610,1
34610.616,1,546167,300,154510,1
34610.619,1,546174,1500,159800,-1
34610.691,5,546260,400,154740,-1
34610.767,1,546369,600,154220,1
34610.773,2,545838,600,155180,-1
34610.798,5,546371,600,154690,-1
34610.824,2,546369,600,154220,1
34610.915,5,546190,200,154680,1
34610.925,5,546190,900,154680,1
34610.944,2,23075,100,157000,-1
34610.967,5,546190,100,154680,1
34610.967,5,546196,300,154670,1
34611.1,2,543854,700,154990,-1
34611.217,1,546734,1100,154890,-1
34611.311,1,546812,600,155180,-1
34611.447,2,534103,700,154600,1
34611.488,2,497918,3000,154500,1
34611.551,2,542197,800,154510,1
34611.661,2,543247,500,154610,1
34611.672,1,547166,800,154510,1
34611.711,1,547196,150,154700,-1
34611.748,4,547196,150,154700,-1
34611.858,1,547345,600,154220,1
34612.313,2,546734,1100,154890,-1
34612.533,1,547926,1100,154790,-1
34612.78,2,546167,300,154510,1
34612.936,1,548324,300,154610,1
34613.116,2,547926,1100,154790,-1
34613.185,1,548509,1100,154890,-1
34613.2,2,543879,800,154890,-1
34613.263,2,547166,800,154510,1
34613.294,2,548509,1100,154890,-1
34613.315,1,548610,800,154890,-1
34613.494,2,543583,1400,154210,1
34613.496,2,543586,1400,155000,-1
34613.509,2,547345,600,154220,1
34613.513,2,546812,600,155180,-1
34613.531,1,548743,1400,154280,1
34613.533,1,548746,1400,155080,-1
34613.557,1,548775,600,154320,1
34613.758,1,549024,1100,154790,-1
34613.837,2,537747,400,154610,1
34613.864,1,549151,800,154410,1
34613.879,2,549024,1100,154790,-1
34614.047,1,549310,600,155280,-1
34614.279,1,549506,1100,154890,-1
34614.724,2,549151,800,154410,1
34614.956,1,550148,800,154410,1
34615.226,2,543889,300,154890,-1
34615.661,1,550824,300,154990,-1
34616.408,2,550824,300,154990,-1
34616.717,2,550148,800,154410,1
34616.77,1,551846,300,154890,-1
34616.814,1,551897,800,154410,1
34616.971,2,551897,800,154410,1
34617.468,1,552452,800,154510,1
34618.156,2,549506,1100,154890,-1
34618.165,1,553037,400,154690,1
34618.267,1,553148,1100,154790,-1
34618.321,2,548610,800,154890,-1
34618.454,1,553291,800,154890,-1
34619.223,2,144364,300,160700,-1
34619.304,2,503195,300,150000,1
34620.995,1,555237,1600,155400,-1
34622.075,2,552452,800,154510,1
34622.08,4,553037,150,154690,1
34622.173,1,556356,800,154410,1
34622.221,2,548743,1400,154280,1
34622.223,2,548746,1400,155080,-1
34622.261,1,556436,1400,154210,1
34622.266,1,556440,1400,155000,-1
34622.279,2,548775,600,154320,1
34622.286,2,549310,600,155280,-1
34622.299,1,556468,600,155180,-1
34622.377,2,548324,300,154610,1
34622.398,1,556574,300,154510,1
34622.568,2,556574,300,154510,1
34622.796,1,556963,600,154220,1
34622.898,1,557071,300,154610,1
34623.461,2,553291,800,154890,-1
34623.578,1,557677,100,155990,-1
34623.595,1,557692,800,154890,-1
34623.931,4,553037,250,154690,1
34623.931,4,541056,200,154660,1
34623.931,4,557071,300,154610,1
34623.965,1,558110,100,155000,-1
34624.012,5,558131,50,154630,1
34624.041,1,558189,300,154410,1
34624.281,1,558371,1000,154510,1
34624.409,2,558371,1000,154510,1
34624.619,5,558280,1000,154610,1
34624.692,1,558727,200,154790,-1
34624.695,1,558732,200,154790,-1
34624.885,2,553148,1100,154790,-1
34625.03,1,559046,1100,154690,-1
34625.319,2,551846,300,154890,-1
34625.322,1,559320,300,154790,-1
34625.329,2,558189,300,154410,1
34625.428,5,559069,65,154670,-1
34625.455,1,559436,5000,154700,-1
34625.615,2,556436,1400,154210,1
34625.627,2,556963,600,154220,1
34625.632,2,556468,600,155180,-1
34625.639,1,559585,600,154120,1
34625.65,1,559600,1400,154140,1
34625.678,2,556440,1400,155000,-1
34625.713,1,559669,1400,154930,-1
34625.872,1,559802,300,154310,1
34625.952,2,558727,200,154790,-1
34625.953,2,558732,200,154790,-1
34625.96,1,559882,200,154610,-1
34625.963,1,559888,200,154700,-1
34626.02,2,559046,1100,154690,-1
34626.124,1,560000,1100,154790,-1
34626.186,1,560053,600,155080,-1
34626.219,2,560000,1100,154790,-1
34626.51,2,559600,1400,154140,1
34626.512,2,559669,1400,154930,-1
34626.544,1,560328,1400,154210,1
34626.553,1,560336,1400,155000,-1
34626.701,1,560465,1100,154690,-1
34626.848,2,560328,1400,154210,1
34626.849,2,560336,1400,155000,-1
34626.884,1,560638,1400,154140,1
34626.886,1,560640,1400,154930,-1
34626.984,1,560734,5000,154700,-1
34627.171,2,556356,800,154410,1
34627.321,2,557692,800,154890,-1
34627.424,1,561071,800,154410,1
34627.613,2,560638,1400,154140,1
34627.618,2,560640,1400,154930,-1
34627.648,1,561293,1400,154210,1
34627.652,1,561299,1400,155000,-1
34627.975,1,561627,800,154790,-1
34628.319,1,561949,1000,154700,-1
34629.584,1,562944,1000,154400,1
34630.566,1,563711,100,154600,-1
34630.808,2,561293,1400,154210,1
34630.809,2,561299,1400,155000,-1
34630.843,1,563938,1400,154280,1
34630.844,1,563940,1400,155080,-1
34631.41,2,559802,300,154310,1
34631.412,2,559320,300,154790,-1
34631.414,1,564370,300,154410,1
34631.762,2,449073,100,153900,1
34631.779,5,562524,300,154580,-1
34631.846,4,498039,100,154500,1
34631.846,4,525320,50,154500,1
34632.235,2,559436,5000,154700,-1
34632.309,2,560465,1100,154690,-1
34632.33,5,565117,100,154550,-1
34632.422,2,561071,800,154410,1
34632.562,1,565462,800,154410,1
34632.639,1,565537,1100,154590,-1
34632.744,2,565537,1100,154590,-1
34632.981,2,561627,800,154790,-1
34633.109,1,565933,800,154790,-1
34633.325,2,565933,800,154790,-1
34633.367,1,566135,1100,154690,-1
34633.422,2,564370,300,154410,1
34633.435,2,563938,1400,154280,1
34633.441,2,563940,1400,155080,-1
34633.47,1,566252,1400,154210,1
34633.475,1,566256,1400,155000,-1
34633.608,1,566409,300,154310,1
34634.175,2,559585,600,154120,1
34634.178,2,560053,600,155080,-1
34634.281,1,567023,600,154020,1
34634.827,1,567485,600,154980,-1
34635.005,1,567623,100,154000,1
34635.161,5,565162,1000,154540,1
34635.844,2,566135,1100,154690,-1
34636.038,1,568407,300,154790,-1
34636.173,1,568510,800,154790,-1
34636.185,1,568520,1100,154590,-1
34636.44,2,566252,1400,154210,1
34636.442,2,566256,1400,155000,-1
34636.479,1,568770,1400,154140,1
34636.48,1,568772,1400,154930,-1
34636.527,2,566409,300,154310,1
34636.535,2,568407,300,154790,-1
34636.731,1,569048,300,154690,-1
34636.976,1,569299,1000,154600,-1
34637.218,1,569513,300,154210,1
34637.384,2,565462,800,154410,1
34637.49,1,569808,800,154310,1
34637.531,4,525320,200,154500,1
34637.576,1,569934,100,154550,-1
34638.353,1,570643,5000,154600,-1
34638.833,1,571114,500,154310,1
34638.87,1,571149,125,154800,-1
34639.161,2,561949,1000,154700,-1
34639.332,2,568770,1400,154140,1
34639.333,2,568772,1400,154930,-1
34639.371,1,571630,1400,154070,1
34639.374,1,571634,1400,154860,-1
34639.539,4,525320,500,154500,1
34639.918,1,572190,2000,154500,1
34639.966,4,569934,100,154550,-1
34639.966,4,568520,1100,154590,-1
34639.966,4,563711,100,154600,-1
34639.966,4,569299,1000,154600,-1
34639.966,4,570643,700,154600,-1
34640.344,1,572564,200,154690,-1
34640.522,2,571114,500,154310,1
34640.982,2,568510,800,154790,-1
34641.052,1,573270,500,154410,1
34641.177,2,571630,1400,154070,1
34641.18,2,571634,1400,154860,-1
34641.208,1,573435,800,154690,-1
34641.213,1,573443,1400,154140,1
34641.215,1,573445,1400,154930,-1
34641.237,5,572257,1135,154580,-1
34641.237,5,572296,650,154580,-1
34641.237,4,570643,2515,154600,-1
34641.245,2,569513,300,154210,1
34641.248,2,569048,300,154690,-1
34641.267,1,573485,300,154310,1
34641.622,2,573435,800,154690,-1
34641.68,2,573443,1400,154140,1
34641.685,2,573445,1400,154930,-1
34641.714,1,573945,1400,154070,1
34641.72,1,573953,1400,154860,-1
34641.754,1,573988,800,154690,-1
34641.797,2,573485,300,154310,1
34641.831,1,574066,300,154690,-1
34641.93,1,574178,150,154600,-1
34642.119,2,572564,200,154690,-1
34642.204,2,573988,800,154690,-1
34642.258,5,573472,100,154520,1
34642.302,2,573953,1400,154860,-1
34642.336,1,574537,1400,154930,-1
34642.356,5,574477,100,154580,-1
34642.356,4,570643,1785,154600,-1
34642.356,4,574178,150,154600,-1
34642.356,5,574124,350,154600,-1
34642.384,1,574578,200,154790,-1
34642.413,2,574066,300,154690,-1
34642.461,1,574654,300,154310,1
34642.478,2,573945,1400,154070,1
34642.491,2,569808,800,154310,1
34642.512,1,574702,1400,154140,1
34642.629,1,574847,800,154790,-1
34642.66,2,574702,1400,154140,1
34642.662,2,574537,1400,154930,-1
34642.696,1,574925,1400,154070,1
34642.698,1,574926,1400,154860,-1
34642.939,2,501859,900,154400,1
34642.981,1,575166,1200,154200,1
34643.02,1,575204,300,154790,-1
34643.172,1,575338,800,154310,1
34643.211,5,575325,400,154550,1
34643.211,5,574591,500,154520,1
34643.564,2,574654,300,154310,1
34643.566,2,575204,300,154790,-1
34643.568,2,574578,200,154790,-1
34643.606,1,575708,300,154690,-1
34643.694,1,575801,200,154690,-1
34643.875,2,574847,800,154790,-1
34643.879,2,575708,300,154690,-1
34643.937,2,574925,1400,154070,1
34643.94,2,574926,1400,154860,-1
34643.941,1,575969,800,154690,-1
34643.973,1,575992,1400,154140,1
34643.974,1,575993,1400,154930,-1
34644.281,2,575992,1400,154140,1
34644.281,2,567023,600,154020,1
34644.295,1,576184,300,154310,1
34644.312,1,576196,1400,154070,1
34644.342,1,576226,600,154020,1
34644.523,2,575993,1400,154930,-1
34644.557,1,576396,1400,154860,-1
34644.796,2,573270,500,154410,1
34644.832,2,567485,600,154980,-1
34644.846,1,576654,1000,154600,-1
34644.869,1,576665,300,154790,-1
34644.874,2,576184,300,154310,1
34644.935,2,576665,300,154790,-1
34644.983,4,576654,1000,154600,-1
34644.999,1,576751,600,154980,-1
34645.179,5,576836,100,154580,-1
34645.179,1,576845,400,154600,1
34645.231,1,576893,500,154310,1
34645.308,2,576893,500,154310,1
34645.418,1,577013,300,154690,-1
34645.482,2,577013,300,154690,-1
34645.513,4,576845,400,154600,1
34645.815,1,577280,500,154410,1
34645.987,1,577396,300,154790,-1
34646.515,2,575801,200,154690,-1
34646.718,1,577912,300,154310,1
34647.078,1,578126,200,154790,-1
34647.156,2,149135,100,10000000,-1
34648.173,2,575338,800,154310,1
34648.421,1,579031,800,154310,1
34648.932,2,579031,800,154310,1
34648.942,2,575969,800,154690,-1
34648.976,2,578126,200,154790,-1
34649.173,1,579630,200,154690,-1
34649.19,1,579643,800,154690,-1
34649.617,5,579096,100,154600,-1
34649.617,4,559882,100,154610,-1
34649.637,4,559882,100,154610,-1
34649.637,5,573142,1000,154670,-1
34649.637,4,579630,200,154690,-1
34649.637,4,579643,800,154690,-1
34649.637,4,559888,200,154700,-1
34649.637,4,560734,700,154700,-1
34649.685,5,580028,500,154680,-1
34649.685,5,580043,300,154690,-1
34649.685,4,560734,1200,154700,-1
34649.766,1,580136,800,154210,1
34649.804,1,580168,300,154690,-1
34649.82,4,580168,300,154690,-1
34649.82,4,560734,1500,154700,-1
34649.853,4,560734,200,154700,-1
34649.889,2,576196,1400,154070,1
34649.892,2,576396,1400,154860,-1
34649.92,1,580302,1400,154000,1
34649.924,1,580307,1400,154790,-1
34649.924,2,577912,300,154310,1
34649.928,2,577396,300,154790,-1
34650.015,2,580136,800,154210,1
34650.044,5,580369,1000,154670,-1
34650.28,1,580658,800,154410,1
34650.335,1,580693,200,154690,-1
34650.492,1,580816,300,154690,-1
34650.791,1,581140,300,154210,1
34650.83,1,581175,800,154790,-1
34650.98,1,581308,4803,154690,-1
34651.855,1,582041,150,154600,-1
34652.123,2,431390,1400,155800,-1
34652.126,1,582304,1400,154900,-1
34653.399,5,577073,33,154520,1
34653.41,2,580302,1400,154000,1
