34200.166,1,161363,200,160000,-1
34200.403,5,161197,1,154550,1
34200.409,5,161197,1,154550,1
34200.599,1,161695,400,215000,-1
34200.617,5,161355,500,154750,-1
34200.617,5,161552,1,154750,-1
34200.617,5,161572,1,154750,-1
34200.617,4,129576,2000,154800,-1
34200.617,4,133210,876,154800,-1
34200.726,5,161764,120,154650,1
34200.789,1,161873,30,167400,-1
34201.032,5,161764,380,154650,1
34201.032,5,161734,1020,154550,1
34201.559,5,161734,180,154550,1
34201.559,5,162244,320,154550,1
34201.567,5,162244,180,154550,1
34201.567,5,161739,600,154540,1
34201.567,5,161843,1000,154520,1
34201.567,4,160513,920,154500,1
34201.967,1,162704,150,154700,-1
34202.05,5,162721,1200,154680,-1
34202.05,5,162726,600,154690,-1
34202.05,4,162704,100,154700,-1
34202.584,5,162873,50,154680,-1
34203.177,5,162873,50,154680,-1
34203.212,5,162873,900,154680,-1
34203.212,4,162704,50,154700,-1
34203.385,5,161800,50,154950,-1
34204.663,1,164475,220,154700,-1
34204.852,1,164646,220,154700,-1
34204.916,4,164475,200,154700,-1
34204.924,1,164702,100,158900,-1
34204.932,4,164475,20,154700,-1
34204.932,4,164646,80,154700,-1
34205.057,4,164646,140,154700,-1
34205.099,5,164620,760,154780,-1
34205.356,5,164947,75,154850,-1
34205.937,1,165419,1000,154990,-1
34206.954,2,165419,1000,154990,-1
34207.267,1,166175,1000,154990,-1
34207.642,2,166175,1000,154990,-1
34208.093,1,166586,1000,154990,-1
34208.343,2,166586,1000,154990,-1
34208.374,1,166733,1000,154990,-1
34208.484,1,166788,1000,154510,1
34208.671,2,166788,1000,154510,1
34209.188,1,167113,1000,154510,1
34209.674,2,167113,1000,154510,1
34209.733,1,167385,80,154800,-1
34209.786,2,160513,2580,154500,1
34209.814,1,167457,1000,154410,1
34210.581,1,167908,2000,154900,-1
34211.867,1,168637,150,154700,-1
34212.169,4,168637,30,154700,-1
34213.533,4,168637,100,154700,-1
34214.023,4,168637,20,154700,-1
34215.253,1,170437,20,154600,1
34216.108,5,170481,760,154620,1
34216.108,4,170437,20,154600,1
34216.576,2,166733,1000,154990,-1
34216.608,1,171058,1000,154790,-1
34218.885,1,172115,500,80000,1
34218.889,1,172117,500,90000,1
34219.295,2,167457,1000,154410,1
34219.55,1,172447,140,279800,-1
34220.438,1,172815,100,154500,1
34220.905,2,171058,1000,154790,-1
34221.486,1,173337,1000,154790,-1
34221.868,1,173518,150,154600,-1
34221.974,2,172447,140,279800,-1
34222.13,1,173671,2000,154100,1
34222.531,4,173518,150,154600,-1
34222.531,5,173511,875,154740,-1
34222.531,5,173658,425,154780,-1
34222.571,5,173865,100,154520,1
34223.061,1,174263,600,154880,-1
34223.115,2,174263,600,154880,-1
34223.194,5,173936,102,154620,1
34223.622,1,174559,600,154880,-1
34223.771,2,174559,600,154880,-1
34224.185,1,174917,600,154780,-1
34224.342,2,174917,600,154780,-1
34224.398,5,173936,323,154620,1
34224.398,5,173865,1100,154520,1
34224.398,5,173866,600,154510,1
34224.398,4,172815,100,154500,1
34224.714,1,175310,600,154880,-1
34224.777,5,175156,500,154550,1
34225.262,1,175609,600,153920,1
34225.58,5,175365,54,154450,1
34225.678,5,175365,446,154450,1
34225.678,4,158041,690,154400,1
34226.247,2,175609,600,153920,1
34226.249,2,175310,600,154880,-1
34226.359,1,176262,600,154780,-1
34226.5,1,176395,1000,154210,1
34226.524,1,176411,59,154600,-1
34226.53,2,176395,1000,154210,1
34226.628,1,176475,1000,154210,1
34226.917,1,176693,600,153820,1
34227.092,2,176693,600,153820,1
34227.094,2,176262,600,154780,-1
34227.467,1,177008,600,154780,-1
34227.63,2,177008,600,154780,-1
34227.78,2,173337,1000,154790,-1
34228.012,1,177319,600,154680,-1
34228.558,1,177623,600,153720,1
34229.239,2,177623,600,153720,1
34229.241,2,177319,600,154680,-1
34229.331,1,178061,600,154580,-1
34229.662,2,178061,600,154580,-1
34229.677,2,176411,59,154600,-1
34229.687,1,178261,1000,154790,-1
34229.904,1,178391,600,154680,-1
34229.923,2,178261,1000,154790,-1
34229.952,1,178417,1000,154670,-1
34230.155,2,178391,600,154680,-1
34230.483,2,176475,1000,154210,1
34230.524,1,178709,600,154680,-1
34230.655,2,173671,2000,154100,1
34230.656,2,167908,2000,154900,-1
34230.921,1,178940,1000,154210,1
34231.077,2,178940,1000,154210,1
34231.092,1,179035,600,153720,1
34231.165,2,179035,600,153720,1
34231.169,2,178709,600,154680,-1
34231.654,1,179353,600,154580,-1
34232.2,1,179710,600,153620,1
34232.393,1,179836,150,154400,-1
34232.65,4,145273,200,154200,1
34232.66,4,145273,59,154200,1
34232.806,4,145273,6,154200,1
34232.829,1,180092,1000,154110,1
34233.219,2,180092,1000,154110,1
34233.249,1,180313,1000,154110,1
34233.326,2,180313,1000,154110,1
34233.5,2,158772,5,80000,1
34233.952,2,178417,1000,154670,-1
34234.212,1,180865,1200,153900,1
34234.231,1,180882,900,154600,-1
34234.508,4,126625,100,154100,1
34235.627,1,181685,1000,154390,-1
34236.405,2,181685,1000,154390,-1
34236.692,1,182314,900,154000,1
34237.013,1,182548,100,154000,1
34237.268,2,179710,600,153620,1
34237.271,2,179353,600,154580,-1
34237.373,1,182763,600,153720,1
34237.615,1,182898,2000,154110,1
34237.62,2,179836,150,154400,-1
34237.642,1,182923,1000,154590,-1
34237.902,2,180865,1200,153900,1
34237.904,1,183090,1200,153700,1
34237.925,1,183105,600,154680,-1
34238.012,5,182235,500,154120,1
34238.012,4,182898,2000,154110,1
34238.012,4,126625,900,154100,1
34238.012,4,130118,1000,154100,1
34238.012,4,150748,895,154100,1
34238.012,4,152618,5,154100,1
34239.149,2,182763,600,153720,1
34239.151,2,183105,600,154680,-1
34239.266,1,183856,600,154580,-1
34239.294,2,182923,1000,154590,-1
34239.327,1,183908,1000,154570,-1
34239.538,2,180882,900,154600,-1
34239.54,1,184026,800,154300,-1
34239.808,1,184184,600,153620,1
34240.513,1,184494,300,154200,1
34240.58,4,184494,300,154200,1
34243.333,2,184184,600,153620,1
34243.337,2,183856,600,154580,-1
34243.434,1,186279,600,153720,1
34243.695,2,186279,600,153720,1
34243.712,5,185532,700,154280,-1
34243.995,5,186499,400,154280,-1
34243.995,4,184026,700,154300,-1
34244.027,1,186621,600,153620,1
34244.175,1,186697,150,154200,-1
34244.189,4,186697,150,154200,-1
34244.266,1,186750,150,154300,-1
34244.584,1,186889,600,154580,-1
34244.635,2,184026,100,154300,-1
34244.916,2,186621,600,153620,1
34244.919,2,186889,600,154580,-1
34245.136,1,187212,600,153720,1
34245.206,2,187212,600,153720,1
34245.685,1,187472,600,153620,1
34246.014,2,187472,600,153620,1
34246.229,1,187720,600,153620,1
34246.825,1,188024,600,154580,-1
34247.652,5,186785,200,154280,-1
34247.652,5,187762,500,154280,-1
34247.652,5,187764,300,154290,-1
34248.881,1,188958,300,154200,-1
34249.191,2,188958,300,154200,-1
34250.314,2,187720,600,153620,1
34250.315,2,188024,600,154580,-1
34250.32,1,189659,600,154480,-1
34250.893,2,189659,600,154480,-1
34250.896,1,189949,600,153620,1
34250.929,2,182314,900,154000,1
34251.075,2,182548,100,154000,1
34251.433,1,190191,600,154580,-1
34251.785,2,189949,600,153620,1
34251.787,2,190191,600,154580,-1
34251.791,5,186727,200,154140,1
34251.816,1,190418,100,154200,-1
34251.842,5,189677,100,154180,-1
34251.862,4,190418,100,154200,-1
34252.052,1,190554,600,154580,-1
34252.243,2,190554,600,154580,-1
34252.619,1,190825,600,154580,-1
34252.923,2,186750,150,154300,-1
34252.948,2,190825,600,154580,-1
34253.009,1,191055,150,154200,-1
34253.177,1,191135,600,154480,-1
34253.412,5,190457,1600,154140,1
34253.412,5,186459,700,154120,1
34253.412,5,188425,295,154120,1
34253.687,5,188425,54,154120,1
34253.707,5,188425,151,154120,1
34253.707,5,190320,54,154110,1
34253.756,4,152618,195,154100,1
34253.756,4,154174,2205,154100,1
34253.784,1,191485,600,153520,1
34254.049,4,154174,195,154100,1
34254.121,5,191039,100,154020,1
34254.121,5,191650,300,154010,1
34254.121,4,122169,405,154000,1
34254.289,4,122169,195,154000,1
34254.289,4,129614,1000,154000,1
34254.289,4,145084,1105,154000,1
34254.407,1,191859,150,154200,-1
34255.418,1,192416,1200,153500,1
34255.435,4,145084,100,154000,1
34255.493,2,183090,1200,153700,1
34255.824,1,192636,100,154200,-1
34256.053,4,145084,700,154000,1
34256.453,1,192971,100,154100,-1
34257.113,1,193344,2000,154010,1
34257.131,1,193351,100,154100,-1
34257.737,1,193712,300,154000,1
34257.892,2,191485,600,153520,1
34257.893,2,191135,600,154480,-1
34258.002,1,193838,600,154380,-1
34258.55,1,194116,600,153420,1
34258.693,4,193344,100,154010,1
34258.725,4,193344,100,154010,1
34258.945,2,194116,600,153420,1
34258.947,2,193838,600,154380,-1
34259.151,1,194507,600,153520,1
34259.221,2,193344,1800,154010,1
34259.428,2,191859,150,154200,-1
34259.703,1,194804,600,154480,-1
34260.416,1,195137,200,154090,-1
34260.579,2,145820,200,158500,-1
34261.245,4,145084,100,154000,1
34261.332,4,145084,2354,154000,1
34261.404,4,145084,100,154000,1
34261.782,4,145084,541,154000,1
34261.782,4,145679,59,154000,1
34261.926,1,195901,150,154100,-1
34262.333,2,194507,600,153520,1
34262.335,2,194804,600,154480,-1
34262.441,1,196235,600,154380,-1
34263.029,4,145679,2100,154000,1
34263.056,1,196687,600,153420,1
34263.215,2,191055,150,154200,-1
34263.323,1,196890,150,154100,-1
34264.17,2,196687,600,153420,1
34264.171,2,196235,600,154380,-1
34264.277,1,197519,600,153520,1
34264.334,4,145679,500,154000,1
34264.857,1,197873,600,154480,-1
34264.885,4,145679,700,154000,1
34264.941,2,195137,200,154090,-1
34264.964,4,145679,1641,154000,1
34264.964,4,147012,859,154000,1
34265.096,4,147012,341,154000,1
34265.096,4,154852,1500,154000,1
34265.096,4,193712,259,154000,1
34265.114,4,193712,41,154000,1
34265.114,1,198068,1159,154000,-1
34265.597,4,198068,1159,154000,-1
34265.597,4,192971,100,154100,-1
34265.597,4,193351,100,154100,-1
34265.597,4,195901,150,154100,-1
34265.597,4,196890,150,154100,-1
34265.623,2,183908,1000,154570,-1
34265.655,1,198396,1000,154190,-1
34265.851,1,198559,100,155100,-1
34266.139,2,198396,1000,154190,-1
34266.81,1,199122,1000,154190,-1
34267.208,1,199348,150,154100,-1
34267.216,2,199122,1000,154190,-1
34267.505,2,197519,600,153520,1
34267.509,2,197873,600,154480,-1
34267.512,1,199539,600,153420,1
34267.833,5,199355,1200,154080,-1
34267.833,5,199357,600,154090,-1
34267.833,4,199348,150,154100,-1
34267.857,1,199743,1000,154190,-1
34268.051,1,199859,600,154380,-1
34268.099,2,199539,600,153420,1
34268.13,2,199859,600,154380,-1
34268.346,1,200014,200,154110,-1
34268.349,1,200015,200,153780,1
34268.61,1,200166,600,153520,1
34268.712,2,200166,600,153520,1
34268.766,1,200302,2000,154010,1
34269.151,1,200525,600,153520,1
34269.478,4,200302,2000,154010,1
34269.672,2,199743,1000,154190,-1
34269.701,1,200828,600,154480,-1
34270.122,1,201068,1000,153910,1
34271.601,2,192636,100,154200,-1
34272.149,1,202101,690,155700,-1
34273.105,1,202666,2000,153700,1
34275.156,2,201068,1000,153910,1
34277.669,1,205034,1000,153910,1
34277.905,2,205034,1000,153910,1
34278.427,2,200525,600,153520,1
34278.429,2,200828,600,154480,-1
34278.544,1,205476,600,154380,-1
34278.672,2,205476,600,154380,-1
34279.105,1,205794,600,154380,-1
34279.232,1,205869,900,154200,-1
34279.694,1,206140,600,153420,1
34280.747,1,206671,1700,153500,1
34281.31,1,206957,1000,153910,1
34284.576,2,206140,600,153420,1
34284.578,2,205794,600,154380,-1
34284.601,1,208652,600,153520,1
34284.949,1,208857,150,154200,-1
34284.952,1,208859,150,154200,-1
34285.174,1,208981,600,154480,-1
34286.24,2,208652,600,153520,1
34286.244,2,208981,600,154480,-1
34286.264,1,209555,600,154380,-1
34286.29,1,209571,900,154100,-1
34286.499,2,200014,200,154110,-1
34286.506,2,209555,600,154380,-1
34286.557,2,200015,200,153780,1
34286.566,1,209720,200,154290,-1
34286.571,1,209723,200,153950,1
34286.822,1,209895,600,153520,1
34286.919,2,152253,1400,156900,-1
34287.37,1,210159,600,154480,-1
34287.885,1,210413,500,154400,-1
34288.275,4,209571,900,154100,-1
34288.542,2,209895,600,153520,1
34288.544,2,210159,600,154480,-1
34288.671,1,210816,600,154380,-1
34288.877,2,210816,600,154380,-1
34289.218,1,211168,600,154480,-1
34289.787,1,211508,600,153520,1
34290.636,5,211346,500,154100,-1
34290.639,5,211346,400,154100,-1
34290.734,2,167385,80,154800,-1
34290.828,1,212050,80,154200,-1
34291.523,5,211346,355,154100,-1
34292.049,1,212660,150,154200,-1
34295.339,4,205869,900,154200,-1
34295.339,4,208857,150,154200,-1
34295.339,4,208859,150,154200,-1
34295.339,4,212050,80,154200,-1
34295.339,4,212660,150,154200,-1
34296.092,2,211508,600,153520,1
34296.093,2,211168,600,154480,-1
34296.198,1,214470,600,154580,-1
34296.762,1,214782,600,153620,1
34297.92,4,209720,200,154290,-1
34297.95,2,206957,1000,153910,1
34297.968,1,215410,1000,153960,1
34298.163,2,192416,1200,153500,1
34298.206,1,215545,800,153800,1
34298.271,2,209723,200,153950,1
34299.063,1,215997,200,154350,-1
34299.073,1,216001,200,154010,1
34299.979,1,216486,100,154300,-1
34300.01,4,216486,100,154300,-1
34300.01,5,216019,500,154300,-1
34301.654,1,217386,100,154300,-1
34301.709,4,217386,100,154300,-1
34301.709,5,217025,500,154300,-1
34301.709,1,217427,2500,154300,1
34301.921,5,217449,200,154320,1
34301.996,5,217449,150,154320,1
34302.109,5,217449,850,154320,1
34302.109,4,217427,1650,154300,1
34302.163,4,217427,54,154300,1
34302.642,4,217427,796,154300,1
34303.36,1,218400,100,156500,-1
34305.802,1,219650,1200,154300,-1
34306.201,2,214470,600,154580,-1
34306.271,1,219867,600,154580,-1
34306.597,1,220032,390,154000,1
34306.699,1,220106,2000,154290,-1
34306.762,2,214782,600,153620,1
34306.924,1,220248,600,153620,1
34307.368,1,220428,200,154390,-1
34307.943,1,220667,200,153810,1
34308.983,2,215410,1000,153960,1
34309.418,1,221305,1400,154200,-1
34309.802,2,220248,600,153620,1
34309.803,2,219867,600,154580,-1
34309.806,2,221305,1400,154200,-1
34309.905,1,221609,600,154480,-1
34310.467,2,220667,200,153810,1
34310.467,2,220428,200,154390,-1
34310.479,1,221864,600,153520,1
34310.674,1,222001,200,154290,-1
34311.067,2,215545,800,153800,1
34311.11,1,222230,1200,153500,1
34311.246,1,222305,200,153710,1
34312.097,1,222759,150,154100,-1
34313.077,2,219650,1200,154300,-1
34314.577,1,224195,800,154200,-1
34315.107,2,221864,600,153520,1
34315.11,2,221609,600,154480,-1
34315.217,1,224670,600,154380,-1
34315.273,2,224670,600,154380,-1
34315.454,5,222939,200,154080,-1
34315.455,2,222305,200,153710,1
34315.457,1,224851,170,164000,-1
34315.458,2,222001,200,154290,-1
34315.783,1,225070,600,153520,1
34315.82,1,225088,200,154290,-1
34316.33,1,225336,600,154480,-1
34316.336,1,225339,200,153710,1
34316.41,2,225339,200,153710,1
34316.411,2,225088,200,154290,-1
34316.852,1,225625,200,154290,-1
34316.863,2,202666,2000,153700,1
34316.952,4,222759,100,154100,-1
34317.119,4,222759,50,154100,-1
34317.41,2,215997,200,154350,-1
34317.445,2,216001,200,154010,1
34317.447,1,225900,200,154420,-1
34317.455,1,225903,200,154080,1
34317.458,1,225905,200,153810,1
34317.46,2,225625,200,154290,-1
34318.134,1,226285,200,154390,-1
34319.195,5,225761,350,154180,-1
34319.244,2,220106,2000,154290,-1
34319.487,5,225761,650,154180,-1
34319.487,5,226445,745,154180,-1
34319.487,4,224195,800,154200,-1
34319.831,2,225070,600,153520,1
34319.832,2,225336,600,154480,-1
34319.94,1,227240,600,154480,-1
34320.137,2,227240,600,154480,-1
34320.479,1,227518,600,154580,-1
34320.857,1,227810,2000,153900,1
34321.043,1,227907,600,153620,1
34322.108,1,228511,150,154200,-1
34322.137,1,228525,200,156500,-1
34323.214,2,225900,200,154420,-1
34323.272,2,225903,200,154080,1
34323.447,1,229282,2000,154190,-1
34324.246,1,229725,1400,154900,-1
34324.344,2,227907,600,153620,1
34324.347,2,227518,600,154580,-1
34324.448,1,229807,600,154480,-1
34324.993,1,230137,600,153520,1
34325.147,4,229282,75,154190,-1
34325.587,2,229282,1925,154190,-1
34326.899,1,231126,75,154110,1
34327.462,2,225905,200,153810,1
34327.542,1,231432,1000,154000,1
34327.645,1,231483,200,153810,1
34328.132,2,226285,200,154390,-1
34328.247,2,230137,600,153520,1
34328.249,2,229807,600,154480,-1
34328.359,1,231916,600,154580,-1
34328.376,1,231925,200,154390,-1
34328.937,2,231483,200,153810,1
34328.939,2,231925,200,154390,-1
34328.962,1,232275,600,153620,1
34329.11,1,232363,200,153910,1
34329.5,1,232563,900,152500,1
34329.619,1,232645,200,154490,-1
34330.157,2,232363,200,153910,1
34330.163,2,232645,200,154490,-1
34330.377,1,233116,200,153910,1
34330.903,1,233423,200,154490,-1
34330.954,4,228511,10,154200,-1
34330.987,1,233475,800,154300,-1
34331.985,4,228511,140,154200,-1
34333.056,1,234860,150,154300,-1
34333.883,4,233475,300,154300,-1
34334.394,1,235740,140,154300,-1
34335.796,2,231126,75,154110,1
34335.826,1,236939,1000,154010,1
34336.594,1,237495,75,154210,1
34336.765,2,232275,600,153620,1
34336.77,2,231916,600,154580,-1
34336.776,5,237534,100,154260,1
34336.794,1,237668,600,154680,-1
34337.348,2,237495,75,154210,1
34337.384,2,237668,600,154680,-1
34337.39,1,238146,600,154580,-1
34337.916,1,238560,600,153620,1
34339.342,1,239638,2000,154200,1
34339.36,1,239654,75,154200,1
34340.124,2,238560,600,153620,1
34340.129,2,238146,600,154580,-1
34340.229,1,240207,600,154680,-1
34340.382,2,233116,200,153910,1
34340.392,4,239638,200,154200,1
34340.591,1,240422,200,153910,1
34340.779,1,240579,600,153720,1
34340.841,4,239638,500,154200,1
34340.902,2,233423,200,154490,-1
34341.106,1,240818,200,154490,-1
34341.201,4,239638,800,154200,1
34341.355,2,240579,600,153720,1
34341.878,2,235740,140,154300,-1
34341.96,2,240422,200,153910,1
34341.961,2,240818,200,154490,-1
34341.984,2,240207,600,154680,-1
34341.987,1,241410,600,154580,-1
34341.99,1,241411,600,153620,1
34342.074,1,241463,200,153810,1
34342.107,4,239638,150,154200,1
34342.169,2,241411,600,153620,1
34342.171,2,241410,600,154580,-1
34342.273,2,241463,200,153810,1
34342.378,5,237648,50,154260,-1
34342.526,1,241776,600,154680,-1
34342.698,1,241924,200,154490,-1
34343.104,1,242169,600,153720,1
34343.2,1,242227,200,153910,1
34343.35,1,242322,2500,154100,1
34343.969,1,242736,1250,154000,1
34344.766,4,239638,350,154200,1
34344.766,4,239654,75,154200,1
34344.766,5,234618,1575,154200,1
34345.449,2,241776,600,154680,-1
34345.452,1,243622,600,154580,-1
34345.524,2,242169,600,153720,1
34345.544,2,236939,1000,154010,1
34345.623,2,242227,200,153910,1
34345.626,2,241924,200,154490,-1
34345.724,1,243825,200,153810,1
34345.751,2,234860,150,154300,-1
34345.846,5,234618,25,154200,1
34345.846,1,243899,125,154200,-1
34345.997,1,243984,600,153620,1
34346.227,1,244080,200,154390,-1
34346.297,2,231432,1000,154000,1
34347.357,2,243825,200,153810,1
34347.359,2,244080,200,154390,-1
34347.577,1,244806,200,153910,1
34348.2,1,245162,200,154490,-1
34348.395,2,50414,1000,152500,1
34348.807,1,245523,1000,153600,1
34348.959,5,243265,500,154150,1
34348.959,5,245331,200,154130,1
34348.959,5,244982,300,154120,1
34349.104,5,245668,100,154120,1
34349.104,5,245391,900,154110,1
34349.792,1,246088,200,154180,-1
34349.862,5,245766,100,154150,1
34349.941,5,245766,100,154150,1
34351.114,2,146527,1000,156500,-1
34351.533,1,247056,1000,154800,-1
34352.14,1,247444,150,154200,-1
34352.173,2,246088,200,154180,-1
34352.655,4,243899,125,154200,-1
34352.655,4,247444,150,154200,-1
34353.493,2,222230,1200,153500,1
34353.495,1,248324,1000,153800,1
34354.06,2,243984,600,153620,1
34354.063,2,243622,600,154580,-1
34354.166,1,248783,600,153720,1
34354.447,4,233475,500,154300,-1
34354.716,1,249142,600,154680,-1
34354.943,2,244806,200,153910,1
34354.945,2,245162,200,154490,-1
34355.002,1,249321,2500,154300,-1
34355.049,1,249350,200,154010,1
34355.296,2,249321,2500,154300,-1
34355.615,1,249672,200,154590,-1
34356.231,1,250056,1000,154110,1
34359.647,2,1547,2000,157900,-1
34359.849,1,252428,2000,154900,-1
34360.596,2,248783,600,153720,1
34360.598,2,249142,600,154680,-1
34360.61,1,252867,600,154780,-1
34361.151,1,253257,600,153820,1
34362.095,1,253828,150,154300,-1
34362.586,2,253257,600,153820,1
34362.587,2,252867,600,154780,-1
34362.688,1,254159,600,154680,-1
34362.69,4,253828,150,154300,-1
34363.249,1,254500,600,153720,1
34363.312,2,254159,600,154680,-1
34363.33,2,254500,600,153720,1
34363.475,2,249350,200,154010,1
34363.477,2,249672,200,154590,-1
34363.811,1,254922,200,154110,1
34363.826,1,254932,600,153820,1
34363.933,5,254516,100,154320,1
34363.933,5,254762,700,154300,1
34364.368,1,255361,50,154300,1
34364.373,1,255366,600,154780,-1
34364.433,1,255401,200,154690,-1
34365.449,2,254932,600,153820,1
34365.451,2,255366,600,154780,-1
34365.495,1,256175,600,153920,1
34366.043,1,256509,600,154880,-1
34367.504,4,210413,500,154400,-1
34367.528,1,257467,1000,154680,-1
34368.203,1,257901,1000,154400,1
34368.248,2,254922,200,154110,1
34368.255,2,255401,200,154690,-1
34368.349,1,258015,200,154210,1
34368.398,2,256175,600,153920,1
34368.401,2,256509,600,154880,-1
34368.501,1,258132,600,154980,-1
34369.029,1,258566,600,154020,1
34369.08,1,258597,200,154790,-1
34369.135,1,258629,1200,154200,1
34369.615,1,258983,4244,154400,1
34369.62,5,258637,1000,154440,1
34370.367,2,258015,200,154210,1
34370.37,2,258597,200,154790,-1
34370.502,1,259609,200,154310,1
34370.593,5,258637,1000,154440,1
34370.593,5,258640,3000,154440,1
34370.593,5,257913,1200,154420,1
34371.052,1,260039,200,154890,-1
34372.684,2,258566,600,154020,1
34372.687,2,258132,600,154980,-1
34372.791,1,261233,600,155080,-1
34373.168,2,257467,1000,154680,-1
34373.2,1,261496,1000,154790,-1
34373.338,1,261602,600,154120,1
34373.465,1,261686,150,154500,-1
34373.893,1,262029,50,154500,-1
34374.129,2,261602,600,154120,1
34374.13,2,261233,600,155080,-1
34374.185,2,259609,200,154310,1
34374.187,2,260039,200,154890,-1
34374.232,1,262263,600,154980,-1
34374.387,1,262403,200,154210,1
34374.802,1,262755,600,154020,1
34374.82,2,257901,1000,154400,1
34374.905,1,262824,200,154790,-1
34375.036,2,262403,200,154210,1
34375.038,2,262824,200,154790,-1
34375.443,1,263177,200,154310,1
34375.505,2,263177,200,154310,1
34375.562,2,262755,600,154020,1
34375.564,2,262263,600,154980,-1
34375.631,1,263305,700,154900,-1
34375.67,1,263350,600,154880,-1
34375.946,1,263597,200,154790,-1
34376.245,1,263843,600,153920,1
34376.352,2,263350,600,154880,-1
34376.382,2,263843,600,153920,1
34376.465,1,263989,200,154210,1
34376.807,1,264325,600,154980,-1
34377.293,2,263989,200,154210,1
34377.295,2,263597,200,154790,-1
34377.362,1,264723,600,154020,1
34377.401,1,264751,200,154110,1
34377.454,1,264785,1000,154400,1
34377.774,2,264723,600,154020,1
34377.78,2,264325,600,154980,-1
34377.992,1,265277,600,154880,-1
34378.01,1,265299,200,154690,-1
34378.581,1,265672,600,153920,1
34378.649,1,265761,1000,154300,1
34378.725,2,261686,150,154500,-1
34378.982,5,265982,200,154480,-1
34379.076,5,266191,300,154470,-1
34379.122,5,266191,700,154470,-1
34379.122,5,265982,300,154480,-1
34379.295,5,265982,500,154480,-1
34379.295,4,262029,50,154500,-1
34379.402,1,266449,150,154500,-1
34379.523,5,266469,50,154480,-1
34379.567,5,266469,200,154480,-1
34379.602,5,263788,100,154440,1
34379.805,5,266619,100,154410,1
34379.904,2,265672,600,153920,1
34379.907,2,265277,600,154880,-1
34380.012,1,266984,600,154980,-1
34380.574,1,267444,600,154020,1
34381.651,2,267444,600,154020,1
34381.657,2,266984,600,154980,-1
34381.796,1,268538,1000,154000,1
34381.812,1,268556,600,154020,1
34382.113,1,268757,150,154500,-1
34382.194,2,242736,1250,154000,1
34382.337,2,268556,600,154020,1
34382.36,1,268956,600,154880,-1
34382.822,2,232563,900,152500,1
34382.834,5,268113,4,154440,1
34382.906,1,269433,600,153920,1
34383.144,1,269631,530,161000,-1
34383.665,2,269433,600,153920,1
34383.668,2,268956,600,154880,-1
34383.69,1,270074,600,154980,-1
34383.844,2,270074,600,154980,-1
34384.193,5,268113,146,154440,1
34384.193,5,267864,250,154420,1
34384.193,5,266649,58,154410,1
34384.23,1,270539,600,154880,-1
34384.413,2,266449,150,154500,-1
34384.601,1,270824,150,154500,-1
34384.746,1,270998,600,153920,1
34385.512,2,270998,600,153920,1
34385.514,2,270539,600,154880,-1
34385.667,1,271842,600,154980,-1
34386.217,1,272343,600,154020,1
34387.258,1,273183,60,138400,1
34387.404,2,264751,200,154110,1
34387.795,1,273703,200,154110,1
34388.014,2,265299,200,154690,-1
34388.235,2,273703,200,154110,1
34388.409,1,274198,200,154210,1
34388.937,1,274680,200,154790,-1
34389.534,1,275176,1000,154500,-1
34389.907,2,270824,150,154500,-1
34390.099,1,275645,150,154500,-1
34390.478,1,275936,2000,154420,1
34390.479,1,275939,2000,154490,-1
34390.716,2,37013,5000,148100,1
34390.758,1,276186,1000,154440,1
34391.363,2,22702,5000,145100,1
34391.864,4,275939,89,154490,-1
34392.102,2,274198,200,154210,1
34392.108,2,274680,200,154790,-1
34392.272,1,277406,200,154790,-1
34392.334,2,276186,1000,154440,1
34392.337,2,277406,200,154790,-1
34392.579,4,275939,60,154490,-1
34392.696,4,275939,1851,154490,-1
34392.696,4,268757,150,154500,-1
34392.696,4,275176,1000,154500,-1
34392.696,4,275645,150,154500,-1
34392.903,1,277969,200,154310,1
34393.403,1,278301,200,154890,-1
34393.915,2,272343,600,154020,1
34393.916,2,271842,600,154980,-1
34394.015,1,278855,600,155080,-1
34394.563,1,279337,600,154120,1
34395.883,1,280437,150,154600,-1
34395.933,5,280454,1200,154580,-1
34395.933,4,280437,150,154600,-1
34396.079,1,280593,500,154520,1
34396.732,2,279337,600,154120,1
34396.735,2,278855,600,155080,-1
34396.839,1,281267,600,155180,-1
34397.229,2,277969,200,154310,1
34397.232,2,278301,200,154890,-1
34397.414,1,281742,600,154220,1
34397.432,1,281762,200,154410,1
34397.536,2,275936,2000,154420,1
34397.962,1,282242,200,154990,-1
34398.371,2,280593,500,154520,1
34398.844,2,248324,1000,153800,1
34398.887,1,282961,1200,154100,1
34400.193,1,284047,355,157100,-1
34400.755,1,284554,2000,154900,-1
34402.344,1,285803,3100,154700,-1
34404.648,2,154818,2900,155800,-1
34405.266,1,288286,2900,154900,-1
34406.127,1,288972,150,154600,-1
34406.306,2,282961,1200,154100,1
34406.777,5,288951,500,154530,1
34406.844,2,281267,600,155180,-1
34407.057,1,289748,600,155180,-1
34407.091,5,288951,500,154530,1
34407.091,5,285797,300,154520,1
34407.27,5,285797,200,154520,1
34407.323,4,288972,100,154600,-1
34407.383,5,288431,1000,154520,1
34407.383,5,289864,100,154510,1
34407.407,2,281742,600,154220,1
34407.41,2,289748,600,155180,-1
34407.434,2,281762,200,154410,1
34407.551,1,290163,200,154410,1
34407.686,1,290273,600,154120,1
34407.965,2,282242,200,154990,-1
34408.232,1,290705,600,155080,-1
34409.668,2,290163,200,154410,1
34409.768,1,291956,200,154310,1
34410.27,1,292353,200,154890,-1
34410.615,2,291956,200,154310,1
34410.622,2,292353,200,154890,-1
34410.829,5,292067,200,154530,1
34410.912,1,292924,200,154410,1
34411.315,2,292924,200,154410,1
34411.511,1,293348,200,154310,1
34412.072,1,293821,200,154890,-1
34412.239,1,293949,150,154600,-1
34412.314,4,288972,50,154600,-1
34412.314,4,293949,150,154600,-1
34412.541,2,250056,1000,154110,1
34412.56,1,294256,1000,154410,1
34413.109,2,293348,200,154310,1
34413.114,2,293821,200,154890,-1
34413.294,1,294891,200,154410,1
34413.805,1,295268,200,154990,-1
34414.765,5,295337,200,154650,-1
34414.765,5,294000,300,154680,-1
34415.044,2,261496,1000,154790,-1
34416.637,2,294256,1000,154410,1
34416.668,1,297707,700,154420,1
34417.685,2,290273,600,154120,1
34417.81,1,298587,600,154120,1
34418.235,2,290705,600,155080,-1
34418.353,1,299054,600,155080,-1
34418.902,2,297707,700,154420,1
34419.201,2,129822,1000,153700,1
34419.231,2,298587,600,154120,1
34419.235,2,299054,600,155080,-1
34419.338,1,299936,600,154220,1
34419.934,1,300499,600,155180,-1
34420.016,1,300552,1000,154420,1
34420.042,2,300552,1000,154420,1
34420.766,2,299936,600,154220,1
34420.768,2,300499,600,155180,-1
34420.776,1,301234,600,154120,1
34421.294,1,301705,600,155080,-1
34421.34,5,301243,100,154650,-1
34421.34,5,300715,58,154690,-1
34421.34,5,300911,400,154690,-1
34421.34,4,285803,442,154700,-1
34422.026,2,264785,1000,154400,1
34422.804,1,303007,1000,154700,-1
34423.165,1,303308,150,154700,-1
34423.295,2,294891,200,154410,1
34423.324,1,303428,1000,154410,1
34423.387,1,303472,200,154410,1
34423.805,2,295268,200,154990,-1
34423.938,1,303913,200,154990,-1
34425.129,2,284554,2000,154900,-1
34425.227,1,304924,2000,154600,1
34425.55,5,305087,100,154660,-1
34426.731,2,301234,600,154120,1
34426.734,2,301705,600,155080,-1
34426.837,1,306054,600,155180,-1
34427.384,1,306442,600,154220,1
34427.767,1,306792,1200,154700,-1
34428.7,4,304924,2000,154600,1
34428.918,2,303472,200,154410,1
34428.925,2,303913,200,154990,-1
34429.028,1,307636,200,154310,1
34429.245,1,307815,700,154600,-1
34429.539,1,308068,200,154890,-1
34429.652,2,303428,1000,154410,1
34429.84,2,307815,700,154600,-1
34430.146,2,303308,150,154700,-1
34430.806,5,309172,700,154600,-1
34431.08,5,309172,300,154600,-1
34431.631,1,309881,150,154600,-1
34431.784,2,307636,200,154310,1
34431.786,2,308068,200,154890,-1
34431.89,1,310120,200,154410,1
34432.068,2,310120,200,154410,1
34432.089,1,310278,1000,154410,1
34432.145,4,309881,150,154600,-1
34432.145,4,285803,150,154700,-1
34432.182,2,310278,1000,154410,1
34432.244,1,310379,150,154600,-1
34432.392,1,310465,200,154890,-1
34432.642,2,306442,600,154220,1
34432.647,2,306054,600,155180,-1
34432.818,1,310802,600,154120,1
34432.895,5,310660,500,154590,-1
34432.9,2,310802,600,154120,1
34432.916,1,310874,200,154310,1
34432.985,2,310874,200,154310,1
34432.987,2,310465,200,154890,-1
34433.056,4,310379,100,154600,-1
34433.128,1,311041,500,154500,1
34433.369,1,311211,600,154220,1
34433.416,1,311241,200,154410,1
34433.915,1,311703,600,155180,-1
34433.979,1,311763,200,154990,-1
34434.148,4,310379,50,154600,-1
34434.391,1,312077,1250,154500,1
34434.454,2,303007,1000,154700,-1
34435.802,4,285803,2500,154700,-1
34435.917,4,285803,8,154700,-1
34435.917,4,306792,1200,154700,-1
34437.185,1,314108,1000,154510,1
34437.308,2,311241,200,154410,1
34437.31,2,311763,200,154990,-1
34437.58,1,314424,200,154510,1
34438.12,1,314875,200,155090,-1
34438.42,1,315067,250,156900,-1
34438.432,2,314424,200,154510,1
34438.434,2,314875,200,155090,-1
34438.66,1,315216,200,154990,-1
34438.679,2,311211,600,154220,1
34438.682,2,311703,600,155180,-1
34438.755,1,315291,600,154320,1
34439.172,1,315636,200,154410,1
34439.315,1,315742,600,155280,-1
34440.916,2,314108,1000,154510,1
34443.446,2,255361,50,154300,1
34443.974,1,319228,1000,154890,-1
34444.153,2,263305,700,154900,-1
34444.16,5,316981,500,154680,-1
34444.16,5,318655,1000,154680,-1
34445.123,1,319853,150,154700,-1
34445.353,2,315291,600,154320,1
34445.355,2,315742,600,155280,-1
34445.461,1,319977,600,154220,1
34446.008,1,320356,600,155180,-1
34446.142,1,320419,8,154700,-1
34446.236,2,258629,1200,154200,1
34446.368,1,320527,3000,152200,1
34446.65,1,320719,1200,154400,1
34447.385,1,321202,1000,154510,1
34447.433,2,321202,1000,154510,1
34447.664,2,315636,200,154410,1
34447.677,2,315216,200,154990,-1
34447.765,1,321566,200,154510,1
34448.318,1,322007,1000,154410,1
34450.612,4,319853,150,154700,-1
34450.612,4,320419,8,154700,-1
34450.612,5,321211,842,154700,-1
34450.705,1,323506,200,155090,-1
34451.837,2,321566,200,154510,1
34451.847,2,323506,200,155090,-1
34451.979,1,324485,200,154410,1
34452.298,5,323611,150,154610,1
34452.663,1,324945,200,154990,-1
34454.759,2,319977,600,154220,1
34454.761,2,320356,600,155180,-1
34454.866,1,326626,600,154320,1
34455.414,1,327017,600,155280,-1
34455.746,2,326626,600,154320,1
34455.748,2,327017,600,155280,-1
34455.961,1,327473,600,154220,1
34456.512,1,327841,600,155180,-1
34458.153,2,327473,600,154220,1
34458.155,2,327841,600,155180,-1
34458.257,1,329138,600,154320,1
34458.806,1,329657,600,155280,-1
34459.394,2,324485,200,154410,1
34459.396,2,324945,200,154990,-1
34459.419,5,323441,500,154750,-1
34459.419,4,247056,500,154800,-1
34459.7,1,330421,200,154510,1
34460.211,1,330782,200,155090,-1
34460.87,2,330421,200,154510,1
34460.874,2,330782,200,155090,-1
34461.053,1,331461,200,154610,1
34461.497,1,331705,100,154750,-1
34462.057,5,331474,100,154630,1
34462.297,1,332263,150,154800,-1
34462.369,2,331461,200,154610,1
34462.654,1,332524,200,154510,1
34463.553,1,333161,100,154750,-1
34464.386,2,329138,600,154320,1
34464.388,2,329657,600,155280,-1
34464.494,1,333903,600,154220,1
34464.573,2,332524,200,154510,1
34464.583,1,333995,700,154800,-1
34464.748,2,333903,600,154220,1
34464.863,1,334347,200,154510,1
34465.042,1,334488,600,154320,1
34465.594,1,334960,600,155280,-1
34467.344,2,332263,150,154800,-1
34467.657,1,336644,150,154700,-1
34468.111,5,336672,100,154680,-1
34468.655,1,337365,100,154700,-1
34469.352,4,336644,150,154700,-1
34469.352,4,337365,100,154700,-1
34469.352,5,335533,350,154700,-1
34469.483,2,334488,600,154320,1
34469.486,2,334960,600,155280,-1
34469.549,1,337990,600,154220,1
34469.57,5,335533,200,154700,-1
34469.704,1,338167,100,154700,-1
34469.726,2,333995,700,154800,-1
34469.733,1,338216,700,154700,-1
34470.071,1,338509,600,155180,-1
34470.142,4,338167,100,154700,-1
34470.142,4,338216,700,154700,-1
34470.205,2,337990,600,154220,1
34470.207,2,338509,600,155180,-1
34470.624,1,338945,600,154320,1
34470.806,1,339116,3100,154500,1
34470.992,1,339227,800,154700,-1
34471.165,1,339344,600,155280,-1
34471.362,4,339227,800,154700,-1
34472.298,1,340124,150,154800,-1
34472.426,1,340208,19350,157600,-1
34472.431,1,340213,3000,154500,1
34472.481,2,339344,600,155280,-1
34472.486,2,338945,600,154320,1
34472.59,1,340329,600,154220,1
34473.14,1,340745,600,155180,-1
34473.534,1,341030,1000,154000,1
34473.655,2,46802,2000,156000,-1
34473.978,1,341438,2000,157500,-1
34474.63,1,341919,700,156900,-1
34474.655,1,341951,800,154800,-1
34474.682,5,339944,1000,154620,1
34474.847,2,333161,100,154750,-1
34474.866,2,334347,200,154510,1
34474.993,1,342340,200,154510,1
34475.013,2,331705,100,154750,-1
34475.057,2,342340,200,154510,1
34475.269,1,342553,1100,154700,-1
34475.636,1,342900,200,154410,1
34476.163,1,343386,200,154990,-1
34476.697,2,265761,1000,154300,1
34476.709,5,342894,100,154660,-1
34476.709,4,342553,1100,154700,-1
34476.709,5,342538,1000,154700,-1
34477.922,1,344958,500,154900,-1
34478.157,2,341951,800,154800,-1
34478.162,1,345134,800,154600,-1
34478.312,4,345134,300,154600,-1
34480.37,2,320719,1200,154400,1
34480.443,5,323136,100,154560,1
34480.65,4,345134,500,154600,-1
34480.65,5,345856,658,154600,-1
34480.682,1,347167,1000,154790,-1
34480.76,2,340745,600,155180,-1
34480.766,2,340329,600,154220,1
34480.788,2,242322,2500,154100,1
34480.797,1,347300,600,154120,1
34480.914,2,342900,200,154410,1
34480.917,2,343386,200,154990,-1
34480.932,2,347300,600,154120,1
34481.212,1,347679,200,154310,1
34481.326,1,347761,600,154220,1
34481.772,1,348172,200,154890,-1
34481.87,1,348253,600,155180,-1
34482.42,2,340124,150,154800,-1
34482.48,2,347679,200,154310,1
34482.481,2,348172,200,154890,-1
34482.564,1,348785,150,154600,-1
34482.65,1,348875,200,154410,1
34483.524,5,323136,100,154560,1
34483.654,5,323136,100,154560,1
34483.69,5,349784,50,154530,1
34485.554,1,351487,700,154600,-1
34487.591,2,146872,400,151500,1
34487.849,2,348875,200,154410,1
34488.073,2,144519,900,152100,1
34488.082,1,353527,900,153100,1
34488.153,1,353622,200,154510,1
34488.351,1,353775,400,152000,1
34488.454,1,353868,2000,155400,-1
34489.12,4,348785,50,154600,-1
34489.434,2,351487,700,154600,-1
34489.98,2,341438,2000,157500,-1
34490.004,2,347761,600,154220,1
34490.006,2,348253,600,155180,-1
34490.016,1,355264,600,154320,1
34490.024,4,348785,100,154600,-1
34490.216,1,355429,2000,158000,-1
34490.323,1,355489,1,154410,1
34490.613,1,355728,600,155280,-1
34490.886,1,355994,1,154890,-1
34492.384,2,347167,1000,154790,-1
34492.493,1,357328,1000,154790,-1
34492.503,1,357333,200,155090,-1
34493.091,2,357328,1000,154790,-1
34493.121,1,357799,1000,154790,-1
34493.151,2,357799,1000,154790,-1
34493.314,1,357907,150,154700,-1
34493.628,4,357907,100,154700,-1
34493.65,4,357907,50,154700,-1
34493.901,2,355264,600,154320,1
34493.902,2,355728,600,155280,-1
34494.018,1,358480,600,154420,1
34494.334,5,358196,50,154780,-1
34494.381,2,355994,1,154890,-1
34494.661,1,359035,150,154800,-1
34494.768,2,355489,1,154410,1
34494.772,2,353622,200,154510,1
34494.774,2,357333,200,155090,-1
34494.872,1,359222,200,154610,1
34494.904,1,359264,600,155280,-1
34494.907,4,247056,500,154800,-1
34494.907,4,359035,150,154800,-1
34495.106,1,359412,1,154990,-1
34495.274,2,359222,200,154610,1
34495.308,1,359591,1000,154510,1
34495.474,1,359742,200,154710,1
34495.636,1,359900,1,154510,1
34495.784,2,339116,3100,154500,1
34495.933,2,358480,600,154420,1
34496.039,1,360200,600,154520,1
34496.129,1,360282,200,154600,1
34496.369,2,359264,600,155280,-1
34496.59,1,360580,600,155380,-1
34496.654,2,319228,1000,154890,-1
34496.657,2,322007,1000,154410,1
34497.303,5,360682,50,154790,-1
34498.469,2,360200,600,154520,1
34498.576,1,361992,600,154620,1
34500.051,1,363076,200,132500,1
34501.543,2,359742,200,154710,1
34501.619,2,252428,2000,154900,-1
34501.647,1,364207,200,154610,1
34502.326,1,364698,200,155190,-1
34502.344,1,364715,150,154800,-1
34502.691,2,361992,600,154620,1
34502.772,2,288286,2900,154900,-1
34502.775,2,146988,11500,152300,1
34502.794,1,365051,600,154520,1
34502.8,2,258983,4244,154400,1
34502.808,5,364994,3000,154760,-1
34502.808,5,362323,1000,154770,-1
34502.808,5,364373,244,154780,-1
34502.993,5,365100,2000,154760,-1
34503.197,1,365313,2900,155400,-1
34503.724,5,364373,756,154780,-1
34503.724,4,364715,150,154800,-1
34503.724,5,359275,300,154840,-1
34503.724,5,365678,100,154870,-1
34503.724,5,328319,694,154880,-1
34503.792,2,360580,600,155380,-1
34503.795,1,365751,600,155280,-1
34503.842,2,364207,200,154610,1
34503.846,2,364698,200,155190,-1
34504.069,1,365935,200,155090,-1
34504.363,5,328319,306,154880,-1
34504.363,4,229725,1400,154900,-1
34504.363,4,344958,194,154900,-1
34504.605,1,366365,200,154510,1
34504.721,5,366457,800,154730,1
34504.813,2,365051,600,154520,1
34504.919,1,366602,600,154420,1
34505.082,5,366654,800,154790,-1
34505.082,4,344958,306,154900,-1
34505.107,2,359412,1,154990,-1
34505.216,1,366800,1,154990,-1
34505.47,1,366955,800,154800,-1
34505.638,2,359900,1,154510,1
34505.855,2,365751,600,155280,-1
34505.902,4,366955,800,154800,-1
34505.972,1,367485,600,155180,-1
34505.989,1,367506,1,154510,1
34506.134,2,359591,1000,154510,1
34506.166,1,367666,1000,154610,1
34506.346,2,367485,600,155180,-1
34506.493,2,367666,1000,154610,1
34506.57,1,368008,600,155280,-1
34506.675,1,368118,800,154800,-1
34506.921,4,368118,800,154800,-1
34507.303,2,366365,200,154510,1
34507.307,2,365935,200,155090,-1
34507.411,1,368659,200,154510,1
34507.658,2,368659,200,154510,1
34507.943,1,369129,200,154990,-1
34508.004,2,369129,200,154990,-1
34508.442,1,369465,200,155090,-1
34508.953,1,369871,200,154510,1
34509.464,2,366602,600,154420,1
34509.576,1,370316,600,154520,1
34510.409,1,370996,500,154800,-1
34510.743,1,371292,1000,154610,1
34510.899,2,370316,600,154520,1
34511.017,1,371468,600,154420,1
34512.182,2,371292,1000,154610,1
34512.258,4,370996,500,154800,-1
34512.792,1,372656,1000,154610,1
34513.735,5,372345,500,154820,1
34513.735,1,373345,179,154800,-1
34514.428,2,368008,600,155280,-1
34514.54,1,373909,600,155180,-1
34514.668,4,373345,100,154800,-1
34514.677,2,373909,600,155180,-1
34515.118,1,374358,600,155180,-1
34515.218,2,366800,1,154990,-1
34515.327,1,374506,1,154990,-1
34515.905,4,373345,79,154800,-1
34515.988,2,367506,1,154510,1
34516.091,1,375040,1,154510,1
34516.799,2,371468,600,154420,1
34516.802,2,374358,600,155180,-1
34516.805,1,375528,600,154520,1
34517.169,2,369871,200,154510,1
34517.172,2,369465,200,155090,-1
34517.342,1,375883,600,155280,-1
34517.386,1,375914,200,154610,1
34517.599,2,375914,200,154610,1
34517.907,1,376285,200,154510,1
34518.509,1,376594,200,155090,-1
34523.463,2,149484,200,148410,1
34525.067,2,355429,2000,158000,-1
34525.328,2,374506,1,154990,-1
34525.353,1,381811,1000,154990,-1
34525.602,1,381983,1,154990,-1
34526.088,2,375040,1,154510,1
34526.15,1,382337,1,154510,1
34526.807,2,375528,600,154520,1
34526.979,1,382986,600,154520,1
34527.349,2,375883,600,155280,-1
34527.656,1,383460,600,155280,-1
34527.908,2,376285,200,154510,1
34527.972,1,383668,200,154510,1
34528.509,2,376594,200,155090,-1
34528.632,1,384061,200,155090,-1
34529.659,2,340213,3000,154500,1
34530.664,2,320527,3000,152200,1
34531.9,2,383460,600,155280,-1
34531.903,1,386411,600,155180,-1
34532.651,2,381811,1000,154990,-1
34532.914,1,387140,150,154900,-1
34533.237,4,387140,150,154900,-1
34533.237,1,387430,1850,154900,1
34533.462,2,386411,600,155180,-1
34533.656,1,387715,600,155280,-1
34533.731,2,382337,1,154510,1
34533.734,2,381983,1,154990,-1
34533.773,2,383668,200,154510,1
34533.775,2,384061,200,155090,-1
34533.831,1,387854,3000,154500,1
34533.859,1,387876,200,154610,1
34533.922,5,370526,100,154980,-1
34534.044,1,387994,1,155090,-1
34534.168,2,382986,600,154520,1
34534.274,1,388160,600,154620,1
34534.333,2,387715,600,155280,-1
34534.41,2,387876,200,154610,1
34534.497,1,388322,200,155290,-1
34534.87,1,388681,600,155380,-1
34535.039,1,388797,200,154710,1
34535.367,2,387994,1,155090,-1
34535.374,1,389054,1500,154990,-1
34535.385,1,389066,1,154610,1
34535.924,1,389527,1,155190,-1
34536.172,5,388246,100,154920,1
34536.172,5,389571,50,154920,1
34536.178,5,389571,150,154920,1
34536.609,2,389527,1,155190,-1
34536.813,1,390324,1,155090,-1
34538.253,5,390659,1500,154960,-1
34538.267,5,390659,500,154960,-1
34538.267,4,389054,1500,154990,-1
34538.267,4,81672,6181,155000,-1
34538.267,4,132994,250,155000,-1
34538.267,4,133822,36,155000,-1
34538.267,4,134298,5,155000,-1
34538.267,4,135549,26,155000,-1
34538.267,4,136331,500,155000,-1
34538.267,4,137050,140,155000,-1
34538.267,4,137271,20,155000,-1
34538.267,4,137452,1000,155000,-1
34538.267,4,137913,200,155000,-1
34538.267,4,138876,40,155000,-1
34538.267,4,139276,150,155000,-1
34538.267,4,139472,30,155000,-1
34538.267,4,139593,300,155000,-1
34538.267,4,139993,50,155000,-1
34538.267,4,140229,100,155000,-1
34538.267,4,140480,30,155000,-1
34538.267,4,141094,20,155000,-1
34538.267,4,142136,25,155000,-1
34538.267,4,142149,100,155000,-1
34538.267,4,142172,500,155000,-1
34538.267,4,142549,1500,155000,-1
34538.267,4,142743,4661,155000,-1
34538.809,4,142743,339,155000,-1
34538.809,4,142770,100,155000,-1
34538.809,4,143587,61,155000,-1
34538.818,4,143587,39,155000,-1
34538.818,4,144608,36,155000,-1
34538.818,4,144751,300,155000,-1
34538.818,4,144967,45,155000,-1
34538.818,4,145378,19,155000,-1
34538.875,4,145378,31,155000,-1
34538.875,4,145835,60,155000,-1
34538.875,4,145935,100,155000,-1
34538.875,4,146314,300,155000,-1
34538.875,4,146330,9,155000,-1
34539.064,4,146330,561,155000,-1
34540.197,2,360282,200,154600,1
34540.47,2,388160,600,154620,1
34540.606,1,393325,600,154720,1
34540.667,2,393325,600,154720,1
34540.695,1,393402,200,155000,1
34541.151,1,393760,600,154720,1
34541.211,2,393760,600,154720,1
34541.716,1,394219,600,154720,1
34542.013,1,394427,900,155200,-1
34542.039,1,394442,2000,158600,-1
34542.159,2,394219,600,154720,1
34542.272,1,394604,600,154620,1
34544.012,4,393402,200,155000,1
34544.498,2,388322,200,155290,-1
34544.629,1,396396,200,155290,-1
34544.868,2,388681,600,155380,-1
34544.986,1,396687,600,155380,-1
34545.038,2,388797,200,154710,1
34545.138,1,396804,150,155000,-1
34545.25,1,396876,200,154710,1
34545.294,2,387430,1850,154900,1
34545.393,2,389066,1,154610,1
34545.577,1,397124,1,154610,1
34546.157,1,397562,3000,155000,-1
34546.651,2,396687,600,155380,-1
34546.771,1,398018,600,155280,-1
34546.818,2,390324,1,155090,-1
34547.103,2,394604,600,154620,1
34547.3,1,398423,1,155090,-1
34547.323,1,398441,600,154520,1
34548.013,2,397562,3000,155000,-1
34548.554,1,399330,200,155000,-1
34550.296,2,398018,600,155280,-1
34550.399,1,400725,600,155180,-1
34551.75,1,401817,1000,154710,1
34552.49,1,402328,150,154900,-1
34552.567,1,402397,2000,154990,-1
34553.702,2,398441,600,154520,1
34553.805,1,403241,600,154420,1
34553.902,2,396876,200,154710,1
34553.905,2,396396,200,155290,-1
34554.008,1,403391,200,154610,1
34554.55,4,402328,150,154900,-1
34555.136,2,403391,200,154610,1
34555.235,2,400725,600,155180,-1
34555.288,1,404282,1000,154510,1
34555.354,1,404350,200,155090,-1
34555.361,1,404355,600,155080,-1
34555.579,2,397124,1,154610,1
34555.79,2,398423,1,155090,-1
34555.809,1,404705,1,154510,1
34555.887,1,404750,200,154510,1
34556.351,2,404355,600,155080,-1
34556.449,1,405167,1,154990,-1
34556.461,1,405177,600,155180,-1
34556.466,1,405182,100,155000,-1
34556.929,2,404705,1,154510,1
34557.151,1,405692,1,154410,1
34557.354,2,405167,1,154990,-1
34557.708,1,406034,100,154980,-1
34557.807,1,406099,1,154890,-1
34557.841,4,406099,1,154890,-1
34557.912,1,406169,2000,155200,-1
34557.982,2,405692,1,154410,1
34558.378,1,406443,1,154610,1
34558.411,1,406464,150,155090,-1
34558.965,2,396804,150,155000,-1
34558.998,2,406443,1,154610,1
34559.071,1,406920,10000,154900,-1
34559.109,5,406744,13,154890,-1
34559.34,1,407117,1,154610,1
34559.707,2,394427,900,155200,-1
34559.712,1,407342,800,154900,-1
34559.977,2,403241,600,154420,1
34559.979,1,407502,600,154520,1
34560.509,2,407502,600,154520,1
34560.563,1,407942,100,154970,-1
34560.643,1,408032,600,154420,1
34561.298,2,404750,200,154510,1
34561.299,2,404350,200,155090,-1
34561.435,2,408032,600,154420,1
34561.55,1,408780,600,154520,1
34561.637,1,408855,200,154610,1
34561.93,1,409110,150,154900,-1
34562.356,2,406034,100,154980,-1
34562.617,2,408780,600,154520,1
34562.663,1,409743,600,154420,1
34562.673,2,399330,200,155000,-1
34562.677,2,405182,100,155000,-1
34563.926,4,406920,1000,154900,-1
34563.956,1,410700,2000,154700,1
34564.344,2,405177,600,155180,-1
34564.447,1,411031,600,155080,-1
34564.565,1,411096,500,154900,-1
34565.919,2,411031,600,155080,-1
34566.03,1,412182,600,155180,-1
34566.879,4,406920,10,154900,-1
34567.018,2,409110,150,154900,-1
34567.643,1,413305,100,154960,-1
34567.69,1,413359,22,154800,1
34569.149,2,409743,600,154420,1
34569.258,1,414291,600,154420,1
34569.339,2,407117,1,154610,1
34569.459,1,414404,100,154900,-1
34569.485,1,414425,201,154610,1
34569.59,2,414291,600,154420,1
34569.844,1,414667,600,154520,1
34569.961,2,413305,100,154960,-1
34570.383,2,412182,600,155180,-1
34570.498,1,415103,600,155280,-1
34571.055,2,415103,600,155280,-1
34571.186,1,415571,600,155280,-1
34571.29,2,415571,600,155280,-1
34571.639,2,408855,200,154610,1
34571.727,1,415973,600,155280,-1
34571.788,1,416010,200,154610,1
34572.068,2,416010,200,154610,1
34572.3,1,416380,200,154710,1
34572.583,2,411096,500,154900,-1
34572.586,2,414404,100,154900,-1
34572.742,1,416779,150,154900,-1
34572.936,2,414425,201,154610,1
34573.272,1,417233,201,154710,1
34573.344,2,415973,600,155280,-1
34573.348,1,417285,600,155180,-1
34573.416,2,416380,200,154710,1
34573.629,1,417518,200,154610,1
34574.108,1,417999,2200,156400,-1
34574.132,1,418016,2200,154600,1
34574.468,1,418312,700,154900,-1
34574.735,2,417233,201,154710,1
34575.076,1,418876,201,154610,1
34575.438,2,402397,2000,154990,-1
34575.45,2,312077,1250,154500,1
34575.504,2,401817,1000,154710,1
34575.534,1,419295,100,154810,1
34576.061,4,406920,2000,154900,-1
34576.223,1,419960,100,154880,-1
34576.468,2,417285,600,155180,-1
34576.477,1,420175,600,155280,-1
34576.624,2,420175,600,155280,-1
34577.041,1,420664,600,155180,-1
34577.389,2,419960,100,154880,-1
34578.431,4,406920,4500,154900,-1
34578.585,4,406920,1000,154900,-1
34578.918,4,406920,1490,154900,-1
34578.918,4,407342,510,154900,-1
34578.944,1,422310,3000,154800,1
34579.113,4,407342,290,154900,-1
34579.113,4,416779,150,154900,-1
34579.113,4,418312,700,154900,-1
34579.182,1,422480,200,155190,-1
34579.394,1,422624,100,154900,-1
34579.463,4,422624,100,154900,-1
34579.538,2,420664,600,155180,-1
34579.65,1,422835,600,155280,-1
34579.85,2,414667,600,154520,1
34579.881,2,418876,201,154610,1
34580.138,1,423224,201,154710,1
34580.195,1,423255,600,154520,1
34580.569,2,407942,100,154970,-1
34581.212,1,424116,1000,154900,1
34581.421,2,423255,600,154520,1
34581.539,1,424365,600,154620,1
34581.891,1,424702,150,155000,-1
34581.896,1,424705,150,155000,-1
34582.56,2,423224,201,154710,1
34582.59,5,424349,150,154940,1
34582.661,5,424635,1000,154970,-1
34582.661,5,424699,1000,154990,-1
34582.661,4,424702,150,155000,-1
34582.661,4,424705,150,155000,-1
34582.683,1,425383,201,154810,1
34583.454,2,311041,500,154500,1
34583.487,5,425414,187,154990,-1
34583.63,2,417518,200,154610,1
34583.78,2,424365,600,154620,1
34583.784,1,426385,600,154520,1
34583.914,1,426539,500,154800,1
34584.101,2,426385,600,154520,1
34584.235,2,422835,600,155280,-1
34584.293,1,426880,600,155380,-1
34584.448,5,424126,1000,154920,1
34584.47,5,424126,200,154920,1
34584.47,5,425371,100,154910,1
34584.539,2,426880,600,155380,-1
34584.812,1,427417,600,155280,-1
34585.116,2,427417,600,155280,-1
34585.337,1,427852,600,155380,-1
34585.366,1,427867,2600,154900,1
34585.885,1,428324,600,154620,1
34586.991,2,428324,600,154620,1
34587.214,1,429573,600,154620,1
34588.33,2,425383,201,154810,1
34588.406,1,430819,500,155300,-1
34588.42,1,430836,201,154810,1
34588.862,1,431203,5,154900,1
34588.872,2,429573,600,154620,1
34588.907,2,422480,200,155190,-1
34588.98,1,431327,600,154720,1
34589.013,1,431356,200,154710,1
34589.509,1,431736,400,155000,-1
34589.512,1,431743,200,155290,-1
34589.669,4,431736,400,155000,-1
34589.97,1,432158,6000,154810,1
34590.102,2,424116,1000,154900,1
34590.214,2,431327,600,154720,1
34590.241,1,432388,600,154620,1
34590.443,2,431356,200,154710,1
34590.448,2,431743,200,155290,-1
34590.666,1,432709,100,154930,1
34590.696,1,432738,200,155190,-1
34590.706,2,431203,5,154900,1
34591.097,2,432738,200,155190,-1
34591.308,1,433230,200,155290,-1
34591.809,1,433685,200,154710,1
34591.852,2,432388,600,154620,1
34591.976,1,433805,600,154720,1
34592.397,2,433805,600,154720,1
34592.513,1,434165,600,154620,1
34592.531,1,434188,150,155000,-1
34593.311,1,434790,5,154940,1
34593.497,5,434840,1200,154980,1
34594.117,5,434981,5,154980,1
34594.237,5,435445,5,154980,1
34594.437,5,435527,5,154980,1
34594.646,5,435630,5,154980,1
34594.837,5,435857,5,154980,1
34594.927,1,436044,600,154900,1
34595.246,4,434188,75,155000,-1
34595.34,2,427852,600,155380,-1
34595.494,1,436470,600,155380,-1
34595.532,2,419295,100,154810,1
34596.14,2,434165,600,154620,1
34596.143,1,437039,600,154720,1
34596.518,2,437039,600,154720,1
34596.634,2,436470,600,155380,-1
34596.636,1,437430,600,155280,-1
34596.734,2,437430,600,155280,-1
34597.016,2,394442,2000,158600,-1
34597.186,1,437911,600,154720,1
34597.265,2,437911,600,154720,1
34597.705,2,152960,200,157490,-1
34597.789,1,438439,600,155280,-1
34597.851,1,438493,1000,155000,-1
34597.977,1,438627,3000,155000,-1
34598.127,5,438322,1000,154980,-1
34598.127,4,434188,75,155000,-1
34598.127,4,438493,1000,155000,-1
34598.127,4,438627,425,155000,-1
34598.37,1,438878,600,154620,1
34598.421,2,430836,201,154810,1
34598.82,1,439268,500,155000,-1
34599.182,1,439580,6000,154900,1
34599.219,1,439600,150,160000,-1
34599.233,4,434790,5,154940,1
34599.233,4,432709,100,154930,1
34599.233,4,427867,295,154900,1
34599.327,1,439715,201,154810,1
34599.753,2,433685,200,154710,1
34599.758,2,433230,200,155290,-1
34600.048,1,440285,200,155190,-1
34600.362,2,440285,200,155190,-1
34600.402,2,439715,201,154810,1
34600.562,1,440706,200,154710,1
34600.596,1,440726,201,154710,1
34600.801,1,440903,1000,154000,1
34601.012,1,441132,2000,159100,-1
34601.149,4,427867,2000,154900,1
34601.177,1,441245,3100,154800,1
34601.502,2,440726,201,154710,1
34601.757,2,438439,600,155280,-1
34601.761,1,441714,201,154610,1
34601.867,1,441793,600,155380,-1
34601.888,1,441806,200,155290,-1
34601.986,1,441857,1000,154990,-1
34602.058,2,441793,600,155380,-1
34602.227,5,441894,1000,154920,1
34602.289,2,439268,500,155000,-1
34602.296,4,427867,305,154900,1
34602.296,4,436044,195,154900,1
34602.415,1,442190,600,155380,-1
34602.56,1,442272,150,155000,-1
34602.578,2,436044,405,154900,1
34602.747,2,442190,600,155380,-1
34602.935,4,441857,1000,154990,-1
34602.935,5,442242,1500,154990,-1
34602.973,1,442648,600,155280,-1
34603.041,2,442648,600,155280,-1
34603.079,1,442740,5000,154500,1
34603.166,2,441714,201,154610,1
34603.33,1,442961,201,154710,1
34603.575,1,443194,600,155380,-1
34603.661,2,442961,201,154710,1
34603.88,1,443489,201,154810,1
34604.244,2,430819,500,155300,-1
34604.245,2,404282,1000,154510,1
34604.246,2,406464,150,155090,-1
34605.536,1,444713,200,154950,-1
34605.921,2,438878,600,154620,1
34606.124,1,445210,600,154720,1
34606.905,4,444713,200,154950,-1
34606.905,4,438627,300,155000,-1
34606.938,2,413359,22,154800,1
34606.984,2,440706,200,154710,1
34606.989,2,441806,200,155290,-1
34607.06,2,443489,201,154810,1
34607.314,1,446192,150,155000,-1
34607.366,1,446232,200,154810,1
34607.475,1,446302,201,154810,1
34607.539,2,442272,150,155000,-1
34607.786,1,446587,2000,154990,-1
34607.87,4,446587,100,154990,-1
34608.247,2,443194,600,155380,-1
34608.353,1,446992,600,155480,-1
34608.38,1,447013,200,155390,-1
34608.5,1,447128,150,155000,-1
34608.649,2,445210,600,154720,1
34608.779,2,446232,200,154810,1
34608.783,2,447013,200,155390,-1
34608.899,1,447493,600,154820,1
34609.009,1,447569,200,154910,1
34609.079,4,446587,500,154990,-1
34609.159,2,432158,6000,154810,1
34609.306,2,446587,1400,154990,-1
34610.226,2,447493,600,154820,1
34610.339,1,448656,600,154720,1
34610.831,4,438627,2275,155000,-1
34610.831,4,446192,150,155000,-1
34610.831,4,447128,150,155000,-1
34610.937,1,449184,100,154400,1
34610.981,1,449208,200,155490,-1
34611.916,2,448656,600,154720,1
34611.919,1,449875,600,154820,1
34613.604,2,449875,600,154820,1
34613.606,2,446992,600,155480,-1
34613.683,1,450998,600,154720,1
34613.739,2,447569,200,154910,1
34613.743,2,449208,200,155490,-1
34613.947,1,451235,200,154810,1
34614.229,1,451483,600,155480,-1
34614.262,1,451521,1000,155200,-1
34614.48,2,451483,600,155480,-1
34614.58,2,441245,3100,154800,1
34614.653,1,451875,200,155390,-1
34614.791,1,452007,600,155380,-1
34616.382,5,453181,150,154990,-1
34616.382,5,453188,1000,154990,-1
34616.382,5,449115,100,155090,-1
34616.382,4,49538,2150,155100,-1
34616.397,4,49538,300,155100,-1
34616.912,2,446302,201,154810,1
34617.053,1,453809,150,155100,-1
34617.099,1,453848,201,154910,1
34618.017,5,453776,500,154990,-1
34618.017,4,49538,500,155100,-1
34618.033,4,49538,100,155100,-1
34618.033,4,198559,100,155100,-1
34618.033,4,453809,100,155100,-1
34618.258,4,453809,50,155100,-1
34618.708,1,455145,1000,155000,1
34618.812,2,452007,600,155380,-1
34618.923,1,455339,600,155480,-1
34618.955,2,451521,1000,155200,-1
34618.998,1,455388,800,155300,-1
34619.073,2,450998,600,154720,1
34619.467,1,455822,600,154820,1
34619.749,2,455822,600,154820,1
34620.027,1,456406,600,154720,1
34620.333,5,456140,400,155080,-1
34620.617,1,456919,200,155060,1
34620.76,2,451235,200,154810,1
34620.763,2,451875,200,155390,-1
34620.887,5,457097,1600,155100,-1
34620.956,1,457213,200,155290,-1
34621.188,5,457153,400,155100,1
34621.454,1,457543,3000,155000,1
34621.512,2,456406,600,154720,1
34621.577,1,457637,1000,155290,-1
34621.642,1,457689,600,154820,1
34621.771,1,457822,700,155000,1
34622.595,1,458502,150,155100,-1
34622.623,4,458502,150,155100,-1
34622.623,5,457377,400,155100,-1
34622.623,5,457648,50,155100,-1
34622.891,2,453848,201,154910,1
34623.336,1,459106,6000,154910,1
34623.587,5,457648,900,155100,-1
34623.592,1,459319,201,154910,1
34623.778,2,459319,201,154910,1
34623.87,2,457689,600,154820,1
34623.989,1,459725,600,154720,1
34624.154,2,455339,600,155480,-1
34624.198,1,459923,201,154810,1
34624.235,2,417999,2200,156400,-1
34624.251,1,459993,1400,155500,-1
34624.561,1,460303,600,155380,-1
34624.68,1,460454,200,155200,-1
34624.764,1,460555,1000,155190,-1
34625.039,2,457822,700,155000,1
34625.288,5,460637,89,155150,-1
34627.172,1,462749,700,155100,-1
34627.198,4,462749,700,155100,-1
34627.252,5,462766,1200,155100,-1
34627.377,2,455145,1000,155000,1
34627.451,2,268538,1000,154000,1
34628.077,2,457213,200,155290,-1
34628.324,1,463829,200,155190,-1
34628.659,5,462776,1200,155080,1
34628.659,5,462780,300,155070,1
34628.761,2,459725,600,154720,1
34628.762,2,460303,600,155380,-1
34628.775,5,462780,200,155070,1
34628.894,1,464320,600,155280,-1
34629.277,5,464645,100,155070,1
34629.277,4,456919,200,155060,1
34629.277,5,462928,2000,155020,1
34629.277,4,457543,900,155000,1
34629.381,5,464232,500,155090,-1
34629.416,1,464813,600,154620,1
34629.676,2,459923,201,154810,1
34629.9,4,457543,54,155000,1
34629.963,1,465278,201,154910,1
34630.006,2,418016,2200,154600,1
34630.021,1,465315,2200,154200,1
34630.521,2,463829,200,155190,-1
34630.712,1,465920,200,155090,-1
34630.752,2,459993,1400,155500,-1
34630.771,1,465979,1400,155200,-1
34630.915,4,457543,200,155000,1
34631.014,2,465278,201,154910,1
34631.08,2,460454,200,155200,-1
34631.088,4,457543,100,155000,1
34631.137,1,466359,201,154810,1
34631.427,2,464813,600,154620,1
34631.64,1,466893,600,154520,1
34631.704,2,466893,600,154520,1
34631.718,5,466011,100,155040,-1
34631.718,5,466014,400,155050,-1
34631.899,1,467223,1000,155200,-1
34631.901,2,465979,1400,155200,-1
34631.903,1,467227,1400,155300,-1
34632.125,1,467410,1000,155190,-1
34632.18,1,467447,600,154520,1
34632.564,1,467746,200,155020,1
34632.697,2,441132,2000,159100,-1
34632.7,4,467746,75,155020,1
34632.952,1,468143,2000,155200,-1
34633.164,2,467447,600,154520,1
34633.275,1,468359,600,154620,1
34633.297,2,467746,125,155020,1
34633.45,4,457543,1746,155000,1
34633.979,2,465920,200,155090,-1
34634.206,1,469263,200,155190,-1
34634.554,1,469578,150,155100,-1
34635.179,4,459106,200,154910,1
34635.238,4,459106,5800,154910,1
34635.238,4,439580,4200,154900,1
34635.258,4,439580,1800,154900,1
34635.403,5,470292,500,154910,1
34635.627,1,470496,200,155040,-1
34635.717,2,469263,200,155190,-1
34635.808,2,466359,201,154810,1
34635.858,1,470721,200,155090,-1
34636.015,1,470811,201,154710,1
34636.219,2,470811,201,154710,1
34636.287,2,470721,200,155090,-1
34636.371,2,468359,600,154620,1
34636.483,1,471128,600,154520,1
34636.491,1,471133,200,154610,1
34636.546,5,471004,500,154850,1
34636.546,5,470315,200,154830,1
34636.546,5,469092,100,154820,1
34636.546,5,470878,2000,154810,1
34636.546,4,422310,3000,154800,1
34636.546,4,426539,500,154800,1
34636.596,1,471222,201,154610,1
34636.679,2,464320,600,155280,-1
34636.77,2,471133,200,154610,1
34636.994,5,471575,100,154820,1
34637.018,1,471629,200,154510,1
34637.06,1,471663,600,155180,-1
34637.237,1,471825,1000,154500,1
34637.344,1,471895,800,154610,1
34637.538,1,472016,200,155090,-1
34637.635,2,471895,800,154610,1
34637.726,2,455388,800,155300,-1
34637.777,1,472228,800,155000,-1
34637.848,1,472296,800,154990,-1
34638.271,2,471629,200,154510,1
34638.274,2,472016,200,155090,-1
34638.372,1,472674,200,154610,1
34638.506,1,472785,800,154510,1
34638.714,2,471128,600,154520,1
34638.819,1,473046,600,154420,1
34638.849,2,471825,1000,154500,1
34639.369,2,471663,600,155180,-1
34639.476,1,473624,600,155080,-1
34639.609,2,469578,150,155100,-1
34639.754,2,473046,600,154420,1
34639.766,2,473624,600,155080,-1
34639.795,1,473977,150,154800,-1
34640.044,2,472785,800,154510,1
34640.055,1,474213,600,154420,1
34640.147,1,474267,800,154610,1
34640.617,1,474734,600,155080,-1
34640.684,2,472674,200,154610,1
34641.022,1,475136,200,154610,1
34641.191,2,475136,200,154610,1
34641.685,1,475654,200,154510,1
34642.851,2,472296,800,154990,-1
34642.992,1,476706,800,154990,-1
34643.292,5,474331,1000,154780,-1
34643.488,5,474331,200,154780,-1
34643.488,4,473977,150,154800,-1
34643.593,5,477036,1100,154780,-1
34643.596,5,477036,500,154780,-1
34643.682,1,477171,200,155090,-1
34643.73,5,477036,400,154780,-1
34643.906,1,477315,1000,154700,1
34644.24,1,477519,2400,155200,-1
34644.511,1,477679,150,154800,-1
34644.554,4,477679,150,154800,-1
34645.152,2,474267,800,154610,1
34645.265,2,476706,800,154990,-1
34645.325,1,478313,800,154610,1
34645.437,1,478412,1000,154000,1
34645.663,5,476417,200,154880,-1
34645.989,1,478857,800,155090,-1
34646.421,2,120371,1000,152400,1
34646.602,2,471222,201,154610,1
34646.768,1,479448,2000,155430,-1
34646.865,1,479519,201,154710,1
34646.871,2,475654,200,154510,1
34646.872,2,477171,200,155090,-1
34646.977,1,479608,200,154610,1
34647.117,2,147007,1000,157500,-1
34647.901,2,479608,200,154610,1
34648.097,1,480505,200,154610,1
34649.353,2,479519,201,154710,1
34649.461,1,481621,201,154610,1
34650.052,2,474213,600,154420,1
34650.322,2,478313,800,154610,1
34650.337,1,482349,600,154420,1
34650.414,2,474734,600,155080,-1
34650.419,1,482417,800,154610,1
34650.425,2,481621,201,154610,1
34650.53,1,482509,200,155190,-1
34650.663,1,482633,201,154710,1
34650.748,1,482710,200,154850,-1
34650.885,1,482798,600,155180,-1
34650.897,4,482710,100,154850,-1
34650.992,2,478857,800,155090,-1
34650.996,4,482710,100,154850,-1
34651.086,1,483000,800,155090,-1
34651.166,2,482798,600,155180,-1
34651.178,2,480505,200,154610,1
34651.18,2,482509,200,155190,-1
34651.444,1,483260,200,155090,-1
34651.475,1,483274,600,155080,-1
34651.903,2,483274,600,155080,-1
34651.942,2,483260,200,155090,-1
34651.994,1,483715,200,154510,1
34652.043,1,483767,600,155080,-1
34652.09,2,483000,800,155090,-1
34652.193,1,483872,800,154990,-1
34652.271,5,483810,1000,154800,1
34652.449,1,484077,3000,154900,-1
34652.506,1,484131,200,155090,-1
34652.577,1,484206,3000,154900,-1
34652.628,1,484281,150,154900,-1
34652.638,2,482633,201,154710,1
34652.652,2,457637,1000,155290,-1
34652.745,1,484423,201,154610,1
34653.451,1,485034,3000,154900,-1
34653.876,2,484077,3000,154900,-1
34653.888,2,484206,3000,154900,-1
34653.908,2,485034,3000,154900,-1
34655.423,2,482417,800,154610,1
34655.521,1,486617,800,154610,1
34655.632,2,470496,200,155040,-1
34656.377,2,486617,800,154610,1
34656.437,1,487415,800,154510,1
34657.192,2,483872,800,154990,-1
34657.32,1,488146,800,154990,-1
34658.219,1,488869,100,154750,-1
34658.436,4,488869,100,154750,-1
34658.681,5,484317,1200,154720,1
34658.681,4,410700,1800,154700,1
34659.007,2,372656,1000,154610,1
34659.177,4,410700,200,154700,1
34659.177,4,477315,1000,154700,1
34659.527,2,483715,200,154510,1
34659.528,2,484131,200,155090,-1
34659.647,2,482349,600,154420,1
34659.757,1,489920,30,154800,1
34659.757,1,489921,600,154320,1
34659.849,2,484281,150,154900,-1
34659.883,1,490001,200,154410,1
34660.011,4,489920,30,154800,1
34660.234,1,490224,150,154800,-1
34660.268,2,489921,600,154320,1
34660.372,1,490324,600,154420,1
34660.484,1,490397,200,154990,-1
34660.528,2,490324,600,154420,1
34660.914,1,490776,600,154320,1
34661.097,2,490001,200,154410,1
34661.099,2,490397,200,154990,-1
34661.253,2,490776,600,154320,1
34661.441,2,487415,800,154510,1
34661.475,1,491142,200,154510,1
34661.479,1,491147,600,154420,1
34661.606,1,491230,800,154510,1
34661.626,2,491147,600,154420,1
34661.628,2,491142,200,154510,1
34661.63,2,483767,600,155080,-1
34661.801,4,484423,100,154610,1
34661.907,1,491557,150,154700,-1
34661.973,2,484423,101,154610,1
34661.985,1,491636,600,154320,1
34662.034,1,491672,200,154410,1
34662.109,1,491733,101,154610,1
34662.322,2,488146,800,154990,-1
34662.391,1,491886,800,154990,-1
34662.532,1,491995,600,154980,-1
34662.661,1,492137,1200,154300,1
34662.778,1,492262,200,154990,-1
34663.183,2,492137,1200,154300,1
34663.19,2,467223,1000,155200,-1
34663.192,1,492628,900,154900,-1
34663.693,2,491672,200,154410,1
34663.698,2,492262,200,154990,-1
34664.332,2,472228,800,155000,-1
34664.348,1,493664,800,154700,-1
34665.334,2,490224,150,154800,-1
34665.441,1,494498,1000,154510,1
34665.626,1,494597,200,154640,1
34665.946,2,491733,101,154610,1
34666.057,1,494867,150,154700,-1
34666.15,1,494946,101,154510,1
34666.158,2,491995,600,154980,-1
34666.162,1,494951,600,155080,-1
34666.288,2,494951,600,155080,-1
34666.613,2,491230,800,154510,1
34666.667,1,495360,600,154980,-1
34666.802,1,495512,800,154510,1
34666.891,2,491886,800,154990,-1
34667.001,2,495360,600,154980,-1
34667.21,1,495894,600,155080,-1
34667.319,1,495962,800,154890,-1
34668.394,2,477519,2400,155200,-1
34668.771,2,491636,600,154320,1
34668.774,1,497236,600,154420,1
34669.848,2,497236,600,154420,1
34669.851,1,498179,600,154320,1
34670.035,1,498336,800,154990,-1
34670.345,5,491901,1200,154680,-1
34670.84,2,495894,600,155080,-1
34670.944,1,499192,600,154980,-1
34671.636,2,494946,101,154510,1
34671.696,1,499775,150,154700,-1
34671.748,1,499822,101,154610,1
34671.803,2,495512,800,154510,1
34671.911,1,499947,800,154510,1
34672.323,2,495962,800,154890,-1
34672.458,1,500351,800,154890,-1
34673.51,2,499192,600,154980,-1
34673.619,1,501184,600,155080,-1
34673.952,2,498179,600,154320,1
34674.072,2,500351,800,154890,-1
34674.235,1,501777,600,154420,1
34674.339,1,501893,800,154990,-1
34674.356,4,491557,150,154700,-1
34674.356,4,493664,800,154700,-1
34674.356,4,494867,150,154700,-1
34674.356,4,499775,150,154700,-1
34674.382,1,501936,1000,154890,-1
34674.526,2,492628,900,154900,-1
34674.563,1,502090,1200,154300,1
34675.874,1,503282,400,155090,-1
34676.912,2,499947,800,154510,1
34676.992,1,504213,800,154510,1
34677.013,2,501184,600,155080,-1
34677.118,1,504337,600,155180,-1
34677.735,1,504886,2672,154700,1
34677.9,2,501777,600,154420,1
34678.021,1,505174,600,154520,1
34678.421,5,504910,1200,154720,1
34678.421,5,504987,1000,154710,1
34678.421,4,504886,2672,154700,1
34678.484,1,505500,200,152500,1
34679.338,5,505492,600,154680,1
34679.343,2,501893,800,154990,-1
34679.429,1,506189,800,154990,-1
34680.522,1,507148,200,154660,1
34680.993,1,507479,1000,155200,-1
34681.274,1,507676,3100,154600,1
34681.753,2,499822,101,154610,1
34681.993,2,504213,800,154510,1
34684.434,2,506189,800,154990,-1
34684.522,1,510502,800,154990,-1
34685.319,2,468143,2000,155200,-1
34685.639,2,494597,200,154640,1
34685.745,1,511578,800,154510,1
34686.369,1,512180,101,154710,1
34686.694,2,141059,400,146900,1
34687.078,1,512725,400,154600,1
34687.11,5,512233,1000,154720,1
34687.11,5,512256,1000,154720,1
34687.11,4,512180,101,154710,1
34687.122,2,504337,600,155180,-1
34687.355,1,512907,600,155180,-1
34687.372,1,512920,1,154510,1
34687.41,5,512777,200,154680,1
34687.936,1,513425,1,154990,-1
34688.023,2,505174,600,154520,1
34688.147,1,513552,600,154520,1
34689.523,2,510502,800,154990,-1
34689.601,1,514712,800,154990,-1
34690.742,2,511578,800,154510,1
34690.832,1,515818,800,154510,1
34691.313,5,514706,100,154680,1
34691.313,5,516053,1000,154680,1
34691.313,4,507148,200,154660,1
34692.065,2,513552,600,154520,1
34692.074,1,517083,600,155080,-1
34692.076,2,512907,600,155180,-1
34692.207,2,517083,600,155080,-1
34692.601,1,517563,600,154420,1
34693.187,1,518189,600,155180,-1
34693.895,1,518807,150,154700,-1
34693.986,1,518895,150,154700,-1
34693.999,2,502090,1200,154300,1
34694.047,1,518950,1200,155000,-1
34694.207,2,518189,600,155180,-1
34694.275,4,507676,2000,154600,1
34694.3,4,507676,1100,154600,1
34694.3,4,512725,400,154600,1
34694.322,1,519169,600,155080,-1
34694.603,2,514712,800,154990,-1
34694.729,1,519498,800,154990,-1
34694.871,2,517563,600,154420,1
34695.015,1,519689,600,154320,1
34695.171,1,519813,1000,159600,-1
34695.281,2,519498,800,154990,-1
34695.343,2,519169,600,155080,-1
34695.381,1,519933,800,154890,-1
34695.602,1,520081,600,154980,-1
34695.714,1,520173,100,154520,1
34695.833,2,515818,800,154510,1
34695.964,1,520369,800,154510,1
34696.298,1,520639,100,154600,-1
34696.347,1,520680,2400,155000,-1
34696.545,1,520862,5000,154880,-1
34696.923,2,520369,800,154510,1
34696.926,2,519933,800,154890,-1
34697.104,1,521350,800,154410,1
34697.156,2,512920,1,154510,1
34697.158,2,513425,1,154990,-1
34697.311,4,520173,100,154520,1
34697.311,4,494498,400,154510,1
34697.334,2,521350,800,154410,1
34697.457,1,521688,800,154790,-1
34697.66,1,521900,800,154690,-1
34697.884,2,521688,800,154790,-1
34698.008,2,519689,600,154320,1
34698.126,1,522255,600,154220,1
34698.187,2,522255,600,154220,1
34698.199,1,522309,800,154690,-1
34698.224,1,522319,800,154310,1
34698.731,1,522731,600,154320,1
34698.857,2,522731,600,154320,1
34699.004,2,521900,800,154690,-1
34699.101,1,523000,800,154590,-1
34699.215,1,523072,800,154000,1
34699.298,1,523138,600,154220,1
34699.857,2,518807,150,154700,-1
34699.86,2,518895,150,154700,-1
34700.057,1,523654,150,154600,-1
34700.06,1,523657,150,154600,-1
34701.448,2,520081,600,154980,-1
34701.573,1,524648,600,154880,-1
34701.751,1,524772,800,155000,-1
34701.854,4,494498,150,154510,1
34702.05,2,465315,2200,154200,1
34702.066,1,525024,2200,153700,1
34702.095,1,525050,2000,154600,-1
34703.069,2,523000,800,154590,-1
34703.16,1,525862,800,154690,-1
34703.223,2,522319,800,154310,1
34703.595,4,494498,450,154510,1
34703.595,4,387854,3000,154500,1
34703.595,4,442740,5000,154500,1
34703.733,1,526320,800,154310,1
34703.936,5,526331,1900,154510,1
34704.33,2,524648,600,154880,-1
34704.367,1,526812,600,154980,-1
34704.922,2,523138,600,154220,1
34705.03,1,527440,600,154320,1
34705.733,1,528050,3100,154800,-1
34706.037,1,528315,1200,154100,1
34706.137,2,523654,150,154600,-1
34706.144,2,523657,150,154600,-1
34706.352,1,528589,150,154500,-1
34706.358,1,528599,150,154500,-1
34706.554,2,526320,800,154310,1
34706.556,2,525862,800,154690,-1
34706.738,1,528969,800,154310,1
34707.305,1,529456,800,154590,-1
34707.992,2,528969,800,154310,1
34708.105,1,530208,800,154210,1
34708.204,2,522309,800,154690,-1
34708.269,1,530318,300,154800,-1
34708.338,1,530380,800,154690,-1
34709.025,1,530924,1000,154210,1
34709.451,1,531280,1200,154700,-1
34709.479,1,531297,100,154500,-1
34709.488,5,528615,750,154480,-1
34710.783,5,529292,100,154450,1
34710.908,2,527440,600,154320,1
34710.945,1,532482,100,154500,-1
34711.007,1,532524,600,154220,1
34711.138,2,530380,800,154690,-1
34711.25,1,532701,800,154590,-1
34711.425,2,528589,150,154500,-1
34711.429,2,528599,150,154500,-1
34711.779,1,533080,150,154500,-1
34712.195,2,526812,600,154980,-1
34712.211,1,533409,600,154880,-1
34712.303,2,529456,800,154590,-1
34712.399,1,533602,800,154590,-1
34712.407,1,533609,150,154500,-1
34712.49,1,533699,150,154500,-1
34712.907,1,534102,27500,158600,-1
34713.103,2,530208,800,154210,1
34713.167,1,534335,800,154210,1
34714.79,1,535774,50,154500,-1
34715.14,4,449184,100,154400,1
34715.479,2,528315,1200,154100,1
34715.733,2,533602,800,154590,-1
34715.835,1,536614,800,154490,-1
34717.465,2,525024,2200,153700,1
34717.48,1,537860,2200,154300,1
34718.167,2,537860,2200,154300,1
34718.17,1,538410,2200,154200,1
34718.173,2,534335,800,154210,1
34718.286,1,538499,800,154210,1
34719.022,2,536614,800,154490,-1
34719.272,1,539188,800,154590,-1
34721.013,2,532524,600,154220,1
34721.101,1,540535,600,154220,1
34721.254,2,532701,800,154590,-1
34721.375,1,540731,800,154590,-1
34721.795,1,541045,1200,154100,1
34721.942,5,540520,150,154410,1
34722.213,2,533409,600,154880,-1
34722.307,1,541438,600,154880,-1
34722.866,5,540520,850,154410,1
34722.866,5,540545,250,154410,1
34723.116,2,540535,600,154220,1
34723.226,1,542138,600,154120,1
34723.284,2,538499,800,154210,1
34723.375,2,467227,1400,155300,-1
34723.384,1,542278,2200,155500,-1
34723.412,1,542309,800,154210,1
34723.481,2,542138,600,154120,1
34723.796,1,542699,600,154220,1
34723.833,1,542728,969,154500,-1
34724.274,2,539188,800,154590,-1
34724.301,2,542728,969,154500,-1
34724.41,1,543126,800,154590,-1
34725.425,2,533080,150,154500,-1
34725.43,2,533609,150,154500,-1
34725.434,2,533699,150,154500,-1
34725.613,1,543952,150,154400,-1
34725.617,1,543954,150,154500,-1
34725.62,1,543959,150,154500,-1
34725.659,1,543999,100,154320,1
34727.251,1,545097,4700,155010,-1
34727.311,2,541045,1200,154100,1
34727.316,1,545140,1200,154000,1
34727.376,2,542699,600,154220,1
34727.501,1,545284,600,154120,1
34728.415,2,542309,800,154210,1
34728.456,1,545941,100,155000,-1
34728.493,1,545969,800,154210,1
34729.414,2,543126,800,154590,-1
34729.425,2,518950,1200,155000,-1
34729.43,1,546706,1200,154700,-1
34729.492,1,546764,800,154590,-1
34729.851,5,545651,500,154340,1
34730.627,2,543954,150,154500,-1
34730.631,2,543959,150,154500,-1
34730.817,1,547891,150,154400,-1
34730.821,1,547897,150,154400,-1
34731.204,2,545284,600,154120,1
34731.279,5,543969,450,154380,-1
34731.279,4,543952,150,154400,-1
34731.279,4,547891,150,154400,-1
34731.279,4,547897,150,154400,-1
34731.302,1,548198,600,154220,1
34731.374,2,540731,800,154590,-1
34731.468,1,548330,800,154590,-1
34731.677,1,548493,1000,154310,1
34731.812,1,548620,150,154400,-1
34731.866,4,548620,150,154400,-1
34732.304,2,541438,600,154880,-1
34732.556,1,549228,600,154880,-1
34732.789,2,520680,2400,155000,-1
34732.84,5,548526,461,154360,1
34732.84,5,549160,400,154360,1
34732.84,5,545651,1139,154340,1
34732.852,5,545651,1000,154340,1
34733.494,2,545969,800,154210,1
34733.615,1,549942,800,154210,1
34733.965,2,546764,800,154590,-1
34734.117,2,549228,600,154880,-1
34734.12,1,550374,600,154980,-1
34734.189,1,550429,800,154490,-1
34734.388,2,550429,800,154490,-1
34734.395,2,546706,1200,154700,-1
34734.666,2,548198,600,154220,1
34734.77,1,551008,800,154590,-1
34734.786,1,551027,600,154320,1
34734.811,2,545097,4700,155010,-1
34735.005,2,538410,2200,154200,1
34735.009,1,551255,2200,154300,1
34736.62,2,551008,800,154590,-1
34736.744,1,552771,800,154490,-1
34737.639,2,549942,800,154210,1
34737.646,2,551255,2200,154300,1
34737.656,1,553616,2200,153900,1
34737.749,1,553698,800,154110,1
34739.051,2,548330,800,154590,-1
34739.17,1,554696,800,154490,-1
34739.64,2,551027,600,154320,1
34739.744,1,555110,600,154220,1
34740.573,1,555652,100,154330,1
34741.744,2,552771,800,154490,-1
34741.83,2,550374,600,154980,-1
34741.847,1,556584,800,154490,-1
34741.938,1,556632,600,154880,-1
34741.97,2,528050,3100,154800,-1
34742.755,2,553698,800,154110,1
34743.395,2,525050,2000,154600,-1
34743.491,2,554696,800,154490,-1
34743.526,2,556632,600,154880,-1
34743.6,1,557848,600,154980,-1
34743.661,1,557925,800,154590,-1
34744.52,1,558575,1700,154790,-1
34744.66,2,557925,800,154590,-1
34744.907,1,558928,800,154490,-1
34745.665,2,543999,100,154320,1
34745.745,1,559687,800,154110,1
34745.958,2,557848,600,154980,-1
34746.055,1,559915,600,154880,-1
34746.465,2,556584,800,154490,-1
34746.524,2,559915,600,154880,-1
34746.644,1,560375,600,154880,-1
34746.654,1,560388,800,154390,-1
34746.768,2,553616,2200,153900,1
34746.772,1,560502,2200,153500,1
34747.25,2,558928,800,154490,-1
34747.259,5,560794,100,154350,-1
34747.42,2,559687,800,154110,1
34747.478,1,561202,800,154490,-1
34747.629,1,561332,800,154010,1
34747.674,2,561202,800,154490,-1
34747.682,5,561316,100,154350,-1
34748.076,1,561716,800,154590,-1
34748.265,5,561864,100,154350,1
34749.65,2,561332,800,154010,1
34749.744,2,555110,600,154220,1
34749.895,1,563194,600,154220,1
34749.958,1,563240,800,154110,1
34750.282,2,563240,800,154110,1
34750.51,1,563560,800,154010,1
34750.673,1,563731,150,154400,-1
34751.124,2,563194,600,154220,1
34751.246,1,564100,600,154120,1
34751.654,2,560388,800,154390,-1
34751.745,1,564436,800,154390,-1
34751.896,1,564549,150,154400,-1
34752.261,2,563560,800,154010,1
34752.395,1,564954,800,154110,1
34753.086,2,564436,800,154390,-1
34753.254,2,564954,800,154110,1
34753.476,4,555652,100,154330,1
34753.476,4,548493,1000,154310,1
34754.339,2,560375,600,154880,-1
34754.341,1,566581,600,154780,-1
34754.732,2,542278,2200,155500,-1
34754.734,2,560502,2200,153500,1
34754.753,1,566896,1400,154900,-1
34754.755,1,566900,2200,152400,1
34754.937,2,561716,800,154590,-1
34755.083,1,567199,200,150000,1
34755.72,1,567894,100,154350,-1
34755.856,5,567947,500,154310,-1
34755.901,1,568041,1400,154490,-1
34756.424,1,568463,800,154490,-1
34756.89,1,568812,1200,154700,-1
34756.977,2,523072,800,154000,1
34756.981,1,568890,800,154110,1
34757.019,1,568925,1100,153900,1
34758.871,2,564100,600,154120,1
34758.986,1,570542,600,154020,1
34759.24,5,567923,300,154330,-1
34759.318,5,567926,500,154340,-1
34760.469,2,563731,150,154400,-1
34760.572,4,567894,100,154350,-1
34761.201,2,568812,1200,154700,-1
34761.426,2,568463,800,154490,-1
34761.454,2,530924,1000,154210,1
34761.504,1,572619,800,154490,-1
34761.903,2,570542,600,154020,1
34761.928,1,573002,150,154400,-1
34761.939,1,573016,150,154300,-1
34761.985,2,568890,800,154110,1
34762.004,1,573091,1000,154010,1
34762.083,1,573171,800,154110,1
34762.122,2,564549,150,154400,-1
34762.156,1,573236,600,154120,1
34762.223,2,573236,600,154120,1
34762.297,1,573364,150,154300,-1
34762.684,1,573731,600,154020,1
34763.416,1,574413,1900,154300,-1
34763.422,1,574416,200,154200,1
34763.532,2,572619,800,154490,-1
34763.823,2,568041,1400,154490,-1
34763.859,1,574807,800,154390,-1
34764.234,4,573016,150,154300,-1
34764.234,4,573364,150,154300,-1
34764.234,4,574413,1900,154300,-1
34764.252,1,575115,1400,154390,-1
34764.341,2,575115,1400,154390,-1
34764.345,2,566581,600,154780,-1
34764.462,1,575306,600,154780,-1
34764.549,1,575386,100,152100,1
34764.566,1,575407,100,153300,1
34764.585,2,574807,800,154390,-1
34764.767,1,575604,200,154490,-1
34764.966,5,575459,50,154380,-1
34765.051,1,575872,1400,154490,-1
34765.238,2,575604,200,154490,-1
34765.276,2,575872,1400,154490,-1
34765.634,1,576466,200,154490,-1
34765.695,2,576466,200,154490,-1
34765.788,1,576644,1200,154700,-1
34766.038,1,576820,1400,154390,-1
34766.175,1,576930,200,154490,-1
34766.303,2,573731,600,154020,1
34766.305,2,575306,600,154780,-1
34766.339,2,576820,1400,154390,-1
34766.457,1,577172,600,153920,1
34766.549,1,577270,100,152300,1
34766.65,1,577367,1400,154490,-1
34766.662,2,577172,600,153920,1
34767.001,1,577689,600,153920,1
34767.004,2,577367,1400,154490,-1
34767.085,2,573171,800,154110,1
34767.11,2,577689,600,153920,1
34767.176,1,577844,800,154110,1
34767.365,1,577951,1400,154590,-1
34767.586,1,578106,600,154020,1
34767.619,2,576930,200,154490,-1
34767.734,1,578278,100,151300,1
34767.763,2,566896,1400,154900,-1
34767.769,1,578308,700,154800,-1
34767.793,1,578335,200,154390,-1
34767.939,2,577844,800,154110,1
34768.09,1,578670,800,154400,-1
34768.132,1,578730,600,154780,-1
34768.335,1,578953,800,154010,1
34768.719,2,545140,1200,154000,1
34769.231,1,579943,100,150300,1
34769.258,1,579962,100,154300,1
34769.438,4,579962,100,154300,1
34770.82,1,581214,200,154340,-1
34770.942,2,577951,1400,154590,-1
34771.003,1,581352,100,149300,1
34771.317,1,581606,1400,154490,-1
34771.727,2,578730,600,154780,-1
34771.846,1,582048,600,154680,-1
34771.933,1,582136,150,154300,-1
34771.974,2,573002,150,154400,-1
34772.145,1,582365,150,154300,-1
34772.741,2,578106,600,154020,1
34772.795,2,578335,200,154390,-1
34772.841,1,582968,600,153920,1
34772.858,1,582984,100,148300,1
34772.962,1,583062,200,154390,-1
34773.335,2,578953,800,154010,1
34773.377,4,574416,200,154200,1
34773.514,1,583521,800,154010,1
34773.699,2,578308,700,154800,-1
34773.702,1,583666,1400,154700,-1
34773.791,5,582429,800,154260,-1
34773.854,2,583062,200,154390,-1
34773.904,1,583830,400,154600,-1
34773.915,2,581606,1400,154490,-1
34773.999,1,583889,1400,154390,-1
34774.176,1,584037,200,154290,-1
34774.662,2,578670,800,154400,-1
34774.669,1,584429,800,154300,-1
34775.158,1,584849,100,147200,1
34775.233,2,582968,600,153920,1
34775.236,2,582048,600,154680,-1
34775.299,1,584991,3100,154700,-1
34775.31,1,584998,800,154400,-1
34775.337,1,585020,600,153820,1
34775.383,2,531280,1200,154700,-1
34775.815,2,568925,1100,153900,1
34775.818,1,585454,1100,153700,1
34775.934,1,585548,600,154580,-1
34776.311,1,585841,2000,156500,-1
34776.568,2,42303,200,153500,1
34776.829,2,585020,600,153820,1
34776.837,2,585548,600,154580,-1
34776.88,1,586256,600,153920,1
34777.375,1,586678,600,154680,-1
34777.514,2,586256,600,153920,1
34777.526,2,586678,600,154680,-1
34777.625,5,584072,1000,154250,-1
34777.911,1,587133,600,153820,1
34777.947,1,587163,100,146100,1
34778.476,1,587546,600,154580,-1
34778.517,2,583521,800,154010,1
34778.615,1,587669,800,154010,1
34779.175,2,584037,200,154290,-1
34779.286,1,588188,200,154290,-1
34779.832,2,587133,600,153820,1
34779.837,2,587546,600,154580,-1
34779.84,1,588695,600,153720,1
34780.39,1,589119,600,154480,-1
34780.393,2,588695,600,153720,1
34780.449,2,589119,600,154480,-1
34780.933,1,589589,600,153820,1
34781.304,2,588188,200,154290,-1
34781.408,1,589934,200,154390,-1
34781.475,1,589992,600,154580,-1
34781.848,2,589934,200,154390,-1
34781.958,1,590395,200,154290,-1
34782.329,2,587669,800,154010,1
34782.405,2,583889,1400,154390,-1
34782.503,1,590885,800,153910,1
34782.513,1,590897,100,152200,1
34782.81,1,591185,1400,154390,-1
34783.53,1,591773,1000,158200,-1
34784.432,1,592549,100,152200,1
34785.056,2,589589,600,153820,1
34785.135,1,593124,150,154200,-1
34785.139,2,582365,150,154300,-1
34785.142,2,582136,150,154300,-1
34785.17,1,593154,600,153720,1
34785.279,1,593224,150,154200,-1
34785.281,1,593226,150,154200,-1
34785.562,1,593475,200,154240,-1
34785.697,2,584429,600,154300,-1
34786.857,2,591185,1400,154390,-1
34786.955,2,590395,200,154290,-1
34786.998,1,594618,100,150200,1
34787.066,1,594647,200,154290,-1
34787.077,1,594651,1400,154290,-1
34787.506,2,590885,800,153910,1
34787.613,1,594974,800,153910,1
34788.432,5,583424,10,154030,1
34788.596,2,593154,600,153720,1
34788.698,1,595857,400,153900,1
34788.73,1,595898,600,153820,1
34788.947,2,594647,200,154290,-1
34789.052,1,596195,200,154290,-1
34789.101,2,594651,1400,154290,-1
34789.292,2,595898,600,153820,1
34789.4,1,596512,600,153720,1
34789.44,1,596545,1400,154190,-1
34789.769,2,589992,600,154580,-1
34789.978,1,596938,600,154480,-1
34790.034,2,596938,600,154480,-1
34790.274,2,596195,200,154290,-1
34790.489,2,594974,800,153910,1
34790.528,1,597437,200,154190,-1
34790.593,1,597500,600,154480,-1
34790.783,1,597685,200,152500,1
34790.826,2,581214,200,154340,-1
34791.129,1,597971,800,153810,1
34791.274,2,597971,800,153810,1
34791.277,2,597437,200,154190,-1
34791.587,2,584429,200,154300,-1
34791.622,1,598444,200,154200,-1
34793.672,1,600051,800,153910,1
34794.021,2,597500,600,154480,-1
34794.152,1,600413,600,154580,-1
34794.21,1,600436,800,154390,-1
34794.836,2,596512,600,153720,1
34794.946,1,600961,600,153720,1
34795.381,2,600413,600,154580,-1
34795.492,1,601354,600,154480,-1
34795.716,2,601354,600,154480,-1
34796.068,1,601782,600,154480,-1
34798.676,2,600051,800,153910,1
34798.765,2,598444,200,154200,-1
34798.852,1,603939,800,153910,1
34799.216,2,600436,800,154390,-1
34799.393,1,604342,800,154390,-1
34799.396,2,601782,600,154480,-1
34799.446,2,596545,1400,154190,-1
34799.515,1,604451,600,154580,-1
34799.66,2,604451,600,154580,-1
34799.999,5,601181,1000,154180,-1
34800.057,1,604888,600,154480,-1
34800.082,1,604904,5000,155000,-1
34800.344,5,601181,1000,154180,-1
34800.422,5,593358,1000,154190,-1
34800.514,2,603939,800,153910,1
34800.672,1,605471,800,154010,1
34801.263,2,604888,600,154480,-1
34801.307,1,606104,600,154580,-1
34802.012,1,606881,1200,153900,1
34802.104,1,606966,1400,154390,-1
34802.768,2,406169,2000,155200,-1
34803.148,5,604408,100,154190,-1
34803.148,5,605417,2000,154190,-1
34803.148,4,593124,150,154200,-1
34803.148,4,593224,150,154200,-1
34803.148,4,593226,150,154200,-1
34803.148,5,598442,200,154200,-1
34803.148,1,607917,5250,154200,1
34803.384,2,606966,1400,154390,-1
34803.425,4,593475,200,154240,-1
34803.484,5,608213,50,154240,1
34803.625,1,608422,1400,154490,-1
34803.856,2,600961,600,153720,1
34803.982,5,608213,150,154240,1
34803.986,5,608213,150,154240,1
34803.989,1,608771,600,153820,1
34804.001,2,607917,5250,154200,1
34804.004,2,606104,600,154580,-1
34804.396,2,604342,800,154390,-1
34804.652,1,609337,600,154680,-1
34804.66,1,609348,800,154390,-1
34804.779,2,583666,1400,154700,-1
34804.78,2,566900,2200,152400,1
34804.797,1,609516,2200,155200,-1
34804.8,1,609520,2200,154000,1
34805.676,2,605471,800,154010,1
34805.86,1,610526,800,154010,1
34806.201,5,610131,800,154220,1
34806.212,2,608771,600,153820,1
34806.322,1,610900,600,153920,1
34806.819,5,611321,300,154270,-1
34806.819,5,610100,1000,154280,-1
34806.881,1,611410,2000,154290,-1
34807.756,2,609348,800,154390,-1
34807.862,1,612190,800,154490,-1
34808.274,2,610900,600,153920,1
34808.598,1,612858,600,153920,1
34810.301,2,611410,2000,154290,-1
34810.332,2,501936,1000,154890,-1
34810.363,1,614498,1000,154390,-1
34810.867,2,610526,800,154010,1
34810.958,1,615042,800,154010,1
34811.543,2,615042,800,154010,1
34811.633,1,615656,800,154110,1
34811.864,2,614498,1000,154390,-1
34812.139,2,609337,600,154680,-1
34812.149,1,616203,600,154780,-1
34812.579,5,615925,150,154210,1
34812.867,2,612190,800,154490,-1
34812.971,1,617152,800,154490,-1
34813.009,2,612858,600,153920,1
34813.086,2,617152,800,154490,-1
34813.122,1,617274,600,154020,1
34813.143,2,608422,1400,154490,-1
34813.357,1,617507,1400,154390,-1
34813.576,1,617689,1200,154600,-1
34813.656,2,584998,800,154400,-1
34813.66,2,585454,1100,153700,1
34813.662,1,617788,800,154000,1
34813.758,1,617900,800,154490,-1
34814.043,1,618175,100,153200,1
34814.048,2,617900,800,154490,-1
34814.331,1,618419,800,154590,-1
34815.299,1,619281,2000,154100,1
34815.564,1,619527,200,154250,1
34816.639,2,615656,800,154110,1
34816.753,1,620600,800,154110,1
34816.826,1,620689,100,152850,1
34817.527,2,616203,600,154780,-1
34817.676,1,621473,600,154880,-1
34818.588,1,622207,100,154200,1
34818.665,2,617274,600,154020,1
34818.787,1,622471,600,154120,1
34818.895,5,619605,200,154290,1
34818.943,5,619605,200,154290,1
34818.988,2,609516,2200,155200,-1
34818.99,2,609520,2200,154000,1
34819.004,1,622671,1400,154800,-1
34819.005,1,622673,2200,153600,1
34819.104,5,619605,100,154290,1
34819.337,2,618419,800,154590,-1
34819.417,1,623058,800,154590,-1
34819.756,1,623404,100,152400,1
34820.185,2,617507,1400,154390,-1
34820.206,1,623801,1000,154490,-1
34820.343,1,623947,1400,154490,-1
34820.544,5,619605,300,154290,1
34820.806,1,624403,2750,154380,-1
34821.705,2,623801,1000,154490,-1
34821.757,2,620600,800,154110,1
34821.863,1,625289,800,154110,1
34822.054,1,625474,150,154400,-1
34823.081,1,626372,100,151500,1
34824.209,2,622471,600,154120,1
34824.32,1,627384,600,154020,1
34824.417,2,623058,800,154590,-1
34824.417,1,627460,3000,154200,1
34824.519,1,627538,800,154590,-1
34825.012,1,627998,100,150200,1
34825.042,2,622207,100,154200,1
34825.522,2,621473,600,154880,-1
34825.639,1,628624,600,154780,-1
34826.664,2,627538,800,154590,-1
34826.767,1,629806,800,154490,-1
34826.867,2,625289,800,154110,1
34827.315,1,630270,800,154110,1
34827.365,5,622852,150,154270,1
34827.41,5,622852,1000,154270,1
34827.468,5,622852,40,154270,1
34827.535,2,625474,150,154400,-1
34827.829,1,630766,400,154500,-1
34827.897,2,623947,1400,154490,-1
34828.072,2,619281,2000,154100,1
34828.102,1,630994,1400,154390,-1
34828.113,5,622855,200,154260,1
34828.148,5,622855,200,154260,1
34828.152,1,631033,150,154300,-1
34828.174,4,619527,200,154250,1
34828.605,1,631359,100,149200,1
34829.966,2,627384,600,154020,1
34830.071,1,632553,600,153920,1
34830.117,1,632581,2750,154300,-1
34830.118,5,631131,100,154250,-1
34830.118,5,632557,1200,154280,-1
34830.118,5,632199,900,154290,-1
34830.118,4,631033,100,154300,-1
34830.566,4,631033,50,154300,-1
34830.566,4,632581,550,154300,-1
34830.741,4,632581,500,154300,-1
34830.781,4,632581,500,154300,-1
34830.796,1,633183,200,154260,-1
34830.86,2,624403,2750,154380,-1
34830.893,2,632553,600,153920,1
34830.895,1,633303,600,154020,1
34830.899,2,628624,600,154780,-1
34831.224,1,633624,600,154780,-1
34831.259,4,633183,200,154260,-1
34831.259,4,632581,300,154300,-1
34831.705,4,632581,900,154300,-1
34831.723,1,634145,500,154200,1
34831.767,2,629806,800,154490,-1
34831.771,1,634225,100,147200,1
34831.881,1,634388,800,154490,-1
34832.262,1,634713,150,154300,-1
34832.317,2,630270,800,154110,1
34832.425,2,634388,800,154490,-1
34832.532,1,634947,800,154110,1
34832.664,2,630994,1400,154390,-1
34832.769,1,635186,1400,154490,-1
34833.081,1,635443,800,154590,-1
34833.372,4,634713,150,154300,-1
34833.847,1,636062,2000,154210,1
34834.565,2,635186,1400,154490,-1
34834.889,1,636868,1400,154390,-1
34835.1,2,576644,1200,154700,-1
34835.261,1,637151,1100,154300,1
34835.633,1,637524,100,146200,1
34835.642,2,636062,2000,154210,1
34835.743,1,637630,125,154230,1
34835.842,2,636868,1400,154390,-1
34835.9,2,622673,2200,153600,1
34835.904,1,637727,2200,154100,1
34836.104,2,633624,600,154780,-1
34836.161,2,637630,125,154230,1
34836.207,1,637969,600,154880,-1
34836.347,5,637450,400,154380,-1
34836.347,5,637765,500,154390,-1
34836.59,1,638248,900,154490,-1
34836.823,1,638481,100,154300,1
34836.851,2,634145,500,154200,1
34836.867,2,633303,600,154020,1
34836.873,1,638535,500,154300,1
34836.903,1,638568,1000,154700,-1
34836.924,2,617689,1200,154600,-1
34836.977,1,638641,600,154120,1
34837.358,5,638773,1000,154400,-1
34837.538,2,634947,800,154110,1
34837.648,1,639209,800,154110,1
34837.868,2,638248,900,154490,-1
34837.974,1,639511,1000,154590,-1
34838.087,2,635443,800,154590,-1
34838.299,1,639816,800,154590,-1
34838.616,2,622671,1400,154800,-1
34838.619,1,640128,2100,155200,-1
34839.734,2,638535,500,154300,1
34839.738,2,638481,100,154300,1
34841.317,2,639511,1000,154590,-1
34841.637,1,642977,1000,154490,-1
34841.987,2,639816,800,154590,-1
34842.081,5,643364,150,154400,-1
34842.11,1,643463,800,154490,-1
34842.343,2,638641,600,154120,1
34842.445,1,643788,600,154020,1
34842.648,2,639209,800,154110,1
34842.759,1,644156,800,154110,1
34843.136,1,644497,800,154790,-1
34844.001,5,644584,660,154370,-1
34844.001,1,645323,340,154400,1
34844.196,1,645466,125,154330,1
34844.832,1,646098,2000,154300,1
34845.194,4,645323,340,154400,1
34845.594,2,645466,125,154330,1
34845.773,1,646969,125,154230,1
34845.983,2,646969,125,154230,1
34846.207,2,637969,600,154880,-1
34846.436,1,647520,600,154880,-1
34847.108,2,643463,800,154490,-1
34847.191,1,648218,800,154490,-1
34847.758,2,644156,800,154110,1
34847.861,1,648698,800,154110,1
34848.174,1,648900,183,157500,-1
34848.195,2,648218,800,154490,-1
34848.656,1,649280,800,154590,-1
34849.227,2,637727,2200,154100,1
34849.23,1,649701,2200,153900,1
34850.936,2,649280,800,154590,-1
34851.084,1,651250,800,154490,-1
34851.638,2,642977,1000,154490,-1
34851.733,1,651751,1000,154490,-1
34852.452,2,643788,600,154020,1
34852.603,1,652482,600,154020,1
34852.868,2,648698,800,154110,1
34852.973,1,652823,800,154110,1
34853.071,2,647520,600,154880,-1
34853.195,1,652963,600,154780,-1
34854.002,1,653714,600,170000,-1
34855.14,1,654590,1000,154200,1
34855.636,1,654958,150,154400,-1
34855.704,1,655030,150,154400,-1
34855.897,1,655165,125,154230,1
34856.088,2,651250,800,154490,-1
34856.191,1,655414,800,154490,-1
34856.829,5,646809,50,154320,1
34856.883,2,652482,600,154020,1
34856.991,1,656046,600,153920,1
34857.174,2,651751,1000,154490,-1
34857.289,1,656256,1000,154400,-1
34857.591,5,646809,1150,154320,1
34857.591,4,637151,850,154300,1
34857.614,4,637151,100,154300,1
34857.701,4,637151,150,154300,1
34857.701,4,646098,850,154300,1
34857.979,2,652823,800,154110,1
34858.092,1,656839,800,154110,1
34858.432,4,646098,1150,154300,1
34858.435,2,656256,1000,154400,-1
34858.543,2,655165,125,154230,1
34858.576,1,657187,1000,154400,-1
34858.693,2,657187,1000,154400,-1
34859.01,2,652963,600,154780,-1
34859.086,1,657561,1000,154400,-1
34859.119,1,657599,600,154680,-1
34859.261,2,644497,800,154790,-1
34859.264,2,630766,400,154500,-1
34859.456,2,657561,1000,154400,-1
34859.691,1,658116,1000,154400,-1
34860.24,2,658116,1000,154400,-1
34860.4,2,595857,400,153900,1
34860.402,2,583830,400,154600,-1
34860.544,2,558575,1700,154790,-1
34860.76,2,656046,600,153920,1
34860.866,1,659026,600,153820,1
34860.893,2,654958,150,154400,-1
34860.896,2,655030,150,154400,-1
34861.011,2,503282,400,155090,-1
34861.012,2,498336,800,154990,-1
34861.014,2,460555,1000,155190,-1
34861.015,2,467410,1000,155190,-1
34861.083,1,659176,150,154300,-1
34861.086,1,659179,150,154300,-1
34861.198,2,655414,800,154490,-1
34861.3,1,659344,800,154490,-1
34862.576,1,660380,150,154300,-1
34862.751,1,660597,1000,154300,-1
34862.955,2,656839,800,154110,1
34863.189,1,660960,800,154010,1
34863.268,1,661042,125,154040,1
34863.289,2,657599,600,154680,-1
34863.403,1,661163,600,154580,-1
34864.383,1,661974,1000,154120,1
34864.805,2,661042,125,154040,1
34865.414,2,661974,1000,154120,1
34865.798,2,660597,1000,154300,-1
34866.027,1,663437,1000,154390,-1
34866.079,1,663478,200,154010,1
34866.298,2,659344,800,154490,-1
34866.412,1,663705,800,154490,-1
34866.792,2,663478,200,154010,1
34866.882,1,664178,200,154490,-1
34867.194,2,659026,600,153820,1
34867.31,1,664540,600,153720,1
34867.393,1,664624,200,153910,1
34867.917,1,665129,1200,154600,-1
34868.19,2,660960,800,154010,1
34868.198,2,664540,600,153720,1
34868.249,2,663705,800,154490,-1
34868.299,1,665434,800,154010,1
34868.304,1,665438,600,153820,1
34868.357,2,663437,1000,154390,-1
34868.862,1,665918,800,154390,-1
34869.074,1,666068,1000,154390,-1
34869.123,2,664624,200,153910,1
34869.129,2,664178,200,154490,-1
34869.193,2,665918,800,154390,-1
34869.217,1,666241,200,154010,1
34869.518,1,666525,800,154490,-1
34869.901,2,666241,200,154010,1
34870.004,1,666977,200,154490,-1
34870.471,2,640128,2100,155200,-1
34870.474,1,667320,1400,154900,-1
34870.515,1,667349,200,153910,1
34870.865,2,667349,200,153910,1
34870.867,2,666977,200,154490,-1
34871.077,1,667798,200,154010,1
34871.4,2,667798,200,154010,1
34871.528,2,665434,800,154010,1
34871.598,1,668206,200,154490,-1
34871.658,1,668262,800,154110,1
34871.738,2,668206,200,154490,-1
34871.943,2,661163,600,154580,-1
34872.105,1,668741,600,154580,-1
34872.131,4,627460,2600,154200,1
34872.152,1,668788,200,154490,-1
34872.221,2,668788,200,154490,-1
34872.301,2,668741,600,154580,-1
34872.387,2,666068,1000,154390,-1
34872.648,5,668804,100,154220,1
34872.648,4,627460,50,154200,1
34872.659,1,669305,600,154580,-1
34872.734,2,669305,600,154580,-1
34872.737,1,669380,200,153910,1
34873.208,1,669812,600,154580,-1
34873.239,1,669834,200,154490,-1
34873.282,4,627460,350,154200,1
34873.282,4,654590,1000,154200,1
34873.546,5,669892,200,154120,1
34873.546,4,668262,800,154110,1
34873.658,2,666525,800,154490,-1
34873.686,1,670222,800,154010,1
34873.708,1,670240,1000,154290,-1
34873.739,1,670272,500,154210,1
34874.038,4,670272,500,154210,1
34874.038,5,670108,1000,154210,1
34874.233,1,670603,800,154390,-1
34876.27,2,665438,600,153820,1
34876.385,1,672508,600,153720,1
34877.746,5,659379,1000,154020,1
34877.746,5,669979,100,154020,1
34877.758,5,669979,400,154020,1
34877.758,5,670214,100,154020,1
34878.689,2,670222,800,154010,1
34878.751,1,674207,800,154010,1
34879.238,2,670603,800,154390,-1
34879.312,1,674664,800,154290,-1
34881.201,2,674207,800,154010,1
34881.3,1,676409,800,153910,1
34882.063,2,573091,1000,154010,1
34882.18,1,677141,4500,154200,-1
34882.407,2,669812,600,154580,-1
34882.513,1,677502,600,154480,-1
34882.552,1,677540,625,156000,-1
34882.594,2,669380,200,153910,1
34882.598,2,669834,200,154490,-1
34882.687,2,617788,800,154000,1
34882.712,1,677702,200,153810,1
34882.728,1,677724,1200,153700,1
34882.73,2,638568,1000,154700,-1
34882.733,1,677729,1000,154400,-1
34882.741,2,606881,1200,153900,1
34882.805,2,659176,150,154300,-1
34882.809,2,659179,150,154300,-1
34882.815,2,660380,150,154300,-1
34882.833,1,677861,150,154200,-1
34882.94,2,670240,1000,154290,-1
34882.954,5,677650,44,154100,1
34882.982,1,678004,150,154100,-1
34882.986,1,678009,150,154100,-1
34882.991,1,678016,150,154100,-1
34883.317,1,678300,200,154390,-1
34883.434,1,678401,1000,154190,-1
34883.71,2,677141,4500,154200,-1
34884.308,2,674664,800,154290,-1
34884.411,1,679158,800,154290,-1
34884.739,1,679405,1200,153700,1
34884.923,1,679537,900,154010,1
34885.075,2,478412,1000,154000,1
34885.345,5,679759,956,154030,1
34885.345,4,679537,900,154010,1
34885.345,4,220032,144,154000,1
34885.93,2,678401,1000,154190,-1
34886.134,1,680551,1000,154290,-1
34886.299,2,676409,800,153910,1
34886.389,2,672508,600,153720,1
34886.417,1,680702,800,153910,1
34886.57,1,680806,600,153720,1
34887.125,5,681097,1000,154010,1
34887.125,4,220032,246,154000,1
34887.125,4,341030,1000,154000,1
34887.193,2,677502,600,154480,-1
34887.195,1,681312,600,154580,-1
34887.207,2,677702,200,153810,1
34887.211,2,678300,200,154390,-1
34887.486,2,677861,150,154200,-1
34887.498,1,681586,200,153910,1
34887.553,4,440903,1000,154000,1
34887.879,1,681929,150,154100,-1
34888.051,1,682079,200,154490,-1
34889.409,2,679158,800,154290,-1
34889.568,1,683365,800,154290,-1
34890.163,2,678004,150,154100,-1
34890.171,2,678009,150,154100,-1
34890.177,2,678016,150,154100,-1
34890.299,5,684081,1000,153950,1
34890.708,1,684502,200,153960,1
34890.754,5,684106,100,153980,-1
34890.754,5,684135,350,153980,-1
34890.822,1,684602,200,154000,-1
34890.863,5,684596,1000,153970,1
34890.863,4,684502,200,153960,1
34890.863,5,681389,200,153930,1
34890.863,4,680702,200,153910,1
34891.42,2,680702,600,153910,1
34891.599,4,681586,200,153910,1
34891.599,5,677408,1900,153910,1
34891.599,5,685171,100,153910,1
34891.632,5,684981,100,153960,-1
34891.656,2,680806,600,153720,1
34891.662,1,685463,600,153820,1
34891.792,2,679405,1200,153700,1
34891.795,1,685600,1200,153600,1
34891.922,1,685711,150,154000,-1
34891.926,1,685717,150,154000,-1
34891.931,1,685723,150,154000,-1
34891.933,2,682079,200,154490,-1
34891.959,2,520862,5000,154880,-1
34891.959,1,685754,200,154290,-1
34892.467,1,686263,150,154000,-1
34892.503,2,649701,2200,153900,1
34892.546,1,686341,800,153900,1
34892.649,2,680551,1000,154290,-1
34892.75,1,686625,1000,154390,-1
34892.899,2,681929,150,154100,-1
34893.005,5,686279,100,153950,1
34893.005,5,685706,50,153930,1
34893.914,2,686625,1000,154390,-1
34894.098,1,687943,700,154000,-1
34894.451,5,687016,100,153950,1
34894.451,5,687956,500,153940,1
34894.451,5,687204,400,153920,1
34894.568,2,683365,800,154290,-1
34894.751,1,688667,800,154290,-1
34895.035,1,688945,1000,154000,-1
34895.504,5,684135,650,153980,-1
34895.504,4,684602,200,154000,-1
34895.504,4,685711,150,154000,-1
34895.504,4,685717,150,154000,-1
34895.504,4,685723,150,154000,-1
34895.504,4,686263,150,154000,-1
34895.504,4,687943,700,154000,-1
34895.504,4,688945,850,154000,-1
34895.509,4,688945,150,154000,-1
34895.534,1,689442,1000,154280,-1
34895.67,1,689602,1000,154290,-1
34895.803,1,689764,1000,153810,1
34895.971,2,689602,1000,154290,-1
34896.117,5,689503,100,154000,1
34896.262,1,690205,1000,154390,-1
34896.438,1,690375,2000,153910,1
34896.61,5,689503,600,154000,1
34896.638,2,690205,1000,154390,-1
34896.72,2,689442,1000,154280,-1
34896.917,1,690852,1000,154390,-1
34896.983,2,690852,1000,154390,-1
34897.12,5,689503,600,154000,1
34897.199,2,681312,600,154580,-1
34897.334,5,689503,200,154000,1
34897.334,5,690198,500,154000,1
34897.344,1,691318,600,154580,-1
34897.49,1,691455,1000,154290,-1
34897.573,5,690198,300,154000,1
34897.573,5,691384,1200,154000,1
34897.932,5,691545,150,154100,-1
34898.211,5,692072,100,154030,1
34898.282,1,692130,1000,154280,-1
34898.605,1,692419,2200,153100,1
34898.688,2,690375,2000,153910,1
34898.738,2,692130,1000,154280,-1
34899.0,2,688667,800,154290,-1
34899.095,1,692832,800,154190,-1
34900.177,5,692366,50,154030,1
34900.177,5,692346,450,154000,1
34900.19,2,685463,600,153820,1
34900.206,1,693863,600,153720,1
34900.674,2,686341,800,153900,1
34901.168,2,532482,100,154500,-1
34901.959,2,685754,200,154290,-1
34902.068,1,695707,200,154290,-1
34902.862,1,696395,150,154000,-1
34903.106,2,691455,1000,154290,-1
34903.418,1,696815,1000,154190,-1
34903.507,5,696507,100,153990,-1
34903.694,2,531297,100,154500,-1
34904.1,2,692832,800,154190,-1
34904.203,1,697526,800,154190,-1
34904.505,2,695707,200,154290,-1
34904.621,2,691318,600,154580,-1
34904.657,2,697526,800,154190,-1
34904.688,1,697958,200,154190,-1
34904.726,2,520639,100,154600,-1
34904.736,1,698003,600,154480,-1
34904.888,1,698156,600,153900,1
34905.104,1,698407,800,154090,-1
34906.145,2,698407,800,154090,-1
34906.248,1,699547,800,154090,-1
34906.727,2,699547,800,154090,-1
34906.768,2,696815,1000,154190,-1
34906.896,1,700197,800,154190,-1
34907.374,1,700555,1000,154290,-1
34907.433,1,700607,3000,154100,-1
34907.887,1,700973,1000,153800,1
34909.276,2,693863,600,153720,1
34909.379,1,702136,600,153620,1
34909.636,2,700555,1000,154290,-1
34909.694,5,701361,1900,153990,-1
34909.694,5,702092,1100,153990,-1
34909.866,1,702520,1000,154190,-1
34909.925,2,702520,1000,154190,-1
34910.414,1,702929,1000,154190,-1
34910.524,2,700197,800,154190,-1
34910.646,1,703111,800,154090,-1
34911.865,4,696395,100,154000,-1
34912.229,4,696395,50,154000,-1
34912.229,1,704380,950,154000,1
34913.0,2,702136,600,153620,1
34913.003,2,698003,600,154480,-1
34913.031,1,705208,600,153720,1
34913.273,1,705415,150,154100,-1
34913.682,1,705817,600,154580,-1
34914.679,5,706509,40,154030,1
34914.689,2,697958,200,154190,-1
34914.757,1,706675,200,154190,-1
34914.809,2,702929,1000,154190,-1
34914.896,1,706772,2000,153900,1
34915.05,1,706921,1000,154290,-1
34915.224,2,705208,600,153720,1
34915.315,1,707168,600,153820,1
34915.415,2,705817,600,154580,-1
34915.649,2,703111,800,154090,-1
34915.861,1,707645,800,154090,-1
34915.891,1,707687,600,154680,-1
34916.022,5,707680,1000,154070,-1
34916.298,2,706675,200,154190,-1
34916.4,1,708157,200,154290,-1
34916.424,2,707645,800,154090,-1
34916.551,1,708303,800,154190,-1
34916.93,2,708303,800,154190,-1
34917.105,1,708834,800,154190,-1
34917.115,2,706921,1000,154290,-1
34917.64,1,709323,1000,154390,-1
34917.974,5,702595,900,154090,-1
34917.974,4,700607,1400,154100,-1
34918.355,2,705415,150,154100,-1
34918.524,4,700607,1600,154100,-1
34919.098,1,710507,100,152000,1
34919.296,1,710646,800,153810,1
34919.443,1,710751,150,154200,-1
