34200.032,2,161090,500,142300,-1
34200.192,1,164099,81,110000,1
34200.536,2,163232,2800,141920,1
34200.576,1,164578,1400,141920,1
34200.586,4,135920,200,142100,1
34200.917,2,164578,1400,141920,1
34200.919,2,163341,2800,142540,-1
34200.957,1,164886,2800,141850,1
34200.969,1,164893,2800,142470,-1
34201.228,5,163914,300,142280,-1
34201.382,2,145318,1000,141710,1
34202.434,1,166088,20,142100,1
34202.721,1,166295,1,200000,-1
34203.99,5,165455,2000,142180,-1
34204.103,2,166295,1,200000,-1
34204.495,2,150438,293,142300,-1
34204.605,2,151084,85,142300,-1
34204.608,2,151085,10,142300,-1
34204.62,2,151156,25,142300,-1
34204.622,2,151160,5,142300,-1
34204.623,2,151162,50,142300,-1
34204.629,2,164886,2800,141850,1
34204.633,2,164893,2800,142470,-1
34204.641,2,151228,205,142300,-1
34204.644,2,151262,40,142300,-1
34204.654,2,151350,32,142300,-1
34204.672,1,167487,2800,141920,1
34204.676,1,167492,2800,142540,-1
34204.751,2,151895,200,142300,-1
34204.754,2,151901,35,142300,-1
34204.755,2,151906,10,142300,-1
34204.756,2,151929,29,142300,-1
34204.759,2,151956,100,142300,-1
34204.761,2,151986,50,142300,-1
34204.763,2,152054,10,142300,-1
34204.765,2,152059,34,142300,-1
34204.769,2,152129,50,142300,-1
34206.336,2,167487,2800,141920,1
34206.337,2,167492,2800,142540,-1
34206.374,1,168876,1400,142000,1
34206.377,1,168878,2800,142610,-1
34206.519,2,168876,1400,142000,1
34206.56,1,168990,2800,141920,1
34206.587,2,168878,2800,142610,-1
34206.629,1,169055,1400,142610,-1
34206.854,2,168990,2800,141920,1
34206.893,1,169280,1400,142000,1
34206.937,2,169280,1400,142000,1
34206.94,2,169055,1400,142610,-1
34206.976,1,169358,1400,142070,1
34206.98,1,169360,2800,142680,-1
34207.86,2,169358,1400,142070,1
34207.862,2,169360,2800,142680,-1
34207.904,1,170097,2800,142000,1
34207.906,1,170098,2800,142610,-1
34208.496,2,170098,2800,142610,-1
34208.533,1,170553,1400,142610,-1
34209.158,2,170553,1400,142610,-1
34209.199,1,170989,2800,142610,-1
34209.37,2,170989,2800,142610,-1
34209.419,1,171145,1400,142610,-1
34209.511,2,170097,2800,142000,1
34209.552,1,171224,2800,141920,1
34209.848,2,171224,2800,141920,1
34209.888,1,171430,1400,142000,1
34209.901,2,171145,1400,142610,-1
34209.94,1,171462,2800,142610,-1
34209.985,2,171430,1400,142000,1
34210.002,2,161472,3000,142390,-1
34210.025,1,171525,2800,141920,1
34210.668,2,171525,2800,141920,1
34210.705,1,171881,2800,142000,1
34212.51,2,171462,2800,142610,-1
34212.551,1,173056,2800,142680,-1
34212.605,2,173056,2800,142680,-1
34212.645,1,173148,1400,142610,-1
34212.869,2,173148,1400,142610,-1
34212.916,1,173376,2800,142680,-1
34213.093,1,173501,5000,142300,-1
34213.149,2,173376,2800,142680,-1
34213.193,1,173589,1400,142610,-1
34213.515,2,173589,1400,142610,-1
34213.556,1,173868,2800,142610,-1
34213.658,2,171881,2800,142000,1
34213.66,2,173868,2800,142610,-1
34213.704,1,173987,2800,142070,1
34213.708,1,173991,2800,142680,-1
34214.725,2,173991,2800,142680,-1
34214.78,1,174824,1400,142680,-1
34215.077,2,174824,1400,142680,-1
34215.117,1,175033,2800,142680,-1
34215.117,1,175034,500,142200,-1
34215.568,2,173987,2800,142070,1
34215.57,2,175033,2800,142680,-1
34215.607,4,175034,500,142200,-1
34215.607,1,175425,2300,142210,1
34215.613,1,175432,2800,142830,-1
34215.996,4,175425,40,142210,1
34218.069,2,175425,2260,142210,1
34218.07,2,175432,2800,142830,-1
34218.109,5,175451,900,142280,-1
34218.109,1,177169,1360,142280,1
34218.112,1,177172,2800,142900,-1
34218.531,1,177398,900,142300,-1
34219.681,2,177172,2800,142900,-1
34219.721,1,178156,1400,142900,-1
34220.378,2,177169,1360,142280,1
34220.379,2,178156,1400,142900,-1
34220.416,5,178549,600,142290,-1
34220.416,4,151996,17,142300,-1
34220.416,4,160167,6,142300,-1
34220.416,4,173501,737,142300,-1
34220.421,1,178567,2800,142970,-1
34221.047,2,178567,2800,142970,-1
34221.126,1,179006,2800,142000,1
34221.127,1,179007,2800,142790,-1
34221.884,2,179006,2800,142000,1
34221.886,2,179007,2800,142790,-1
34221.944,1,179531,2800,141920,1
34221.946,1,179535,1400,142720,-1
34221.97,2,179535,1400,142720,-1
34222.013,1,179592,2800,142720,-1
34222.442,1,179872,50,141500,1
34222.929,4,173501,4263,142300,-1
34222.929,4,177398,837,142300,-1
34222.946,1,180288,2000,143500,-1
34222.957,1,180300,50,143470,-1
34223.09,2,179592,2800,142720,-1
34223.127,1,180430,1400,142720,-1
34223.198,2,180430,1400,142720,-1
34223.238,1,180489,2800,142790,-1
34223.381,2,179531,2800,141920,1
34223.419,1,180594,1400,142000,1
34223.438,2,180594,1400,142000,1
34223.477,1,180619,2800,141920,1
34223.769,1,180811,150,142200,1
34223.97,2,180489,2800,142790,-1
34224.011,1,180982,2800,142720,-1
34224.027,4,177398,63,142300,-1
34224.027,5,180620,337,142500,-1
34224.084,2,180982,2800,142720,-1
34224.125,1,181063,2800,142790,-1
34224.164,5,180620,63,142500,-1
34224.283,1,181157,1000,142590,-1
34224.441,2,180619,2800,141920,1
34224.479,1,181269,1400,142000,1
34224.763,2,181269,1400,142000,1
34224.764,2,181063,2800,142790,-1
34224.785,2,181157,1000,142590,-1
34224.799,1,181460,2800,141920,1
34224.802,1,181462,2800,142720,-1
34225.391,1,181758,1000,142210,1
34225.439,5,181166,500,142540,-1
34225.439,5,181072,500,142590,-1
34225.533,2,181758,1000,142210,1
34225.547,1,181872,1000,142220,1
34225.804,5,181952,500,142500,-1
34225.804,5,181072,500,142590,-1
34225.844,2,181460,2800,141920,1
34225.844,2,181462,2800,142720,-1
34225.881,1,182084,1400,142000,1
34225.884,1,182086,2800,142790,-1
34226.069,5,181072,500,142590,-1
34226.103,5,181072,200,142590,-1
34226.197,5,181072,500,142590,-1
34226.265,5,181072,400,142590,-1
34226.281,2,181872,1000,142220,1
34226.358,1,182409,1000,142210,1
34226.444,2,182084,1400,142000,1
34226.482,1,182481,2800,142000,1
34226.488,2,182409,1000,142210,1
34226.704,4,154343,500,142600,-1
34226.752,1,182659,1000,142780,-1
34226.813,2,182659,1000,142780,-1
34227.473,1,183096,1000,142210,1
34227.687,1,183267,1000,142780,-1
34227.763,2,182086,2800,142790,-1
34227.805,1,183342,1400,142790,-1
34227.964,1,183457,500,142200,1
34227.987,2,183342,1400,142790,-1
34228.035,1,183512,2800,142860,-1
34228.15,2,182481,2800,142000,1
34228.188,1,183605,1400,142070,1
34228.246,2,183605,1400,142070,1
34228.284,1,183670,2800,142000,1
34228.781,2,183267,1000,142780,-1
34228.826,2,183670,2800,142000,1
34228.866,1,184101,1400,142070,1
34228.954,2,184101,1400,142070,1
34228.991,1,184210,1400,142070,1
34229.132,2,180811,150,142200,1
34229.229,1,184347,2000,142690,-1
34229.252,2,184210,1400,142070,1
34229.306,1,184400,2800,142000,1
34229.4,2,183512,2800,142860,-1
34229.408,1,184478,150,142500,1
34229.442,1,184513,1400,142790,-1
34229.5,1,184553,150,142500,1
34229.507,2,184400,2800,142000,1
34229.509,2,184513,1400,142790,-1
34229.549,1,184600,2800,142070,1
34229.551,1,184603,2800,142860,-1
34229.715,2,183457,500,142200,1
34229.723,1,184699,500,142500,1
34229.745,5,184629,400,142600,1
34229.745,5,184501,1200,142520,1
34229.745,5,184502,400,142510,1
34229.797,2,184600,2800,142070,1
34229.837,1,184793,2800,142000,1
34229.929,5,184724,75,142670,-1
34229.931,2,184603,2800,142860,-1
34229.97,1,184876,1400,142790,-1
34229.976,2,184699,500,142500,1
34230.145,2,184876,1400,142790,-1
34230.19,1,185044,2800,142790,-1
34230.4,2,184793,2800,142000,1
34230.402,2,185044,2800,142790,-1
34230.426,1,185209,500,80000,1
34230.429,1,185214,500,90000,1
34230.443,1,185229,1400,142070,1
34230.445,1,185231,2800,142860,-1
34230.574,2,185229,1400,142070,1
34230.611,1,185319,2800,142000,1
34230.768,1,185422,100,95100,1
34230.847,1,185491,600,143180,-1
34230.965,2,185422,100,95100,1
34231.17,2,185231,2800,142860,-1
34231.207,1,185707,2800,142790,-1
34231.283,2,185707,2800,142790,-1
34231.322,1,185792,1400,142790,-1
34231.364,1,185810,600,142220,1
34231.746,5,184502,100,142510,1
34231.943,2,185792,1400,142790,-1
34231.983,1,186247,2800,142790,-1
34232.796,2,163103,4000,142100,1
34233.042,1,186915,1000,142690,-1
34233.618,1,187362,1000,142110,1
34233.702,2,135920,147,142100,1
34233.921,2,185319,2800,142000,1
34233.964,1,187577,1400,142000,1
34234.23,2,187577,1400,142000,1
34234.232,2,186247,2800,142790,-1
34234.267,1,187798,2800,141920,1
34234.27,1,187802,1400,142720,-1
34234.372,2,187802,1400,142720,-1
34234.412,1,187920,2800,142790,-1
34234.444,2,184478,150,142500,1
34234.451,2,187798,2800,141920,1
34234.489,1,187965,1400,142000,1
34234.531,2,184553,150,142500,1
34234.59,2,187965,1400,142000,1
34234.59,2,187920,2800,142790,-1
34234.594,2,183096,1000,142210,1
34234.603,5,187387,147,142600,-1
34234.619,1,188043,1000,142230,1
34234.621,1,188045,150,142500,1
34234.636,1,188060,2800,141920,1
34234.638,1,188062,1400,142720,-1
34234.709,5,187387,150,142600,-1
34235.002,2,188062,1400,142720,-1
34235.05,1,188352,2800,142720,-1
34235.472,5,188336,100,142550,1
34235.472,5,188312,100,142510,1
34235.472,4,188045,150,142500,1
34235.553,2,188352,2800,142720,-1
34235.594,1,188698,1400,142720,-1
34235.68,5,187387,1000,142600,-1
34236.231,2,188060,2800,141920,1
34236.234,2,188698,1400,142720,-1
34236.277,1,189144,1400,142000,1
34236.279,1,189148,2800,142790,-1
34237.101,2,185810,600,142220,1
34237.102,2,185491,600,143180,-1
34237.207,1,189713,600,142120,1
34237.681,2,189144,1400,142000,1
34237.72,1,190004,2800,141920,1
34237.767,2,189713,600,142120,1
34237.77,1,190045,600,142220,1
34237.956,2,189148,2800,142790,-1
34237.963,2,190045,600,142220,1
34238.001,1,190211,1400,142720,-1
34238.302,1,190431,600,142120,1
34238.349,5,189387,32,142600,-1
34238.85,1,190836,600,143080,-1
34239.312,2,190431,600,142120,1
34239.318,2,190836,600,143080,-1
34239.319,2,190211,1400,142720,-1
34239.36,1,191177,2800,142790,-1
34239.395,1,191219,600,142220,1
34239.436,2,190004,2800,141920,1
34239.477,1,191291,1400,142000,1
34239.6,2,191219,600,142220,1
34239.613,2,191291,1400,142000,1
34239.614,2,191177,2800,142790,-1
34239.655,1,191427,2800,141920,1
34239.659,1,191433,1400,142720,-1
34239.793,2,191427,2800,141920,1
34239.795,2,191433,1400,142720,-1
34239.838,1,191579,1400,142000,1
34239.842,1,191583,2800,142790,-1
34239.925,2,191579,1400,142000,1
34239.927,2,191583,2800,142790,-1
34239.941,1,191648,600,142120,1
34239.963,1,191669,2800,141920,1
34239.965,1,191671,1400,142720,-1
34240.434,2,191669,2800,141920,1
34240.436,2,191671,1400,142720,-1
34240.474,1,192085,1400,142000,1
34240.477,1,192089,2800,142790,-1
34240.492,1,192100,600,143080,-1
34241.295,1,192655,1600,142800,-1
34241.298,1,192660,2400,141900,1
34241.348,2,192085,1400,142000,1
34241.388,1,192760,2800,142000,1
34241.605,1,192955,700,142600,1
34241.7,2,191648,600,142120,1
34241.702,2,192100,600,143080,-1
34241.81,2,192760,2800,142000,1
34241.812,2,192089,2800,142790,-1
34241.817,1,193127,600,143180,-1
34241.858,1,193177,2800,142070,1
34241.86,1,193180,2800,142860,-1
34242.011,2,186915,1000,142690,-1
34242.331,4,192955,700,142600,1
34242.331,1,193644,300,142600,-1
34242.364,1,193674,600,142220,1
34242.502,2,193177,2800,142070,1
34242.54,1,193819,1400,142070,1
34242.598,2,193819,1400,142070,1
34242.636,1,193891,2800,142070,1
34242.749,2,187362,1000,142110,1
34242.836,2,193644,300,142600,-1
34243.137,1,194319,400,142310,1
34245.344,1,195822,1000,142600,-1
34246.524,2,193180,2800,142860,-1
34246.563,1,196763,1400,142860,-1
34246.871,2,193891,2800,142070,1
34246.872,2,196763,1400,142860,-1
34246.922,1,197006,2800,142140,1
34246.924,1,197007,2800,142930,-1
34248.19,2,197006,2800,142140,1
34248.227,1,197759,2800,142070,1
34248.607,2,197007,2800,142930,-1
34248.648,1,198027,1400,142860,-1
34248.869,2,198027,1400,142860,-1
34248.876,2,197759,2800,142070,1
34248.911,1,198242,2800,142930,-1
34248.916,1,198247,2800,142140,1
34249.38,2,198247,2800,142140,1
34249.383,2,198242,2800,142930,-1
34249.421,1,198611,1400,142210,1
34249.423,1,198613,2800,143000,-1
34249.513,2,198611,1400,142210,1
34249.514,2,198613,2800,143000,-1
34249.556,1,198692,2800,142140,1
34249.558,1,198693,2800,142930,-1
34249.637,2,198692,2800,142140,1
34249.639,2,198693,2800,142930,-1
34249.68,1,198789,1400,142210,1
34249.682,1,198790,350,142200,1
34249.682,1,198791,2800,143000,-1
34249.85,2,198789,1400,142210,1
34249.853,2,198791,2800,143000,-1
34249.892,1,198968,2800,142140,1
34249.893,1,198970,2800,142930,-1
34250.323,5,195838,32,142580,-1
34250.794,2,195822,1000,142600,-1
34251.007,1,199843,800,142600,1
34251.123,4,199843,800,142600,1
34251.123,1,199933,100,142600,-1
34251.336,2,199933,100,142600,-1
34251.709,2,198968,2800,142140,1
34251.711,2,198970,2800,142930,-1
34251.753,1,200454,2800,142070,1
34251.755,1,200456,1400,142860,-1
34251.822,2,193127,600,143180,-1
34251.945,1,200584,100,142590,-1
34251.977,2,200456,1400,142860,-1
34251.998,1,200618,600,143180,-1
34252.019,1,200644,2800,142860,-1
34252.112,2,193674,600,142220,1
34252.113,2,200618,600,143180,-1
34252.142,5,200595,1000,142570,-1
34252.365,5,200595,93,142570,-1
34252.365,5,200598,7,142580,-1
34252.573,1,201043,600,142120,1
34252.748,2,200584,100,142590,-1
34252.906,1,201299,1000,142590,-1
34253.142,2,194319,400,142310,1
34253.161,1,201496,600,143080,-1
34254.504,1,202396,150,142500,1
34254.784,2,200644,2800,142860,-1
34254.822,1,202607,1400,142860,-1
34254.901,1,202660,800,142310,1
34255.218,2,200454,2800,142070,1
34255.22,2,202607,1400,142860,-1
34255.259,1,202892,1400,142140,1
34255.262,1,202897,2800,142930,-1
34255.479,1,202994,100,142600,-1
34255.496,2,201043,600,142120,1
34255.498,2,201496,600,143080,-1
34255.508,2,202892,1400,142140,1
34255.545,1,203021,2800,142140,1
34255.605,1,203054,600,142220,1
34255.791,2,184347,2000,142690,-1
34256.162,1,203456,600,143180,-1
34256.366,1,203608,1000,142000,1
34256.718,2,203021,2800,142140,1
34256.756,1,203919,1400,142140,1
34256.856,2,203919,1400,142140,1
34256.859,2,202897,2800,142930,-1
34256.902,1,204062,1400,142140,1
34256.905,1,204066,2800,142930,-1
34257.125,2,204066,2800,142930,-1
34257.19,1,204295,2800,142930,-1
34257.263,2,204062,1400,142140,1
34257.302,1,204377,2800,142140,1
34257.38,2,204377,2800,142140,1
34257.419,1,204481,1400,142140,1
34257.667,2,204481,1400,142140,1
34257.706,1,204678,2800,142070,1
34257.78,2,204678,2800,142070,1
34257.888,1,204761,2800,142140,1
34258.025,1,204870,2400,143200,-1
34258.027,1,204872,2400,142400,1
34258.639,1,205267,1,200000,-1
34258.65,4,201299,1000,142590,-1
34258.662,4,202994,100,142600,-1
34258.734,1,205339,1000,142790,-1
34258.974,2,203054,600,142220,1
34258.976,2,203456,600,143180,-1
34259.027,2,204295,2800,142930,-1
34259.071,1,205620,1400,142930,-1
34259.086,1,205632,600,142320,1
34259.377,2,205620,1400,142930,-1
34259.418,1,205904,2800,142930,-1
34259.631,1,206062,600,143280,-1
34259.687,2,202396,150,142500,1
34259.852,2,192655,1600,142800,-1
34259.853,2,192660,2400,141900,1
34260.129,2,205267,1,200000,-1
34260.324,2,204761,2800,142140,1
34260.325,2,205904,2800,142930,-1
34260.367,1,206609,1400,142210,1
34260.369,1,206610,2800,143000,-1
34260.563,2,206609,1400,142210,1
34260.602,1,206775,2800,142210,1
34262.19,1,207654,1300,142690,-1
34262.197,2,202660,800,142310,1
34262.681,1,207946,1000,142410,1
34263.509,2,206775,2800,142210,1
34263.511,2,206610,2800,143000,-1
34263.551,1,208425,2800,142140,1
34263.553,1,208427,2800,142930,-1
34263.563,2,205632,600,142320,1
34263.565,2,206062,600,143280,-1
34263.679,1,208511,600,142220,1
34264.237,2,204870,800,143200,-1
34264.252,1,208926,600,143180,-1
34264.667,2,204872,2400,142400,1
34264.678,1,209225,2400,142200,1
34265.148,1,209548,1300,142600,-1
34265.76,2,207654,1300,142690,-1
34266.183,2,208427,2800,142930,-1
34266.221,1,210197,2800,143000,-1
34266.258,2,208425,2800,142140,1
34266.295,1,210246,1400,142210,1
34266.849,1,210544,1,130900,1
34266.905,2,210246,1400,142210,1
34266.912,2,210197,2800,143000,-1
34266.942,1,210599,1400,142210,1
34266.959,1,210615,2800,143000,-1
34267.136,2,210599,1400,142210,1
34267.138,2,210615,2800,143000,-1
34267.176,1,210723,2800,142140,1
34267.178,1,210724,1400,142930,-1
34267.493,2,210724,1400,142930,-1
34267.539,1,210921,2800,142930,-1
34267.882,2,208511,600,142220,1
34267.885,2,208926,600,143180,-1
34268.002,1,211206,600,142120,1
34268.049,2,179872,50,141500,1
34268.551,1,211507,600,143080,-1
34268.846,2,166088,20,142100,1
34268.999,2,210544,1,130900,1
34269.063,2,188043,1000,142230,1
34269.091,1,211754,20,142500,1
34269.494,2,210723,2800,142140,1
34269.496,2,210921,2800,142930,-1
34269.534,1,212013,2800,142070,1
34269.537,1,212014,1400,142860,-1
34269.7,2,212014,1400,142860,-1
34269.746,1,212146,2800,142860,-1
34269.759,4,211754,20,142500,1
34269.918,1,212253,600,142690,-1
34270.263,2,207946,1000,142410,1
34270.265,2,212253,600,142690,-1
34270.357,1,212476,1000,142210,1
34270.366,1,212481,150,142400,1
34270.477,1,212542,600,142210,1
34271.276,2,212013,2800,142070,1
34271.313,1,213049,1400,142070,1
34271.445,1,213131,2000,142500,1
34271.476,2,213049,1400,142070,1
34271.477,2,212146,2800,142860,-1
34271.521,1,213189,2800,142000,1
34271.524,1,213195,2800,142790,-1
34271.96,2,213189,2800,142000,1
34271.962,2,213195,2800,142790,-1
34272.0,1,213494,1400,142070,1
34272.002,1,213495,2800,142860,-1
34272.144,2,213494,1400,142070,1
34272.146,2,213495,2800,142860,-1
34272.185,1,213606,2800,142000,1
34272.188,1,213612,1400,142790,-1
34272.585,2,213612,1400,142790,-1
34272.626,1,213849,2800,142860,-1
34272.722,2,213849,2800,142860,-1
34272.77,1,213939,1400,142790,-1
34272.837,2,213606,2800,142000,1
34272.839,2,213939,1400,142790,-1
34272.878,1,214003,1400,142070,1
34272.88,1,214004,2800,142860,-1
34273.087,2,214003,1400,142070,1
34273.096,4,213131,400,142500,1
34273.119,4,213131,600,142500,1
34273.126,1,214145,2800,142000,1
34273.201,2,214145,2800,142000,1
34273.239,1,214238,1400,142070,1
34273.585,2,214238,1400,142070,1
34273.624,1,214453,2800,142000,1
34273.644,2,214453,2800,142000,1
34273.646,2,214004,2800,142860,-1
34273.682,1,214496,1400,142140,1
34273.685,1,214497,2800,142930,-1
34273.752,2,211507,600,143080,-1
34273.755,2,211206,600,142120,1
34273.758,1,214560,600,142220,1
34273.862,2,214496,1400,142140,1
34273.901,1,214676,2800,142000,1
34273.957,2,214560,600,142220,1
34273.965,2,214497,2800,142930,-1
34274.011,1,214764,1400,142790,-1
34274.108,4,213131,300,142500,1
34274.225,1,214901,300,142310,1
34274.268,1,214937,600,143080,-1
34274.423,2,214676,2800,142000,1
34274.426,2,214764,1400,142790,-1
34274.462,1,215081,2800,142210,1
34274.464,1,215083,2800,143000,-1
34274.523,2,215081,2800,142210,1
34274.563,1,215154,1400,142210,1
34274.614,2,214937,600,143080,-1
34274.728,4,213131,100,142500,1
34274.732,2,215154,1400,142210,1
34274.736,2,215083,2800,143000,-1
34274.772,1,215362,1400,142070,1
34274.774,1,215364,1400,142860,-1
34274.861,1,215441,600,143080,-1
34274.877,2,215362,1400,142070,1
34274.916,1,215481,2800,142070,1
34274.935,2,215441,600,143080,-1
34275.102,1,215599,100,95000,1
34275.2,2,215481,2800,142070,1
34275.203,2,215364,1400,142860,-1
34275.24,1,215690,1000,143000,-1
34275.246,1,215696,2800,142000,1
34275.247,1,215699,1400,142790,-1
34275.318,2,215599,100,95000,1
34275.384,2,212481,150,142400,1
34275.411,1,215792,600,142220,1
34275.413,2,215696,2800,142000,1
34275.416,2,215699,1400,142790,-1
34275.456,1,215833,1400,142140,1
34275.458,1,215835,2800,142930,-1
34275.544,2,215833,1400,142140,1
34275.581,2,215792,600,142220,1
34275.584,1,215928,1400,142070,1
34275.675,2,215928,1400,142070,1
34275.719,1,216035,2800,142070,1
34275.906,1,216184,3500,142300,1
34275.998,1,216248,600,143080,-1
34276.264,2,216035,2800,142070,1
34276.304,2,216248,600,143080,-1
34276.306,1,216484,2800,142140,1
34276.544,1,216663,600,142220,1
34277.116,1,217069,600,143180,-1
34277.158,2,163604,5,142000,1
34277.547,1,217362,5,142500,1
34277.711,2,216484,2800,142140,1
34277.713,2,215835,2800,142930,-1
34277.765,1,217528,2800,142070,1
34277.768,1,217531,1400,142860,-1
34277.838,2,217528,2800,142070,1
34277.84,2,217531,1400,142860,-1
34277.879,1,217610,1400,142140,1
34277.881,1,217612,2800,142930,-1
34277.959,2,217610,1400,142140,1
34277.983,2,216663,600,142220,1
34277.988,2,217069,600,143180,-1
34277.998,1,217702,2800,142070,1
34278.021,1,217726,600,143080,-1
34278.289,2,217726,600,143080,-1
34278.291,2,217702,2800,142070,1
34278.294,2,217612,2800,142930,-1
34278.329,1,217979,2800,142070,1
34278.333,1,217984,1400,142860,-1
34278.545,2,217984,1400,142860,-1
34278.588,1,218180,1400,142930,-1
34278.619,1,218193,600,142220,1
34278.671,2,217979,2800,142070,1
34278.709,1,218268,1400,142140,1
34279.149,1,218527,600,143180,-1
34279.177,2,218180,1400,142930,-1
34279.214,1,218561,2800,142930,-1
34279.491,2,218268,1400,142140,1
34279.527,1,218761,2800,142140,1
34279.734,2,218761,2800,142140,1
34279.736,2,218561,2800,142930,-1
34279.777,1,218918,2800,142070,1
34279.78,1,218921,2800,142860,-1
34279.816,2,218193,600,142220,1
34279.819,2,218527,600,143180,-1
34279.823,1,218945,600,142120,1
34280.206,4,209548,1300,142600,-1
34280.365,1,219255,600,143080,-1
34280.472,2,212542,600,142210,1
34280.484,1,219345,150,142500,1
34280.534,2,218918,2800,142070,1
34280.536,2,218921,2800,142860,-1
34280.579,1,219420,2800,142140,1
34280.581,1,219423,2800,142930,-1
34280.585,2,218945,600,142120,1
34280.588,2,219255,600,143080,-1
34280.603,1,219434,900,142310,1
34280.821,2,219434,900,142310,1
34280.992,1,219797,600,143180,-1
34281.23,1,219997,900,142410,1
34281.533,1,220192,600,142220,1
34281.674,1,220288,150,142500,1
34282.622,2,219420,2800,142140,1
34282.661,1,220957,2800,142070,1
34283.123,1,221372,2000,142100,1
34283.157,2,219423,2800,142930,-1
34283.197,1,221458,1400,142860,-1
34283.276,2,221458,1400,142860,-1
34283.36,1,221602,2800,142860,-1
34283.993,2,214901,300,142310,1
34284.49,5,221165,18,142700,-1
34284.602,2,220957,2800,142070,1
34284.604,2,221602,2800,142860,-1
34284.652,1,222698,2800,142000,1
34284.654,1,222701,1400,142790,-1
34284.69,2,220192,600,142220,1
34284.693,2,219797,600,143180,-1
34284.702,1,222759,600,143080,-1
34284.962,2,222701,1400,142790,-1
34284.973,2,222698,2800,142000,1
34285.004,2,222759,600,143080,-1
34285.007,1,223028,1400,142860,-1
34285.015,1,223039,2800,142070,1
34285.236,1,223218,50,142000,1
34285.262,1,223238,600,143180,-1
34285.8,2,223028,1400,142860,-1
34285.832,1,223689,600,142220,1
34285.841,1,223700,2800,142860,-1
34286.286,2,223700,2800,142860,-1
34286.329,1,223959,1400,142860,-1
34286.584,2,223959,1400,142860,-1
34286.622,1,224147,2800,142860,-1
34287.215,1,224533,800,140000,1
34287.32,2,223039,2800,142070,1
34287.361,1,224665,2800,142000,1
34287.405,2,219997,900,142410,1
34287.552,2,224147,2800,142860,-1
34287.573,2,223689,600,142220,1
34287.582,2,223238,600,143180,-1
34287.588,1,224803,2800,142790,-1
34287.623,1,224830,600,143080,-1
34287.624,1,224831,900,142510,1
34288.165,1,225170,600,142120,1
34290.898,2,224803,2800,142790,-1
34290.935,1,226834,1400,142790,-1
34291.094,5,226858,18,142600,1
34291.094,5,224839,7,142530,1
34291.587,1,227099,600,142790,-1
34291.651,2,226834,1400,142790,-1
34291.691,1,227147,2800,142790,-1
34291.777,2,224831,900,142510,1
34291.78,2,227099,600,142790,-1
34291.934,5,227223,800,142520,1
34292.082,1,227394,800,142690,-1
34292.137,1,227425,400,142310,1
34292.696,1,227687,1000,142590,-1
34293.395,1,228043,1000,142100,1
34293.532,2,225170,600,142120,1
34293.539,2,224830,600,143080,-1
34293.57,2,224665,2800,142000,1
34293.571,2,227147,2800,142790,-1
34293.607,1,228175,2800,141920,1
34293.608,1,228178,600,142980,-1
34293.61,1,228180,2800,142720,-1
34293.67,4,213131,600,142500,1
34293.67,4,217362,5,142500,1
34293.67,4,219345,95,142500,1
34294.144,1,228508,600,142020,1
34295.038,1,228986,2000,142200,1
34295.618,4,219345,55,142500,1
34295.618,4,220288,145,142500,1
34295.632,2,227425,400,142310,1
34295.634,2,227687,1000,142590,-1
34295.716,4,220288,5,142500,1
34295.774,1,229417,400,142210,1
34295.779,2,212476,1000,142210,1
34295.795,1,229428,1000,142310,1
34295.915,1,229484,800,142110,1
34296.372,2,229428,1000,142310,1
34296.498,1,229750,1000,142310,1
34296.541,1,229767,1000,142590,-1
34296.747,2,229750,1000,142310,1
34296.758,2,228175,2800,141920,1
34296.76,2,228180,2800,142720,-1
34296.766,5,229437,44,142360,1
34296.804,1,229934,2800,141850,1
34296.806,1,229939,2800,142650,-1
34296.828,2,228178,600,142980,-1
34296.831,2,228508,600,142020,1
34296.835,1,229962,600,142880,-1
34296.9,2,229934,2800,141850,1
34296.903,2,229939,2800,142650,-1
34296.942,1,230039,1400,141920,1
34296.945,1,230041,2800,142720,-1
34297.03,2,230039,1400,141920,1
34297.031,2,230041,2800,142720,-1
34297.072,1,230122,2800,141850,1
34297.073,1,230123,2800,142650,-1
34297.083,2,227394,800,142690,-1
34297.169,1,230190,1000,142310,1
34297.222,1,230230,800,142690,-1
34297.243,2,229417,400,142210,1
34297.43,1,230423,600,141920,1
34297.497,2,230190,1000,142310,1
34297.769,2,230423,600,141920,1
34297.773,2,229962,600,142880,-1
34297.882,1,230834,400,142210,1
34297.994,2,230230,800,142690,-1
34298.035,1,230939,600,142880,-1
34298.099,1,230998,800,142590,-1
34298.374,2,230939,600,142880,-1
34298.398,2,229767,1000,142590,-1
34298.607,1,231356,600,142780,-1
34298.679,1,231396,1000,142500,-1
34299.146,1,231751,600,141820,1
34299.346,2,209225,2400,142200,1
34299.349,1,231884,2400,142000,1
34299.532,5,231901,300,142350,1
34299.868,5,230525,393,142320,1
34299.868,4,216184,7,142300,1
34299.993,4,216184,700,142300,1
34300.037,2,221372,2000,142100,1
34300.05,2,231396,1000,142500,-1
34300.076,2,205339,1000,142790,-1
34300.139,1,232437,1000,142580,-1
34300.42,2,232437,1000,142580,-1
34300.448,4,216184,1300,142300,1
34300.498,1,232709,1000,142580,-1
34300.547,1,232741,1200,142100,1
34300.656,2,230998,800,142590,-1
34300.659,2,232709,1000,142580,-1
34300.704,1,232870,1000,142640,-1
34300.736,1,232908,500,142700,-1
34300.737,1,232910,800,142690,-1
34300.913,2,229484,800,142110,1
34301.129,2,232910,800,142690,-1
34301.271,1,233327,800,142110,1
34301.702,2,230122,2800,141850,1
34301.704,2,230123,2800,142650,-1
34301.743,1,233645,2800,141780,1
34301.744,1,233646,2800,142580,-1
34301.745,2,231751,600,141820,1
34301.748,2,231356,600,142780,-1
34301.762,1,233665,600,142680,-1
34301.821,1,233713,800,142590,-1
34301.823,2,232908,500,142700,-1
34301.83,1,233720,500,142600,-1
34301.979,2,233665,600,142680,-1
34302.163,2,233645,2800,141780,1
34302.2,1,233945,1400,141780,1
34302.318,1,234026,600,142780,-1
34302.429,2,233945,1400,141780,1
34302.466,1,234136,2800,141710,1
34302.496,2,234026,600,142780,-1
34302.628,2,233646,2800,142580,-1
34302.647,1,234237,1000,142490,-1
34302.666,1,234265,1400,142500,-1
34302.715,2,234136,2800,141710,1
34302.72,2,234265,1400,142500,-1
34302.758,1,234361,1400,141780,1
34302.761,1,234365,2800,142580,-1
34302.818,2,233720,500,142600,-1
34302.82,2,234237,1000,142490,-1
34302.826,1,234414,500,142500,-1
34302.865,1,234438,600,142680,-1
34302.876,2,234361,1400,141780,1
34302.913,1,234463,2800,141780,1
34303.197,1,234656,1000,142590,-1
34303.205,2,234438,600,142680,-1
34303.429,1,234812,600,142680,-1
34303.541,2,234463,2800,141780,1
34303.579,1,234882,1400,141780,1
34303.595,2,234882,1400,141780,1
34303.631,1,234908,2800,141780,1
34303.657,2,234656,1000,142590,-1
34303.898,2,234908,2800,141780,1
34303.937,1,235065,2800,141780,1
34303.974,1,235086,600,141720,1
34303.991,1,235094,1000,142490,-1
34304.294,2,235065,2800,141780,1
34304.33,1,235299,1400,141780,1
34304.401,2,235299,1400,141780,1
34304.439,1,235360,2800,141780,1
34304.926,2,235360,2800,141780,1
34304.928,2,234365,2800,142580,-1
34304.969,1,235704,2800,141710,1
34304.971,1,235708,2800,142500,-1
34305.407,2,235708,2800,142500,-1
34305.448,1,235932,2800,142580,-1
34305.922,5,236181,74,142350,1
34306.067,2,235704,2800,141710,1
34306.079,2,235086,600,141720,1
34306.081,2,234812,600,142680,-1
34306.108,1,236352,1400,141780,1
34306.177,2,236352,1400,141780,1
34306.191,1,236395,600,142680,-1
34306.214,1,236411,2800,141780,1
34306.273,2,233327,800,142110,1
34306.409,1,236526,800,142110,1
34306.416,2,223218,50,142000,1
34306.428,2,236395,600,142680,-1
34306.789,1,236807,600,142780,-1
34306.823,2,233713,800,142590,-1
34306.887,2,236526,800,142110,1
34306.957,1,236922,800,142590,-1
34307.333,1,237171,600,141820,1
34307.503,1,237258,800,142010,1
34307.883,2,230834,400,142210,1
34307.94,2,236411,2800,141780,1
34307.978,1,237559,2800,141780,1
34308.122,2,237171,600,141820,1
34308.124,2,236807,600,142780,-1
34308.197,1,237685,400,142210,1
34308.229,1,237704,600,142680,-1
34308.264,1,237721,150,142400,1
34308.362,2,234414,500,142500,-1
34308.378,4,237721,150,142400,1
34308.529,2,235094,1000,142490,-1
34308.549,2,237704,600,142680,-1
34308.747,1,238011,1000,142590,-1
34308.749,2,237685,400,142210,1
34308.769,1,238030,600,142780,-1
34309.148,5,237968,82,142350,1
34309.291,1,238312,400,142310,1
34309.324,1,238329,600,141820,1
34309.357,2,237559,2800,141780,1
34309.391,2,238329,600,141820,1
34309.393,2,238030,600,142780,-1
34309.396,1,238363,1400,141780,1
34309.868,1,238619,600,142780,-1
34310.02,2,238363,1400,141780,1
34310.022,2,235932,2800,142580,-1
34310.025,2,238619,600,142780,-1
34310.06,1,238724,2800,141710,1
34310.062,1,238727,2800,142500,-1
34310.094,4,238312,400,142310,1
34310.094,1,238744,718,142310,-1
34310.416,1,238976,600,142680,-1
34310.429,4,238744,300,142310,-1
34310.578,4,238744,418,142310,-1
34310.629,2,238011,1000,142590,-1
34310.798,2,232870,1000,142640,-1
34310.987,1,239410,600,141720,1
34311.026,1,239446,300,142210,1
34311.054,5,239196,1400,142400,-1
34311.057,5,239288,45,142350,1
34311.571,1,239806,1000,142490,-1
34311.578,5,238931,300,142470,-1
34311.578,4,239806,1000,142490,-1
34311.964,2,236922,800,142590,-1
34312.123,1,240129,1000,142590,-1
34312.139,2,239446,300,142210,1
34312.144,2,238727,2800,142500,-1
34312.178,2,239410,600,141720,1
34312.18,1,240168,2800,142650,-1
34312.181,2,238976,600,142680,-1
34312.213,1,240187,600,142780,-1
34312.219,1,240191,800,142590,-1
34312.411,2,238724,2800,141710,1
34312.449,1,240350,1400,141780,1
34312.503,2,237258,800,142010,1
34312.537,2,240129,1000,142590,-1
34312.637,1,240485,700,142410,1
34312.746,1,240566,600,141820,1
34312.754,1,240575,800,142010,1
34312.877,2,240350,1400,141780,1
34312.918,1,240697,2800,141710,1
34313.092,2,240697,2800,141710,1
34313.137,1,240841,1400,141780,1
34313.142,2,240841,1400,141780,1
34313.155,2,240168,2800,142650,-1
34313.179,1,240875,2800,141780,1
34313.19,1,240884,1000,142690,-1
34313.192,1,240886,1400,142580,-1
34313.246,2,240886,1400,142580,-1
34313.285,1,240938,2800,142580,-1
34313.427,2,240938,2800,142580,-1
34313.467,1,241036,1400,142580,-1
34313.593,2,240566,600,141820,1
34313.607,2,240875,2800,141780,1
34313.609,2,241036,1400,142580,-1
34313.61,2,240187,600,142780,-1
34313.628,1,241154,600,142880,-1
34313.649,1,241171,1400,141850,1
34313.656,1,241173,2800,142650,-1
34313.904,2,241171,1400,141850,1
34313.927,2,241154,600,142880,-1
34313.942,1,241335,2800,141780,1
34314.141,2,241335,2800,141780,1
34314.164,1,241460,600,141920,1
34314.179,1,241471,1400,141850,1
34314.306,1,241546,50,142200,1
34314.381,2,241471,1400,141850,1
34314.383,2,241173,2800,142650,-1
34314.418,1,241632,2800,141780,1
34314.42,1,241634,2800,142580,-1
34314.692,2,241634,2800,142580,-1
34314.735,1,241838,1400,142580,-1
34314.748,1,241847,600,142880,-1
34315.201,2,241632,2800,141780,1
34315.204,2,241838,1400,142580,-1
34315.239,1,242157,1400,141850,1
34315.246,1,242160,2800,142650,-1
34315.782,2,242157,1400,141850,1
34315.818,1,242532,2800,141780,1
34315.988,2,242160,2800,142650,-1
34316.026,1,242705,1400,142580,-1
34316.121,2,242705,1400,142580,-1
34316.193,1,242815,2800,142580,-1
34317.224,2,240191,800,142590,-1
34317.348,1,243496,800,142590,-1
34317.754,2,240575,800,142010,1
34318.003,1,243858,800,142010,1
34318.44,1,244077,100,95000,1
34318.64,2,244077,100,95000,1
34318.784,5,243473,72,142450,1
34319.04,2,242815,2800,142580,-1
34319.081,1,244405,1400,142580,-1
34319.502,2,244405,1400,142580,-1
34319.544,1,244663,2800,142650,-1
34319.895,1,244841,600,142400,1
34320.097,2,244663,2800,142650,-1
34320.142,1,244994,1400,142580,-1
34320.339,2,244994,1400,142580,-1
34320.376,1,245174,2800,142650,-1
34320.69,2,242532,2800,141780,1
34320.799,1,245436,1400,141850,1
34321.545,2,245436,1400,141850,1
34321.583,1,245847,2800,141850,1
34321.737,2,241460,600,141920,1
34321.85,2,241847,600,142880,-1
34321.853,1,246015,600,142980,-1
34321.899,2,245174,2800,142650,-1
34321.938,1,246059,1400,142650,-1
34322.057,2,243496,800,142590,-1
34322.161,1,246229,800,142490,-1
34322.204,2,245847,2800,141850,1
34322.206,2,246059,1400,142650,-1
34322.25,1,246303,2800,141920,1
34322.252,1,246304,2800,142720,-1
34322.379,5,246183,71,142430,1
34322.384,2,246303,2800,141920,1
34322.385,2,246304,2800,142720,-1
34322.423,1,246434,2800,141780,1
34322.425,1,246435,2800,142580,-1
34322.426,1,246438,600,142020,1
34322.431,2,246015,600,142980,-1
34322.596,2,246435,2800,142580,-1
34322.632,2,246438,600,142020,1
34322.633,2,240485,700,142410,1
34322.635,1,246576,1400,142580,-1
34322.712,2,243858,800,142010,1
34322.715,2,246229,800,142490,-1
34322.773,1,246666,600,142410,1
34322.818,1,246697,800,142210,1
34322.927,2,246434,2800,141780,1
34322.929,2,246576,1400,142580,-1
34322.967,1,246815,1400,141920,1
34322.972,1,246821,2800,142720,-1
34322.981,2,246697,800,142210,1
34323.008,1,246843,600,142980,-1
34323.194,2,240884,1000,142690,-1
34323.236,2,246815,1400,141920,1
34323.238,2,246821,2800,142720,-1
34323.261,2,246843,600,142980,-1
34323.279,1,247058,1400,141850,1
34323.282,1,247063,1400,142650,-1
34323.293,1,247075,1000,142990,-1
34323.345,2,247058,1400,141850,1
34323.366,1,247137,800,142310,1
34323.389,1,247162,2800,141780,1
34323.465,1,247224,1000,142690,-1
34323.493,2,247162,2800,141780,1
34323.496,2,247063,1400,142650,-1
34323.547,1,247289,2800,141850,1
34323.549,1,247290,2800,142650,-1
34323.554,1,247296,600,142980,-1
34323.644,2,244841,600,142400,1
34323.912,1,247552,800,142690,-1
34323.989,1,247606,200,132300,1
34324.095,1,247666,600,142020,1
34324.165,2,247137,800,142310,1
34324.47,1,247940,800,142210,1
34324.803,1,248187,3500,142520,1
34325.095,4,248187,418,142520,1
34325.114,4,248187,2000,142520,1
34325.506,2,247289,2800,141850,1
34325.506,4,248187,500,142520,1
34325.508,2,247290,2800,142650,-1
34325.629,1,248752,2800,141920,1
34325.632,1,248757,2800,142720,-1
34325.766,2,247296,600,142980,-1
34325.771,1,248846,600,143080,-1
34325.775,2,247666,600,142020,1
34326.005,4,248187,500,142520,1
34326.047,4,248187,82,142520,1
34326.325,1,249170,600,142120,1
34326.87,2,247940,800,142210,1
34326.882,2,249170,600,142120,1
34326.883,2,248846,600,143080,-1
34326.972,1,249508,800,142310,1
34326.987,1,249519,600,142980,-1
34327.118,2,232741,1200,142100,1
34327.564,1,249845,600,142020,1
34328.291,1,250194,1000,142410,1
34328.435,2,248757,2800,142720,-1
34328.478,1,250288,1400,142720,-1
34328.914,2,247552,800,142690,-1
34329.06,1,250622,800,142690,-1
34329.247,2,248752,2800,141920,1
34329.249,2,250288,1400,142720,-1
34329.249,2,249845,600,142020,1
34329.252,2,249519,600,142980,-1
34329.296,1,250766,2800,142000,1
34329.297,1,250767,2800,142790,-1
34329.363,1,250818,600,142120,1
34329.925,1,251097,600,143080,-1
34329.957,2,246666,600,142410,1
34330.175,1,251224,1000,142410,1
34330.287,1,251279,500,142510,1
34330.474,5,249836,229,142530,1
34330.474,5,250744,150,142520,1
34330.474,4,251279,421,142510,1
34330.699,2,247224,1000,142690,-1
34331.582,1,251817,2000,143900,-1
34331.973,2,249508,800,142310,1
34332.113,1,252061,800,142310,1
34332.275,2,250766,2800,142000,1
34332.313,1,252148,1400,142000,1
34332.51,1,252231,150,142500,1
34332.797,2,252148,1400,142000,1
34332.848,1,252404,2800,141920,1
34332.905,2,250818,600,142120,1
34332.908,2,251097,600,143080,-1
34332.978,1,252449,600,142980,-1
34333.09,4,251279,79,142510,1
34333.09,5,252274,100,142510,1
34333.09,4,252231,21,142500,1
34333.094,4,252231,98,142500,1
34333.421,2,250767,2800,142790,-1
34333.427,2,252449,600,142980,-1
34333.461,1,252653,1400,142720,-1
34333.484,2,252653,1400,142720,-1
34333.493,1,252668,600,143080,-1
34333.522,1,252679,2800,142720,-1
34334.051,1,252887,600,142120,1
34334.064,2,250622,800,142690,-1
34334.31,1,253006,800,142690,-1
34334.818,1,253218,300,142510,1
34334.935,2,252404,2800,141920,1
34334.937,2,252679,2800,142720,-1
34334.977,1,253299,1400,142000,1
34334.979,1,253300,2800,142790,-1
34334.986,2,253299,1400,142000,1
34334.996,2,252887,600,142120,1
34334.998,2,252668,600,143080,-1
34335.026,1,253330,2800,141920,1
34335.054,1,253342,600,142980,-1
34335.132,2,253342,600,142980,-1
34335.368,1,253477,1000,142790,-1
34335.385,2,253300,2800,142790,-1
34335.429,1,253520,2800,142720,-1
34335.6,1,253616,600,143080,-1
34335.614,1,253624,400,142520,1
34336.19,1,253902,600,142120,1
34336.192,2,253006,800,142690,-1
34337.115,2,252061,800,142310,1
34337.252,1,254293,800,142410,1
34337.52,2,252231,31,142500,1
34337.701,1,254516,31,142600,1
34337.886,1,254608,1000,144000,-1
34338.096,2,253330,2800,141920,1
34338.133,1,254755,1400,141920,1
34338.293,2,253218,300,142510,1
34338.704,1,255073,600,142610,1
34339.035,2,253477,1000,142790,-1
34339.218,1,255348,1000,142890,-1
34339.23,1,255356,3000,142900,-1
34339.246,1,255360,2000,142500,1
34340.204,2,254755,1400,141920,1
34340.241,1,255822,2800,141920,1
34340.565,2,253520,2800,142720,-1
34340.605,1,256005,2800,142790,-1
34340.808,5,256019,31,142740,-1
34340.92,2,255822,2800,141920,1
34340.928,2,253902,600,142120,1
34340.934,2,253616,600,143080,-1
34340.961,1,256216,1400,142000,1
34340.964,1,256220,600,143180,-1
34341.034,2,256216,1400,142000,1
34341.035,2,256005,2800,142790,-1
34341.088,1,256335,2800,141920,1
34341.089,1,256336,1400,142720,-1
34341.232,2,256335,2800,141920,1
34341.233,2,256336,1400,142720,-1
34341.281,1,256444,2800,141920,1
34341.282,1,256445,1400,142720,-1
34341.503,1,256554,600,142220,1
34341.702,2,228986,2000,142200,1
34341.719,1,256698,400,142620,1
34342.254,2,254293,800,142410,1
34342.48,2,253624,400,142520,1
34343.141,2,256445,1400,142720,-1
34343.183,1,257525,2800,142790,-1
34343.189,2,256554,600,142220,1
34343.192,2,256220,600,143180,-1
34343.194,2,256444,2800,141920,1
34343.195,1,257529,600,143080,-1
34343.237,1,257556,1400,142000,1
34343.249,1,257562,1000,142620,1
34343.287,2,257529,600,143080,-1
34343.426,2,257556,1400,142000,1
34343.465,1,257661,2800,141920,1
34343.532,2,257661,2800,141920,1
34343.569,1,257707,1400,142000,1
34343.782,1,257842,600,143180,-1
34343.879,5,257530,40,142740,-1
34343.919,2,257707,1400,142000,1
34343.956,1,257925,2800,142000,1
34344.332,1,258148,600,142220,1
34344.668,2,216184,1493,142300,1
34345.676,1,258846,800,142510,1
34346.499,2,257525,2800,142790,-1
34346.538,1,259336,1400,142790,-1
34346.583,2,257925,2800,142000,1
34346.584,2,259336,1400,142790,-1
34346.62,1,259402,1400,142070,1
34346.621,1,259404,2800,142860,-1
34346.676,2,259402,1400,142070,1
34346.715,1,259484,2800,142070,1
34346.91,2,258148,600,142220,1
34346.911,2,257842,600,143180,-1
34347.02,1,259702,600,143280,-1
34347.363,2,256698,400,142620,1
34347.564,1,260041,600,142320,1
34347.72,2,255073,600,142610,1
34347.792,1,260216,600,142710,1
34348.224,2,255348,1000,142890,-1
34348.863,5,259407,73,142810,-1
34348.957,2,254516,31,142600,1
34349.049,1,260976,31,142800,1
34349.637,2,247075,1000,142990,-1
34350.043,5,261374,84,142840,-1
34350.089,1,261631,10000,142400,1
34350.432,2,204870,1600,143200,-1
34350.44,1,261797,2400,143900,-1
34350.567,2,259484,2800,142070,1
34350.604,1,261891,1400,142070,1
34350.654,4,259404,1100,142860,-1
34350.675,2,258846,800,142510,1
34350.742,1,261968,1000,142990,-1
34350.818,1,262020,800,142510,1
34350.839,2,261891,1400,142070,1
34350.841,2,259404,1700,142860,-1
34350.844,2,260041,600,142320,1
34350.847,5,255394,400,142880,-1
34350.849,2,259702,600,143280,-1
34350.898,1,262061,600,143180,-1
34350.912,1,262072,2800,142000,1
34350.914,4,260976,31,142800,1
34350.914,1,262075,1669,142790,-1
34351.138,4,262075,1000,142790,-1
34351.198,4,262075,300,142790,-1
34351.444,1,262381,600,142220,1
34351.499,4,262075,369,142790,-1
34351.596,2,262072,2800,142000,1
34351.675,1,262511,2800,142350,1
34351.678,1,262513,2800,142970,-1
34352.444,2,262020,800,142510,1
34352.564,1,262977,800,142610,1
34352.768,5,262552,401,142850,-1
34352.768,5,259442,599,142880,-1
34353.207,2,262511,2800,142350,1
34353.245,1,263337,1400,142350,1
34353.917,2,263337,1400,142350,1
34353.956,1,263708,2800,142350,1
34353.971,5,261948,300,142740,1
34353.971,4,260216,200,142710,1
34353.986,5,263575,300,142870,-1
34353.986,5,259442,700,142880,-1
34354.333,2,263708,2800,142350,1
34354.372,1,263882,1400,142350,1
34354.62,2,263882,1400,142350,1
34354.657,1,264009,1400,142350,1
34354.704,2,264009,1400,142350,1
34354.715,2,262513,2800,142970,-1
34354.752,1,264078,1400,142350,1
34354.754,1,264081,2800,142970,-1
34354.813,2,264078,1400,142350,1
34354.85,1,264142,2800,142350,1
34355.391,5,259442,601,142880,-1
34355.391,5,262434,399,142880,-1
34355.92,2,264142,2800,142350,1
34355.921,2,264081,2800,142970,-1
34355.961,1,264699,2800,142420,1
34355.963,1,264702,2800,143040,-1
34355.976,2,262381,600,142220,1
34355.978,2,262061,600,143180,-1
34355.982,1,264714,600,143280,-1
34356.017,2,264699,2800,142420,1
34356.056,1,264764,1400,142420,1
34356.112,5,262434,717,142880,-1
34356.112,5,262437,283,142890,-1
34356.418,2,264764,1400,142420,1
34356.42,2,264702,2800,143040,-1
34356.455,1,264973,2800,142350,1
34356.456,1,264974,1400,142970,-1
34356.52,1,264995,600,142320,1
34357.002,2,264973,2800,142350,1
34357.004,2,264974,1400,142970,-1
34357.043,1,265253,2800,142420,1
34357.045,1,265256,2800,143040,-1
34357.12,2,265253,2800,142420,1
34357.161,1,265324,1400,142420,1
34357.564,2,262977,800,142610,1
34357.638,2,265324,1400,142420,1
34357.675,1,265556,2800,142420,1
34357.707,1,265577,800,142610,1
34357.757,2,250194,1000,142410,1
34357.768,2,251224,1000,142410,1
34357.794,2,260216,400,142710,1
34357.945,1,265689,400,142710,1
34358.598,1,265999,150,142800,1
34358.701,2,265556,2800,142420,1
34358.702,2,265256,2800,143040,-1
34358.738,2,264995,600,142320,1
34358.74,2,264714,600,143280,-1
34358.743,1,266069,600,143180,-1
34358.755,4,265999,150,142800,1
34358.826,1,266126,2800,142350,1
34358.828,1,266127,2800,142970,-1
34359.301,1,266408,600,142220,1
34359.338,2,255360,2000,142500,1
34360.746,2,261968,1000,142990,-1
34360.836,1,267238,1000,142990,-1
34361.283,1,267455,200,142990,-1
34361.821,1,267744,200,142510,1
34362.046,1,267862,74,134900,1
34362.071,1,267881,100,95300,1
34362.146,1,267912,75,132200,1
34362.27,2,267881,100,95300,1
34362.389,2,266127,2800,142970,-1
34362.4,2,266408,600,142220,1
34362.404,2,266069,600,143180,-1
34362.427,1,268089,1400,142970,-1
34362.488,1,268134,600,143280,-1
34362.498,2,267744,200,142510,1
34362.502,2,267455,200,142990,-1
34362.515,1,268147,200,143090,-1
34362.705,2,265577,800,142610,1
34362.846,1,268323,800,142610,1
34362.916,2,267238,1000,142990,-1
34363.032,1,268441,600,142320,1
34363.063,2,266126,2800,142350,1
34363.064,2,268089,1400,142970,-1
34363.106,1,268502,1400,142420,1
34363.108,1,268505,2800,143040,-1
34363.171,1,268548,1000,142990,-1
34363.195,1,268562,200,142610,1
34363.352,2,268548,1000,142990,-1
34363.534,2,268562,200,142610,1
34363.538,2,268147,200,143090,-1
34363.597,2,268502,1400,142420,1
34363.6,2,268505,2800,143040,-1
34363.636,1,268840,2800,142350,1
34363.639,1,268845,1400,142970,-1
34363.744,1,268913,1000,142890,-1
34363.796,1,268956,200,142990,-1
34364.257,2,268840,2800,142350,1
34364.294,1,269176,1400,142350,1
34364.342,2,268441,600,142320,1
34364.344,2,268134,600,143280,-1
34364.356,2,265689,400,142710,1
34364.361,1,269219,200,142510,1
34364.439,1,269261,600,143180,-1
34364.514,1,269296,200,142610,1
34364.571,2,269296,200,142610,1
34364.584,2,269176,1400,142350,1
34364.594,2,268845,1400,142970,-1
34364.621,1,269352,2800,142350,1
34364.633,1,269362,2800,142970,-1
34364.679,2,269352,2800,142350,1
34364.681,2,269362,2800,142970,-1
34364.723,2,269261,600,143180,-1
34364.723,1,269421,2800,142420,1
34364.725,1,269425,2800,143040,-1
34364.991,1,269579,600,143280,-1
34365.07,1,269626,400,142710,1
34365.115,1,269648,200,142700,1
34365.145,2,269421,2800,142420,1
34365.184,1,269675,1400,142420,1
34365.313,2,269579,600,143280,-1
34365.42,2,257562,1000,142620,1
34365.533,1,269859,600,143180,-1
34366.043,2,269675,1400,142420,1
34366.044,2,269425,2800,143040,-1
34366.082,1,270132,2800,142350,1
34366.085,1,270137,1400,142970,-1
34366.093,1,270145,600,142220,1
34366.172,2,270137,1400,142970,-1
34366.186,5,268936,310,142880,-1
34366.186,4,268913,1000,142890,-1
34366.186,5,269593,690,142890,-1
34366.218,1,270230,2800,142970,-1
34366.413,1,270335,1000,142990,-1
34366.783,2,269626,400,142710,1
34366.786,2,270335,1000,142990,-1
34366.977,1,270624,500,142810,1
34367.527,1,270857,1000,143090,-1
34367.845,2,268323,800,142610,1
34367.986,1,271066,800,142610,1
34368.313,4,270624,500,142810,1
34368.401,2,270857,1000,143090,-1
34368.882,2,270132,2800,142350,1
34368.887,2,270230,2800,142970,-1
34368.967,1,271542,2800,142280,1
34368.968,1,271543,1400,142900,-1
34369.539,2,271543,1400,142900,-1
34369.578,1,271801,2800,142900,-1
34369.596,2,271801,2800,142900,-1
34369.637,1,271835,1400,142900,-1
34370.013,1,272014,200,142710,1
34370.318,2,271542,2800,142280,1
34370.32,2,271835,1400,142900,-1
34370.384,1,272185,2800,142350,1
34370.386,1,272186,2800,142970,-1
34370.555,1,272310,1000,142990,-1
34372.752,2,272185,2800,142350,1
34372.789,1,273197,1400,142350,1
34372.986,2,271066,800,142610,1
34373.125,1,273357,800,142610,1
34373.594,2,273197,1400,142350,1
34373.658,1,273547,2800,142350,1
34373.795,2,268956,200,142990,-1
34374.001,1,273697,200,142990,-1
34374.366,2,269219,200,142510,1
34374.531,1,273900,200,142510,1
34374.539,4,255356,88,142900,-1
34375.113,2,272014,200,142710,1
34375.116,2,272310,1000,142990,-1
34375.334,1,274249,200,142810,1
34375.535,2,269859,600,143180,-1
34375.723,1,274392,600,143180,-1
34375.901,1,274474,1000,143090,-1
34375.922,1,274484,400,144000,-1
34376.096,2,270145,600,142220,1
34376.275,1,274654,600,142220,1
34376.362,2,273900,200,142510,1
34376.364,2,273697,200,142990,-1
34376.473,1,274742,200,143090,-1
34377.025,1,274946,200,142610,1
34378.125,2,273357,800,142610,1
34378.276,1,275435,800,142610,1
34380.963,2,273547,2800,142350,1
34381.0,1,276540,1400,142350,1
34381.496,2,276540,1400,142350,1
34381.535,1,276778,2800,142350,1
34381.784,2,276778,2800,142350,1
34381.786,2,272186,2800,142970,-1
34381.832,1,276957,2800,142280,1
34381.835,1,276960,1400,142900,-1
34382.717,1,277435,400,142800,1
34383.276,2,275435,800,142610,1
34383.276,2,228043,1000,142100,1
34383.294,2,269648,200,142700,1
34383.421,1,277759,1000,142100,1
34383.525,1,277807,800,142610,1
34383.844,2,276960,1400,142900,-1
34383.86,2,277807,800,142610,1
34383.871,2,274654,600,142220,1
34383.873,2,274392,600,143180,-1
34383.883,1,277976,1400,142900,-1
34383.955,1,278022,600,143280,-1
34384.183,2,278022,600,143280,-1
34384.393,1,278217,800,142710,1
34384.454,5,277681,100,142870,-1
34384.454,4,255356,1100,142900,-1
34384.487,1,278268,600,143180,-1
34384.597,4,255356,150,142900,-1
34384.6,2,276957,2800,142280,1
34384.601,2,277976,1400,142900,-1
34384.655,1,278380,2800,142350,1
34384.656,1,278381,2800,142970,-1
34384.739,2,278268,600,143180,-1
34384.952,4,255356,1662,142900,-1
34384.952,1,278512,8338,142900,1
34385.065,1,278581,600,143280,-1
34385.335,2,274249,200,142810,1
34385.507,5,278527,1200,142920,1
34385.507,4,278512,2800,142900,1
34385.515,1,278882,200,142810,1
34385.648,1,278993,2600,144700,-1
34385.649,2,278381,2800,142970,-1
34385.654,1,278998,600,142320,1
34385.689,1,279016,1400,142970,-1
34385.906,2,274474,1000,143090,-1
34386.098,1,279279,1000,143090,-1
34386.477,2,274742,200,143090,-1
34386.481,2,274946,200,142610,1
34386.722,2,241546,50,142200,1
34386.773,2,279016,1400,142970,-1
34386.817,1,279647,2800,143040,-1
34386.874,2,278380,2800,142350,1
34386.896,1,279681,200,142710,1
34386.912,1,279700,1400,142420,1
34387.016,2,279700,1400,142420,1
34387.055,1,279815,2800,142350,1
34387.359,2,279815,2800,142350,1
34387.4,1,280029,1400,142420,1
34387.471,2,280029,1400,142420,1
34387.473,1,280067,200,143190,-1
34387.509,1,280094,2800,142420,1
34387.628,2,278998,600,142320,1
34387.632,2,278581,600,143280,-1
34387.773,1,280272,600,143380,-1
34387.922,2,280094,2800,142420,1
34387.941,2,279681,200,142710,1
34387.944,2,280067,200,143190,-1
34387.96,1,280378,1400,142420,1
34387.971,1,280389,200,143090,-1
34388.313,1,280582,600,142420,1
34388.349,2,280378,1400,142420,1
34388.351,2,279647,2800,143040,-1
34388.363,2,280272,600,143380,-1
34388.389,2,280582,600,142420,1
34388.394,1,280623,2800,142350,1
34388.396,1,280627,1400,142970,-1
34388.525,1,280721,200,142610,1
34388.88,1,280965,600,143280,-1
34388.899,2,277759,1000,142100,1
34389.269,2,280627,1400,142970,-1
34389.314,1,281232,2800,142970,-1
34389.395,2,278217,800,142710,1
34389.427,1,281282,600,142320,1
34389.533,1,281336,800,142710,1
34389.679,2,280623,2800,142350,1
34389.681,2,281232,2800,142970,-1
34389.721,1,281476,2800,142420,1
34389.722,1,281479,2800,143040,-1
34389.728,2,281282,600,142320,1
34389.729,2,280965,600,143280,-1
34389.997,1,281631,600,143380,-1
34390.412,5,281460,10,142980,-1
34390.539,1,281932,600,142420,1
34391.073,2,278882,200,142810,1
34391.078,2,279279,1000,143090,-1
34391.139,2,280389,200,143090,-1
34391.144,1,282271,200,143190,-1
34391.146,2,280721,200,142610,1
34391.179,1,282286,200,142910,1
34391.66,1,282570,200,142710,1
34391.763,1,282637,1000,143190,-1
34392.004,4,282286,200,142910,1
34392.004,5,281523,1500,142910,1
34392.004,4,278512,3800,142900,1
34392.265,5,281460,300,142980,-1
34392.343,1,282914,200,142910,1
34393.323,4,282914,200,142910,1
34393.323,4,278512,1400,142900,1
34393.417,2,282637,1000,143190,-1
34393.444,1,283459,1000,142410,1
34394.235,4,278512,338,142900,1
34394.458,2,281479,2800,143040,-1
34394.498,1,284021,1400,143040,-1
34394.525,2,281476,2800,142420,1
34394.528,2,284021,1400,143040,-1
34394.536,2,281336,800,142710,1
34394.569,1,284084,2800,142500,1
34394.571,1,284086,2800,143110,-1
34394.684,1,284182,800,142710,1
34395.543,2,284084,2800,142500,1
34395.581,1,284712,1400,142500,1
34395.723,5,284567,300,142900,1
34395.853,2,284712,1400,142500,1
34395.853,2,284086,2800,143110,-1
34395.862,2,283459,1000,142410,1
34395.892,1,284950,2800,142420,1
34395.894,1,284952,1400,143040,-1
34395.937,2,284952,1400,143040,-1
34395.947,2,281932,600,142420,1
34395.95,2,281631,600,143380,-1
34395.98,1,285002,2800,143110,-1
34395.995,1,285016,600,143280,-1
34396.018,2,285002,2800,143110,-1
34396.052,2,282570,200,142710,1
34396.058,2,282271,200,143190,-1
34396.064,1,285060,1400,143040,-1
34396.313,2,285060,1400,143040,-1
34396.355,1,285238,2800,143040,-1
34396.495,1,285318,200,143090,-1
34396.552,1,285353,600,142320,1
34396.931,2,277435,400,142800,1
34397.057,1,285633,200,142610,1
34397.064,5,284567,400,142900,1
34397.105,1,285663,200,142900,1
34397.122,4,285663,200,142900,1
34397.122,5,285464,700,142900,1
34397.347,2,285633,200,142610,1
34397.348,2,285318,200,143090,-1
34397.384,1,285787,400,142900,1
34397.387,1,285791,50,142400,1
34397.465,4,285787,400,142900,1
34397.465,5,285790,600,142900,1
34397.472,1,285862,400,142900,1
34397.494,4,285862,400,142900,1
34397.494,5,285790,600,142900,1
34397.501,1,285891,400,142900,1
34397.549,4,285891,400,142900,1
34397.549,5,285790,600,142900,1
34397.555,1,285935,400,142900,1
34397.573,1,285950,200,142710,1
34397.584,4,285935,400,142900,1
34397.584,5,285790,600,142900,1
34397.592,1,285963,400,142900,1
34397.627,4,285963,400,142900,1
34397.627,5,285790,600,142900,1
34398.123,1,286268,200,143190,-1
34398.212,1,286333,200,142900,-1
34398.273,2,286333,200,142900,-1
34398.935,2,261797,2400,143900,-1
34398.937,2,231884,2400,142000,1
34398.972,2,286268,200,143190,-1
34398.975,1,286792,200,143090,-1
34399.098,2,286792,200,143090,-1
34399.274,2,285950,200,142710,1
34399.418,1,287003,200,143090,-1
34399.685,2,284182,800,142710,1
34399.808,1,287174,1000,142430,1
34399.813,1,287175,800,142710,1
34399.831,1,287187,500,142500,1
34399.937,2,285238,2800,143040,-1
34399.939,2,287187,500,142500,1
34399.947,1,287222,500,142700,1
34399.974,1,287243,200,142610,1
34399.975,1,287245,1400,143040,-1
34400.066,2,287243,200,142610,1
34400.069,2,287003,200,143090,-1
34400.088,2,284950,2800,142420,1
34400.09,2,287245,1400,143040,-1
34400.159,1,287372,2800,142500,1
34400.161,1,287374,2800,143110,-1
34400.252,2,287372,2800,142500,1
34400.331,1,287523,1400,142500,1
34400.487,2,287523,1400,142500,1
34400.507,1,287692,200,142710,1
34400.528,1,287710,2800,142500,1
34400.685,1,287860,2400,143900,-1
34400.687,1,287862,2400,142400,1
34401.113,1,288206,200,143190,-1
34401.906,2,261631,10000,142400,1
34402.461,1,288943,10000,142800,1
34404.638,2,287710,2800,142500,1
34404.678,1,290222,1400,142500,1
34404.817,2,287175,800,142710,1
34404.954,1,290364,800,142710,1
34405.105,2,290222,1400,142500,1
34405.107,2,287374,2800,143110,-1
34405.143,2,287692,200,142710,1
34405.146,1,290462,2800,142420,1
34405.148,2,288206,200,143190,-1
34405.149,1,290464,2800,143040,-1
34405.212,1,290524,200,143090,-1
34405.586,1,290779,200,142900,-1
34405.61,1,290802,2000,145000,-1
34405.765,1,290900,200,142610,1
34405.997,2,285016,600,143280,-1
34406.014,1,291017,100,95300,1
34406.113,1,291064,600,143280,-1
34406.211,2,291017,100,95300,1
34406.556,2,285353,600,142320,1
34406.673,1,291367,600,142320,1
34407.812,1,292007,1000,142830,1
34408.147,1,292165,1000,142410,1
34408.293,2,290464,2800,143040,-1
34408.334,1,292264,2800,143110,-1
34408.353,5,292028,245,142870,1
34408.71,2,292165,1000,142410,1
34408.818,5,292028,500,142870,1
34408.885,2,290462,2800,142420,1
34408.937,1,292653,2800,142500,1
34408.972,4,290779,100,142900,-1
34409.063,2,290900,200,142610,1
34409.066,2,290524,200,143090,-1
34409.101,2,290779,100,142900,-1
34409.272,1,292885,200,142710,1
34409.404,1,292966,1000,142800,1
34409.839,1,293198,200,143190,-1
34409.956,2,290364,800,142710,1
34410.095,1,293350,800,142710,1
34410.539,1,293577,150,142800,1
34410.647,1,293649,1000,143090,-1
34410.847,1,293768,500,142800,1
34411.32,1,294052,1000,142410,1
34411.663,5,293347,100,142920,1
34412.233,2,96880,10,139200,1
34412.236,2,96881,2490,139200,1
34412.304,1,294547,5000,143000,-1
34412.835,2,293350,800,142710,1
34412.939,1,294890,800,142810,1
34413.007,2,294890,800,142810,1
34413.337,2,291367,600,142320,1
34413.339,2,291064,600,143280,-1
34413.443,1,295176,600,143380,-1
34413.488,1,295199,800,142710,1
34413.945,2,157737,100,143000,-1
34413.986,1,295524,600,142420,1
34414.847,2,287222,500,142700,1
34414.855,1,295997,500,142800,1
34415.512,2,292653,2800,142500,1
34415.549,1,296357,1400,142500,1
34415.697,2,296357,1400,142500,1
34415.737,1,296461,2800,142500,1
34415.848,2,296461,2800,142500,1
34415.887,1,296534,1400,142500,1
34415.894,2,296534,1400,142500,1
34415.936,1,296565,2800,142500,1
34416.251,2,296565,2800,142500,1
34416.253,2,292264,2800,143110,-1
34416.293,1,296746,2800,142420,1
34416.294,1,296748,1400,143040,-1
34416.343,2,296746,2800,142420,1
34416.344,2,296748,1400,143040,-1
34416.384,1,296819,2800,142500,1
34416.386,1,296822,2800,143110,-1
34416.914,2,293577,150,142800,1
34417.346,2,296819,2800,142500,1
34417.383,1,297346,1400,142500,1
34418.311,2,297346,1400,142500,1
34418.327,2,296822,2800,143110,-1
34418.354,1,297806,2800,142420,1
34418.369,1,297822,1400,143040,-1
34418.487,2,295199,800,142710,1
34418.519,2,297806,2800,142420,1
34418.521,2,297822,1400,143040,-1
34418.564,1,297960,1400,142500,1
34418.567,1,297964,2800,143110,-1
34418.626,1,297996,800,142710,1
34418.84,2,297960,1400,142500,1
34418.843,2,297964,2800,143110,-1
34418.886,1,298150,2800,142420,1
34418.888,1,298152,1400,143040,-1
34418.932,2,298152,1400,143040,-1
34418.976,1,298225,2800,143040,-1
34419.277,2,292885,200,142710,1
34419.559,2,295997,500,142800,1
34419.78,2,298225,2800,143040,-1
34419.782,1,298699,200,142710,1
34419.823,1,298722,1400,143040,-1
34419.836,2,293198,200,143190,-1
34420.346,1,298972,200,143190,-1
34420.358,1,298975,150,142800,1
34420.647,2,293649,1000,143090,-1
34420.976,1,299268,1000,143090,-1
34421.038,2,297996,800,142710,1
34421.069,2,298722,1400,143040,-1
34421.106,1,299330,2800,143040,-1
34421.143,1,299349,800,142810,1
34421.326,2,294052,1000,142410,1
34421.523,1,299515,1000,142410,1
34422.074,2,299330,2800,143040,-1
34422.112,1,299771,1400,143040,-1
34422.634,2,298150,2800,142420,1
34422.636,2,299771,1400,143040,-1
34422.673,1,300050,1400,142500,1
34422.674,1,300052,2800,143110,-1
34422.699,5,299272,500,142900,-1
34422.83,5,299272,500,142900,-1
34422.832,2,300050,1400,142500,1
34422.87,1,300154,2800,142500,1
34423.045,1,300257,940,143000,-1
34423.237,2,292007,1000,142830,1
34423.448,2,295176,600,143380,-1
34423.611,1,300560,600,143380,-1
34423.896,2,298699,200,142710,1
34423.899,2,298972,200,143190,-1
34423.987,2,295524,600,142420,1
34424.007,1,300752,200,143090,-1
34424.165,1,300821,600,142420,1
34424.6,1,301008,200,142610,1
34425.367,2,300821,600,142420,1
34425.371,2,300560,600,143380,-1
34425.47,1,301362,600,143280,-1
34425.938,2,301362,600,143280,-1
34426.05,1,301680,600,142420,1
34426.147,2,299349,800,142810,1
34426.281,1,301802,800,142810,1
34426.385,2,300154,2800,142500,1
34426.387,2,300052,2800,143110,-1
34426.424,1,301897,2800,142570,1
34426.425,1,301898,2800,143180,-1
34426.553,2,300752,200,143090,-1
34426.56,1,301997,1000,142900,1
34426.566,2,301008,200,142610,1
34426.6,1,302028,600,143380,-1
34426.981,1,302257,200,142710,1
34427.625,5,301921,300,142930,1
34427.625,4,301997,1000,142900,1
34427.641,1,302624,200,143190,-1
34428.991,2,91202,3400,147500,-1
34429.016,2,302257,200,142710,1
34429.019,2,302624,200,143190,-1
34429.27,1,303624,200,142810,1
34429.37,2,301680,600,142420,1
34429.373,2,302028,600,143380,-1
34429.47,1,303719,600,142420,1
34429.688,2,303719,600,142420,1
34429.886,1,303911,200,143290,-1
34430.048,1,303986,600,142420,1
34430.105,2,303986,600,142420,1
34430.596,1,304331,600,142520,1
34430.767,2,301898,2800,143180,-1
34430.819,1,304512,2800,143180,-1
34430.977,2,299268,1000,143090,-1
34431.042,2,298975,150,142800,1
34431.152,5,292781,100,142980,-1
34431.159,1,304769,600,143480,-1
34431.266,1,304836,1000,143090,-1
34431.287,2,301802,800,142810,1
34431.427,2,304836,1000,143090,-1
34431.528,2,299515,1000,142410,1
34431.643,1,305123,800,142910,1
34431.666,1,305137,150,142900,1
34431.679,5,292781,790,142980,-1
34431.679,4,24310,1000,143000,-1
34431.679,4,215690,1000,143000,-1
34431.679,4,294547,564,143000,-1
34431.776,2,304512,2800,143180,-1
34431.806,1,305276,1000,143190,-1
34431.816,1,305284,1400,143180,-1
34431.82,4,294547,4300,143000,-1
34431.902,4,294547,136,143000,-1
34431.902,4,300257,64,143000,-1
34432.049,4,300257,37,143000,-1
34432.056,4,300257,839,143000,-1
34432.381,2,305284,1400,143180,-1
34432.424,1,305759,2800,143180,-1
34432.446,2,305123,800,142910,1
34432.462,1,305782,1000,142510,1
34432.516,1,305848,800,142810,1
34432.777,1,306045,37,143000,1
34432.951,2,305848,800,142810,1
34433.063,1,306259,800,142910,1
34433.12,2,306259,800,142910,1
34433.253,2,306045,37,143000,1
34433.369,5,306453,100,143100,-1
34433.399,2,305276,1000,143190,-1
34433.512,2,301897,2800,142570,1
34433.549,1,306705,1400,142570,1
34433.575,1,306734,1000,143290,-1
34433.61,1,306767,800,142810,1
34433.625,2,306705,1400,142570,1
34433.626,2,305759,2800,143180,-1
34433.701,1,306832,2800,142500,1
34433.702,1,306833,1400,143110,-1
34433.715,2,305782,1000,142510,1
34433.731,1,306861,500,143300,-1
34433.801,2,303624,200,142810,1
34433.804,2,303911,200,143290,-1
34433.814,2,306861,500,143300,-1
34433.825,1,306948,500,143200,-1
34433.835,2,306833,1400,143110,-1
34433.876,1,307003,2800,143110,-1
34434.134,1,307258,1000,142610,1
34434.145,2,287860,2400,143900,-1
34434.147,2,306832,2800,142500,1
34434.149,2,307003,2800,143110,-1
34434.155,1,307278,1600,143400,-1
34434.183,2,304331,600,142520,1
34434.193,1,307321,2800,142500,1
34434.199,1,307330,2800,143110,-1
34434.2,2,304769,600,143480,-1
34434.324,1,307472,200,143190,-1
34434.367,1,307516,600,142520,1
34434.574,2,287174,1000,142430,1
34434.706,1,307797,200,142710,1
34434.913,2,307330,2800,143110,-1
34434.939,1,307946,600,143480,-1
34434.953,1,307961,1400,143110,-1
34435.09,2,307321,2800,142500,1
34435.093,2,307961,1400,143110,-1
34435.132,1,308075,2800,142570,1
34435.134,1,308077,2800,143180,-1
34435.137,2,307516,600,142520,1
34435.143,2,307946,600,143480,-1
34435.374,2,306948,500,143200,-1
34435.48,2,306767,800,142810,1
34435.489,2,307797,200,142710,1
34435.492,2,307472,200,143190,-1
34435.497,1,308323,200,143290,-1
34435.503,1,308326,600,143580,-1
34435.561,2,125753,300,147600,-1
34435.577,2,307258,1000,142610,1
34435.579,1,308369,800,142910,1
34435.804,1,308541,200,143010,1
34436.006,1,308671,200,142810,1
34436.091,1,308724,600,142620,1
34436.14,1,308769,300,148100,-1
34436.642,2,132326,1000,141000,1
34437.181,4,308077,150,143180,-1
34437.185,2,305137,150,142900,1
34437.217,4,308077,2650,143180,-1
34437.283,1,309471,150,143100,1
34437.296,2,308671,200,142810,1
34437.298,2,308323,200,143290,-1
34437.302,1,309481,200,143390,-1
34437.366,5,309490,1255,143140,1
34437.366,5,309372,1000,143120,1
34437.366,5,309483,1200,143120,1
34437.366,5,309485,600,143110,1
34437.366,4,309471,150,143100,1
34437.366,5,308999,100,143100,1
34437.414,1,309559,200,143000,1
34437.771,2,308075,2800,142570,1
34437.835,1,309855,2800,142750,1
34437.837,1,309862,2800,143540,-1
34437.849,2,309862,2800,143540,-1
34437.887,1,309893,1400,143540,-1
34438.004,2,309893,1400,143540,-1
34438.011,1,309972,200,142910,1
34438.045,1,310001,2800,143540,-1
34438.24,2,308541,200,143010,1
34438.243,2,306734,1000,143290,-1
34438.413,1,310208,700,143110,1
34438.423,2,307278,1600,143400,-1
34438.426,1,310218,2300,144100,-1
34438.52,5,310115,189,143370,-1
34438.626,5,310215,500,143160,1
34438.626,5,310268,189,143130,1
34438.626,4,310208,700,143110,1
34438.628,5,310314,200,143100,-1
34438.684,2,310001,2800,143540,-1
34438.724,1,310367,2800,143540,-1
34438.762,1,310392,1000,143010,1
34438.981,1,310543,38,143200,1
34439.116,1,310627,600,143110,1
34439.132,4,310543,38,143200,1
34439.132,5,310526,100,143200,1
34439.688,1,310956,200,143390,-1
34439.706,2,310367,2800,143540,-1
34439.748,1,311005,1400,143540,-1
34439.75,2,310956,200,143390,-1
34440.468,2,309855,2800,142750,1
34440.47,2,311005,1400,143540,-1
34440.511,1,311515,2800,142820,1
34440.515,1,311518,2800,143610,-1
34440.577,2,308369,800,142910,1
34440.582,1,311563,85,143400,-1
34440.718,1,311657,800,142910,1
34441.0,5,310656,400,143190,-1
34441.003,2,311515,2800,142820,1
34441.006,2,311518,2800,143610,-1
34441.042,1,311903,2800,142820,1
34441.046,1,311906,2800,143610,-1
34441.11,5,310656,1200,143190,-1
34441.285,5,310641,500,143160,1
34441.285,4,310627,600,143110,1
34441.455,1,312177,500,148300,-1
34441.654,1,312325,600,143110,1
34441.83,4,312325,506,143110,1
34442.321,1,312900,1000,143390,-1
34442.384,4,312325,94,143110,1
34442.512,5,312064,500,143340,-1
34442.512,5,310932,500,143350,-1
34442.893,1,313338,600,143110,1
34443.097,5,313341,500,143160,1
34443.097,4,313338,600,143110,1
34443.555,1,313751,300,143110,1
34443.612,4,313751,300,143110,1
34444.101,1,314117,300,143110,1
34444.202,4,314117,300,143110,1
34444.65,1,314566,300,143110,1
34444.935,2,308724,600,142620,1
34444.936,2,308326,600,143580,-1
34445.057,1,314846,600,143680,-1
34445.424,2,312900,1000,143390,-1
34445.538,1,315113,1000,143300,-1
34445.595,1,315148,600,142720,1
34445.717,2,311657,800,142910,1
34445.779,5,315147,2000,143260,-1
34445.799,5,315133,500,143280,-1
34445.868,1,315304,800,142910,1
34445.89,2,315113,1000,143300,-1
34446.111,1,315484,1000,143390,-1
34447.186,5,314661,1228,143300,-1
34447.186,5,315128,100,143300,-1
34447.186,5,315399,1900,143300,-1
34447.307,2,309481,200,143390,-1
34447.398,1,316124,200,143390,-1
34447.819,2,309972,200,142910,1
34447.822,2,316124,200,143390,-1
34447.931,1,316467,1000,142890,1
34448.033,2,311903,2800,142820,1
34448.07,1,316584,1400,142820,1
34448.113,1,316617,200,143390,-1
34448.178,2,315148,600,142720,1
34448.18,2,314846,600,143680,-1
34448.282,1,316726,600,143580,-1
34448.451,2,316584,1400,142820,1
34448.453,2,311906,2800,143610,-1
34448.493,1,316876,2800,142750,1
34448.495,1,316882,2800,143540,-1
34448.778,1,317098,200,142910,1
34448.833,1,317132,600,142620,1
34449.14,1,317350,100,95500,1
34449.341,2,317350,100,95500,1
34449.48,5,314122,500,143340,-1
34449.48,5,314751,300,143370,-1
34449.48,5,315334,400,143370,-1
34449.747,2,285791,50,142400,1
34450.327,5,316160,100,143300,1
34450.567,1,318345,100,143400,-1
34450.867,2,315304,800,142910,1
34451.0,1,318597,800,142910,1
34451.178,1,318692,100,143500,-1
34451.588,2,315484,1000,143390,-1
34451.752,5,318402,600,143310,1
34451.752,5,316160,400,143300,1
34452.339,1,319297,100,143390,-1
34453.99,5,316160,700,143300,1
34453.99,5,317048,300,143300,1
34454.011,5,317048,700,143300,1
34454.143,1,320606,100,143200,1
34454.646,5,320802,100,143280,-1
34454.648,2,314566,300,143110,1
34454.83,2,180300,50,143470,-1
34454.838,1,321058,50,143320,-1
34454.959,1,321159,800,143110,1
34455.836,2,144671,200,142000,1
34455.844,1,321709,200,143200,1
34455.997,2,318597,800,142910,1
34456.066,2,317132,600,142620,1
34456.067,2,316726,600,143580,-1
34456.16,5,320626,900,143220,1
34456.16,5,320883,100,143210,1
34456.173,1,321856,600,142620,1
34456.297,5,320883,1000,143210,1
34456.719,1,322195,600,143580,-1
34457.384,5,320883,300,143210,1
34457.421,5,320883,500,143210,1
34457.421,4,320606,100,143200,1
34457.421,4,321709,200,143200,1
34457.48,2,310392,1000,143010,1
34457.533,1,322691,800,142910,1
34457.661,5,322693,200,143280,-1
34457.661,5,322711,100,143300,-1
34457.808,1,322850,1493,143000,1
34457.811,1,322852,2007,143000,1
34457.924,2,321856,600,142620,1
34457.926,2,322195,600,143580,-1
34458.032,1,322960,600,143680,-1
34458.118,2,316617,200,143390,-1
34458.293,1,323085,200,143390,-1
34458.484,5,322969,100,143200,1
34458.484,5,322700,500,143160,1
34458.484,5,322807,400,143130,1
34458.579,1,323262,600,142720,1
34458.778,2,317098,200,142910,1
34458.846,4,321159,500,143110,1
34458.934,2,323085,200,143390,-1
34458.945,4,321159,300,143110,1
34459.032,2,319297,100,143390,-1
34459.041,1,323542,200,143010,1
34459.107,1,323597,200,143110,1
34459.165,4,323597,100,143110,1
34459.189,4,323597,100,143110,1
34459.475,2,323542,200,143010,1
34459.551,1,323846,200,142910,1
34459.597,2,323262,600,142720,1
34459.6,2,322960,600,143680,-1
34459.698,1,323946,100,142910,1
34459.724,1,323956,600,143580,-1
34459.925,2,316882,2800,143540,-1
34459.967,1,324117,1400,143540,-1
34460.04,1,324161,3400,147500,-1
34460.109,2,324117,1400,143540,-1
34460.203,1,324275,1400,143540,-1
34460.215,2,324275,1400,143540,-1
34460.243,1,324300,1000,143200,-1
34460.248,1,324306,200,143390,-1
34460.254,1,324314,2800,143610,-1
34460.312,1,324349,600,142620,1
34460.333,2,316876,2800,142750,1
34460.369,1,324387,2800,142820,1
34461.434,1,325080,5000,142400,1
34462.315,2,324387,2800,142820,1
34462.352,1,325617,1400,142820,1
34462.479,2,324349,600,142620,1
34462.481,2,323956,600,143580,-1
34462.538,2,322691,800,142910,1
34462.584,1,325738,600,143480,-1
34462.601,1,325752,150,143100,1
34462.631,1,325767,800,142910,1
34462.71,2,325617,1400,142820,1
34462.739,2,324314,2800,143610,-1
34462.749,1,325850,2800,142750,1
34462.776,1,325875,1400,143540,-1
34462.802,2,325875,1400,143540,-1
34462.847,1,325916,2800,143540,-1
34463.172,2,323846,200,142910,1
34463.175,2,324306,200,143390,-1
34463.183,1,326116,200,143290,-1
34463.189,1,326120,600,142520,1
34463.708,1,326553,200,142810,1
34464.093,2,326553,200,142810,1
34464.096,2,326116,200,143290,-1
34464.263,2,324300,1000,143200,-1
34464.447,2,150735,176,141500,1
34464.472,1,327088,200,143290,-1
34464.555,5,327072,200,143220,1
34464.725,5,327072,1000,143220,1
34465.054,2,323946,100,142910,1
34465.162,1,327559,1300,143010,1
34465.198,2,325850,2800,142750,1
34465.199,2,325916,2800,143540,-1
34465.244,1,327605,2800,142670,1
34465.246,1,327607,1400,143470,-1
34465.361,1,327718,200,142810,1
34465.576,2,327559,1300,143010,1
34465.63,2,327607,1400,143470,-1
34465.681,1,327988,2800,143470,-1
34465.924,1,328157,1300,143110,1
34467.628,2,325767,800,142910,1
34467.735,1,329375,800,142910,1
34467.94,2,326120,600,142520,1
34467.942,2,325738,600,143480,-1
34467.968,2,327718,200,142810,1
34467.97,2,327088,200,143290,-1
34468.026,2,163192,6500,141510,1
34468.062,1,329603,600,143580,-1
34468.419,1,329831,200,143390,-1
34468.62,1,329985,600,142620,1
34468.697,2,91035,110,142000,1
34468.873,1,330163,6400,142010,1
34468.887,5,327072,74,143220,1
34468.961,1,330221,200,142910,1
34468.999,1,330238,300,142000,1
34469.008,5,330069,200,143250,-1
34469.122,2,328157,1300,143110,1
34469.355,1,330474,1300,143210,1
34469.603,2,330238,300,142000,1
34469.924,1,330973,300,142000,1
34470.124,2,330973,300,142000,1
34470.399,2,329375,800,142910,1
34470.417,2,135571,1000,142000,1
34470.499,1,331328,800,143010,1
34470.76,2,292966,1000,142800,1
34471.309,1,331924,1000,143000,1
34472.04,2,327605,2800,142670,1
34472.043,2,327988,2800,143470,-1
34472.102,2,330221,200,142910,1
34472.106,2,329985,600,142620,1
34472.111,2,329831,200,143390,-1
34472.113,1,332583,2800,142600,1
34472.115,1,332586,1400,143400,-1
34472.127,2,329603,600,143580,-1
34472.134,1,332607,600,143480,-1
34472.182,1,332663,200,143290,-1
34472.329,2,332586,1400,143400,-1
34472.367,1,332815,2800,143400,-1
34472.597,2,325752,150,143100,1
34472.628,1,333035,600,142520,1
34472.701,1,333083,150,143200,1
34473.07,2,331328,800,143010,1
34473.182,1,333449,800,142910,1
34473.505,2,330474,1300,143210,1
34473.7,1,333826,1300,143110,1
34474.857,1,334653,1200,142800,1
34475.601,5,327072,150,143220,1
34475.624,5,327072,150,143220,1
34475.999,5,327072,426,143220,1
34475.999,5,333907,1900,143210,1
34475.999,4,333083,150,143200,1
34476.968,2,321058,50,143320,-1
34478.179,2,333449,800,142910,1
34478.193,1,337111,200,142810,1
34478.281,1,337177,800,142910,1
34480.432,2,332583,2800,142600,1
34480.469,1,338565,1400,142600,1
34480.608,2,338565,1400,142600,1
34480.646,1,338680,2800,142600,1
34480.928,2,338680,2800,142600,1
34480.965,1,338851,1400,142600,1
34481.308,2,338851,1400,142600,1
34481.31,2,332815,2800,143400,-1
34481.345,1,339100,2800,142530,1
34481.348,1,339103,2800,143330,-1
34481.355,2,339103,2800,143330,-1
34481.396,1,339153,1400,143330,-1
34481.825,1,339413,43,143200,-1
34482.139,2,332607,600,143480,-1
34482.188,2,332663,200,143290,-1
34482.229,1,339645,600,143480,-1
34482.385,1,339742,200,143290,-1
34482.484,4,333826,1024,143110,1
34482.629,2,333035,600,142520,1
34482.667,2,339100,2800,142530,1
34482.669,2,339153,1400,143330,-1
34482.671,1,339938,124,143390,-1
34482.708,1,339972,2800,142600,1
34482.71,1,339975,2800,143400,-1
34482.875,1,340087,600,142520,1
34482.973,2,333826,276,143110,1
34482.976,2,339938,124,143390,-1
34483.218,1,340261,776,143010,1
34483.278,2,337177,800,142910,1
34483.279,1,340300,5000,143300,-1
34483.422,1,340394,800,142910,1
34484.005,2,339413,43,143200,-1
34484.118,2,340087,600,142520,1
34484.13,2,339645,600,143480,-1
34484.217,2,340261,776,143010,1
34484.223,1,340829,600,143380,-1
34484.277,2,337111,200,142810,1
34484.28,2,339742,200,143290,-1
34484.483,1,340970,200,143200,-1
34484.767,1,341123,600,142420,1
34485.025,1,341293,200,142710,1
34485.759,1,341732,776,143010,1
34486.314,1,342098,124,143200,-1
34486.599,2,340394,800,142910,1
34486.704,1,342372,800,143010,1
34487.433,5,340980,600,143180,-1
34487.88,2,342098,124,143200,-1
34488.0,2,341293,200,142710,1
34488.004,2,340970,200,143200,-1
34488.06,1,343235,200,143290,-1
34488.599,1,343567,200,142810,1
34488.599,5,336829,150,143200,-1
34488.868,2,339972,2800,142600,1
34488.869,2,339975,2800,143400,-1
34488.888,1,343761,43,143200,-1
34488.951,1,343803,2800,142530,1
34488.954,1,343805,1400,143330,-1
34489.686,4,343761,43,143200,-1
34489.686,5,336829,133,143200,-1
34490.086,2,341732,776,143010,1
34490.088,2,343805,1400,143330,-1
34490.125,1,344518,2800,143330,-1
34490.191,2,344518,2800,143330,-1
34490.23,1,344579,1400,143330,-1
34490.276,1,344600,776,143110,1
34490.757,2,340300,5000,143300,-1
34490.837,1,344911,124,143390,-1
34490.913,2,341123,600,142420,1
34490.916,2,340829,600,143380,-1
34491.02,1,345020,600,143480,-1
34491.568,1,345287,600,142520,1
34491.709,2,342372,800,143010,1
34491.842,1,345440,800,143010,1
34491.907,5,344602,600,143130,1
34491.907,4,344600,776,143110,1
34491.907,5,344690,100,143100,1
34491.907,1,345477,1524,143100,-1
34492.341,2,344911,124,143390,-1
34492.878,2,345287,600,142520,1
34492.881,2,345020,600,143480,-1
34492.994,1,346095,600,143380,-1
34493.062,1,346144,2500,144100,-1
34493.247,1,346235,600,143010,1
34493.544,1,346399,600,142420,1
34493.571,2,344579,1400,143330,-1
34493.603,2,346399,600,142420,1
34493.605,2,346095,600,143380,-1
34493.61,2,343567,200,142810,1
34493.612,1,346441,2800,143330,-1
34493.614,2,343235,200,143290,-1
34493.677,1,346476,100,95400,1
34493.796,1,346569,900,143290,-1
34493.875,2,346476,100,95400,1
34493.885,1,346634,200,143200,-1
34494.042,2,346634,200,143200,-1
34494.113,1,346773,600,143280,-1
34494.428,1,346934,200,143290,-1
34494.658,1,347075,600,142320,1
34494.973,1,347263,200,142810,1
34495.205,4,345477,1500,143100,-1
34495.949,2,343803,2800,142530,1
34495.986,1,347827,1400,142530,1
34496.025,2,347827,1400,142530,1
34496.063,1,347858,2800,142530,1
34496.839,2,345440,800,143010,1
34496.927,4,345477,24,143100,-1
34497.031,1,348461,800,143010,1
34497.343,1,348641,1000,143200,-1
34497.437,2,347075,600,142320,1
34497.44,2,347858,2800,142530,1
34497.44,2,346773,600,143280,-1
34497.442,2,346441,2800,143330,-1
34497.482,1,348726,2800,142460,1
34497.484,1,348730,2800,143250,-1
34497.539,1,348767,600,142320,1
34497.604,2,347263,200,142810,1
34497.606,2,346934,200,143290,-1
34497.721,2,348767,600,142320,1
34498.026,1,349051,200,143200,-1
34498.084,1,349086,600,143380,-1
34498.501,1,349304,200,142710,1
34498.552,2,322850,1493,143000,1
34498.554,2,322852,2007,143000,1
34498.655,1,349418,600,142420,1
34499.732,4,346235,58,143010,1
34499.779,2,348730,2800,143250,-1
34499.817,1,350118,1400,143250,-1
34499.99,2,310218,2300,144100,-1
34499.993,1,350195,2400,143400,-1
34500.052,2,349304,200,142710,1
34500.054,2,349051,200,143200,-1
34500.267,1,350370,200,142810,1
34500.414,2,311563,85,143400,-1
34500.51,2,350370,200,142810,1
34500.855,2,350118,1400,143250,-1
34500.863,1,350809,200,143200,-1
34500.893,1,350824,2800,143250,-1
34501.037,1,350922,85,143100,-1
34501.249,2,346569,900,143290,-1
34501.397,1,351133,200,142710,1
34501.401,2,350809,200,143200,-1
34501.467,2,351133,200,142710,1
34501.618,1,351250,958,143200,-1
34501.955,1,351479,200,143100,-1
34502.019,2,351479,200,143100,-1
34502.029,2,348461,800,143010,1
34502.232,2,351250,958,143200,-1
34502.281,1,351675,800,143010,1
34502.491,1,351776,200,142710,1
34502.538,2,350824,2800,143250,-1
34502.586,1,351832,1400,143250,-1
34503.169,1,352185,200,143190,-1
34503.25,2,346235,542,143010,1
34504.006,2,350922,85,143100,-1
34504.173,1,352824,85,143100,-1
34504.584,2,351776,200,142710,1
34504.588,2,352185,200,143190,-1
34504.772,1,353203,542,142910,1
34504.886,1,353267,200,143100,-1
34505.021,2,351675,800,143010,1
34505.124,1,353398,800,142910,1
34505.152,1,353417,3000,143200,-1
34505.34,1,353586,958,143190,-1
34505.406,1,353639,200,142610,1
34505.476,5,351138,1900,143010,1
34505.476,4,309559,100,143000,1
34505.522,2,348726,2800,142460,1
34505.523,2,351832,1400,143250,-1
34505.559,1,353718,1400,142460,1
34505.562,1,353721,2800,143250,-1
34505.673,2,349418,600,142420,1
34505.676,2,349086,600,143380,-1
34505.819,1,353916,600,143280,-1
34505.879,1,353960,5000,143300,-1
34506.364,1,354257,600,142320,1
34506.366,2,353916,600,143280,-1
34506.427,2,354257,600,142320,1
34506.466,2,353203,542,142910,1
34506.588,2,353718,1400,142460,1
34506.624,1,354439,2800,142460,1
34506.909,1,354613,600,143380,-1
34507.453,1,354901,600,142420,1
34507.56,2,353639,200,142610,1
34507.562,2,353267,200,143100,-1
34507.694,1,355041,200,142710,1
34507.839,4,352824,85,143100,-1
34507.839,5,352498,9,143100,-1
34507.95,2,353586,958,143190,-1
34508.04,2,353721,2800,143250,-1
34508.076,1,355289,1400,143250,-1
34508.168,2,354439,2800,142460,1
34508.169,2,355289,1400,143250,-1
34508.21,1,355361,2800,142530,1
34508.211,1,355365,2800,143330,-1
34508.573,1,355623,200,143190,-1
34508.613,1,355648,542,143010,1
34508.672,2,355648,542,143010,1
34509.178,1,355981,442,143110,1
34509.215,4,355981,91,143110,1
34509.224,2,355041,200,142710,1
34509.227,2,355623,200,143190,-1
34509.365,2,354901,600,142420,1
34509.37,2,354613,600,143380,-1
34509.452,1,356176,200,143290,-1
34509.462,4,355981,50,143110,1
34509.472,1,356192,600,143480,-1
34509.659,2,356192,600,143480,-1
34510.021,1,356572,600,143480,-1
34510.024,1,356573,200,142810,1
34510.129,2,353398,800,142910,1
34510.16,2,353417,3000,143200,-1
34510.264,1,356706,800,143010,1
34510.583,1,356914,600,142520,1
34511.558,1,357484,125,138000,1
34511.676,2,356573,200,142810,1
34511.68,2,356176,200,143290,-1
34511.77,1,357660,200,142910,1
34511.793,2,355361,2800,142530,1
34511.796,2,355365,2800,143330,-1
34511.842,1,357722,2800,142600,1
34511.844,1,357723,2800,143400,-1
34511.961,2,356914,600,142520,1
34511.971,2,356572,600,143480,-1
34512.006,1,357867,600,143580,-1
34512.063,1,357906,1000,143390,-1
34512.226,2,331924,1000,143000,1
34512.465,1,358200,200,143390,-1
34512.518,1,358239,600,142620,1
34512.821,5,358151,369,143150,1
34513.095,2,358239,600,142620,1
34513.1,2,357867,600,143580,-1
34513.185,2,355981,301,143110,1
34513.204,1,358794,600,142620,1
34513.307,1,358878,1000,143100,1
34513.318,2,358794,600,142620,1
34513.658,2,357660,200,142910,1
34513.661,2,358200,200,143390,-1
34513.775,1,359182,200,143290,-1
34513.798,1,359203,600,143480,-1
34514.117,2,359182,200,143290,-1
34514.346,1,359592,600,142520,1
34514.626,1,359735,200,142910,1
34514.639,1,359750,150,143100,1
34515.169,1,360290,200,143390,-1
34515.27,2,356706,800,143010,1
34515.406,1,360426,800,143010,1
34515.976,2,350195,2400,143400,-1
34515.979,1,360735,2400,143600,-1
34516.118,2,359592,600,142520,1
34516.121,2,359203,600,143480,-1
34516.248,1,360890,600,143580,-1
34516.575,2,203608,1000,142000,1
34516.711,1,361189,3000,143100,1
34516.723,2,360426,800,143010,1
34516.786,1,361224,600,142620,1
34516.826,1,361240,800,143110,1
34519.438,2,348641,1000,143200,-1
34520.412,2,357723,2800,143400,-1
34520.448,1,363328,1400,143400,-1
34520.54,1,363403,301,143210,1
34520.569,2,357722,2800,142600,1
34520.57,2,363328,1400,143400,-1
34520.606,1,363462,2800,142670,1
34520.609,1,363467,2800,143470,-1
34520.715,5,363549,300,143250,1
34520.813,2,359750,150,143100,1
34520.839,2,357906,1000,143390,-1
34521.12,1,363808,1000,143490,-1
34521.23,5,363549,24,143250,1
34521.236,2,361224,600,142620,1
34521.238,2,360890,600,143580,-1
34521.347,1,363940,600,143680,-1
34521.429,2,363462,2800,142670,1
34521.465,1,364009,1400,142670,1
34521.508,2,363403,301,143210,1
34521.599,2,359735,200,142910,1
34521.601,2,360290,200,143390,-1
34521.666,1,364121,150,143200,1
34521.67,1,364122,200,143010,1
34521.774,2,364009,1400,142670,1
34521.777,2,363467,2800,143470,-1
34521.806,2,353960,5000,143300,-1
34521.816,1,364236,2800,142600,1
34521.817,1,364237,1400,143400,-1
34521.83,2,361240,800,143110,1
34521.909,1,364297,600,142720,1
34521.981,1,364348,800,143110,1
34522.216,1,364488,200,143490,-1
34522.309,2,364236,2800,142600,1
34522.311,2,364237,1400,143400,-1
34522.355,1,364567,1400,142670,1
34522.359,1,364571,2800,143470,-1
34522.631,2,364567,1400,142670,1
34522.633,2,364571,2800,143470,-1
34522.675,1,364794,2800,142600,1
34522.677,1,364798,1400,143400,-1
34522.697,2,364794,2800,142600,1
34522.699,2,364798,1400,143400,-1
34522.734,1,364853,1400,142670,1
34522.737,1,364858,2800,143470,-1
34522.767,5,364233,500,143350,-1
34522.767,5,364238,1200,143380,-1
34522.767,5,364240,600,143390,-1
34522.767,5,364383,1900,143390,-1
34522.767,4,23927,350,143400,-1
34522.783,4,23927,1050,143400,-1
34522.966,2,364853,1400,142670,1
34523.001,4,23927,100,143400,-1
34523.007,1,365083,2800,142670,1
34523.125,2,365083,2800,142670,1
34523.162,1,365199,2800,142670,1
34523.487,2,365199,2800,142670,1
34523.542,1,365430,1400,142670,1
34523.747,2,365430,1400,142670,1
34523.785,1,365612,2800,142600,1
34523.807,2,363808,1000,143490,-1
34523.929,2,364858,2800,143470,-1
34523.97,1,365715,1400,143400,-1
34524.142,1,365862,101,143310,1
34524.358,4,23927,2100,143400,-1
34524.368,5,365929,90,143350,1
34524.602,2,365612,2800,142600,1
34524.605,2,365715,1400,143400,-1
34524.642,1,366244,1400,142670,1
34524.643,1,366245,2800,143470,-1
34524.708,1,366289,1000,143590,-1
34524.764,2,366244,1400,142670,1
34524.806,1,366344,2800,142670,1
34525.473,2,361189,3000,143100,1
34525.509,1,366849,100,143120,1
34525.645,4,23927,800,143400,-1
34525.854,4,23927,50,143400,-1
34525.854,4,318345,22,143400,-1
34525.942,2,364122,200,143010,1
34525.944,2,364488,200,143490,-1
34526.011,1,367191,200,143110,1
34526.488,1,367498,1000,143310,1
34526.589,1,367563,200,143590,-1
34526.7,2,364121,150,143200,1
34526.81,1,367693,150,143300,1
34526.979,2,364348,800,143110,1
34527.086,2,364297,600,142720,1
34527.09,2,363940,600,143680,-1
34527.108,1,367896,800,143110,1
34527.132,1,367927,1000,143500,-1
34527.251,1,368034,600,143780,-1
34527.549,2,366344,2800,142670,1
34527.552,2,366245,2800,143470,-1
34527.588,1,368301,1400,142750,1
34527.591,1,368305,2800,143540,-1
34527.655,2,368301,1400,142750,1
34527.694,1,368386,2800,142750,1
34527.803,1,368484,600,142820,1
34527.807,2,360735,2400,143600,-1
34527.827,1,368507,2400,143800,-1
34527.881,2,367896,800,143110,1
34527.984,1,368602,800,143210,1
34528.056,4,318345,78,143400,-1
34528.588,2,288943,10000,142800,1
34529.127,2,368386,2800,142750,1
34529.13,4,322,250,143500,-1
34529.13,4,119091,650,143500,-1
34529.165,1,369341,1400,142750,1
34529.219,1,369402,10000,143100,1
34529.761,2,369341,1400,142750,1
34529.808,1,369817,1400,142750,1
34529.846,2,369817,1400,142750,1
34529.885,1,369882,2800,142750,1
34530.392,2,367191,200,143110,1
34530.398,2,367563,200,143590,-1
34530.478,2,369882,2800,142750,1
34530.514,1,370258,1400,142750,1
34530.672,1,370341,200,143690,-1
34530.818,4,119091,850,143500,-1
34530.818,4,124362,150,143500,-1
34531.059,2,370258,1400,142750,1
34531.096,1,370638,1400,142750,1
34531.235,2,368305,2800,143540,-1
34531.271,1,370743,1400,143540,-1
34531.281,2,370638,1400,142750,1
34531.283,2,370743,1400,143540,-1
34531.284,4,124362,500,143500,-1
34531.284,1,370754,200,143210,1
34531.313,1,370770,250,143100,1
34531.321,1,370777,2800,142670,1
34531.325,1,370782,1400,143470,-1
34531.576,2,370754,200,143210,1
34531.579,2,370341,200,143690,-1
34531.582,4,370782,1400,143470,-1
34531.593,4,124362,350,143500,-1
34531.593,4,180288,2000,143500,-1
34531.593,4,318692,100,143500,-1
34531.593,4,367927,1000,143500,-1
34531.661,1,370975,1400,143470,-1
34531.83,1,371071,200,143590,-1
34531.856,2,365862,101,143310,1
34531.962,1,371145,301,143410,1
34532.01,4,370975,10,143470,-1
34532.02,4,370975,800,143470,-1
34532.052,1,371212,500,143420,1
34532.107,4,370975,590,143470,-1
34532.288,2,370777,2800,142670,1
34532.301,5,371194,100,143500,-1
34532.318,2,371071,200,143590,-1
34532.326,1,371386,1400,142750,1
34532.363,1,371414,200,143690,-1
34532.397,2,371386,1400,142750,1
34532.41,1,371462,1400,143100,1
34532.412,1,371464,2800,143900,-1
34532.787,2,371462,1400,143100,1
34532.824,1,371824,2800,143100,1
34532.865,5,371734,45,143500,1
34532.99,2,368602,800,143210,1
34533.079,1,371997,200,143210,1
34533.08,2,371824,2800,143100,1
34533.083,2,371464,2800,143900,-1
34533.106,2,367693,150,143300,1
34533.12,1,372028,2800,143030,1
34533.122,1,372031,2800,143830,-1
34533.149,1,372050,800,143210,1
34533.202,2,371997,200,143210,1
34533.211,2,371414,200,143690,-1
34533.644,1,372436,200,143590,-1
34533.973,1,372734,150,143500,1
34534.687,4,366289,500,143590,-1
34534.704,2,372436,200,143590,-1
34534.71,2,366289,500,143590,-1
34534.815,1,373358,200,143690,-1
34534.884,1,373406,1000,143690,-1
34534.911,5,372062,500,143590,-1
34535.218,5,373484,500,143590,-1
34535.427,2,372050,800,143210,1
34535.471,2,373358,200,143690,-1
34535.53,1,373737,800,143310,1
34535.583,2,373737,800,143310,1
34535.735,5,373682,55,143600,1
34535.735,1,373893,145,143590,-1
34535.743,4,373893,145,143590,-1
34536.077,1,374151,800,143310,1
34536.267,1,374271,200,143310,1
34536.332,1,374312,200,143500,1
34536.46,2,374151,800,143310,1
34536.479,2,373406,1000,143690,-1
34536.624,1,374516,800,143210,1
34536.747,2,368507,2400,143800,-1
34536.749,1,374627,2400,144000,-1
34536.869,1,374708,200,143590,-1
34536.896,1,374725,1000,143590,-1
34536.999,4,374708,200,143590,-1
34536.999,4,374725,300,143590,-1
34537.025,1,374805,500,143400,1
34537.185,4,374725,500,143590,-1
34537.25,2,368034,600,143780,-1
34537.275,2,374725,200,143590,-1
34537.33,2,374312,200,143500,1
34537.366,1,375009,600,143780,-1
34537.57,1,375154,899,143590,-1
34537.581,4,375154,500,143590,-1
34537.693,2,375154,399,143590,-1
34537.8,2,368484,600,142820,1
34537.813,1,375339,100,95700,1
34537.896,2,372028,2800,143030,1
34537.906,2,372031,2800,143830,-1
34537.92,2,316467,1000,142890,1
34537.934,1,375421,2800,142960,1
34537.945,1,375432,2800,143750,-1
34538.014,1,375486,1000,142890,1
34538.014,2,375339,100,95700,1
34538.02,1,375491,600,142820,1
34538.159,2,374271,200,143310,1
34538.198,2,375491,600,142820,1
34538.201,2,375009,600,143780,-1
34538.569,1,375921,600,143780,-1
34539.109,1,376341,600,142820,1
34540.346,1,377028,399,143690,-1
34540.498,1,377123,100,143580,-1
34540.622,2,372734,150,143500,1
34540.703,1,377284,200,143310,1
34540.78,2,374516,800,143210,1
34540.781,2,371212,500,143420,1
34540.783,2,367498,1000,143310,1
34541.003,1,377441,800,143310,1
34541.367,1,377714,150,143500,1
34541.37,1,377716,150,143500,1
34541.96,2,371145,301,143410,1
34542.086,1,378239,500,143500,1
34542.138,4,377714,150,143500,1
34542.138,4,377716,150,143500,1
34542.138,4,378239,500,143500,1
34543.131,1,378922,801,143410,1
34544.121,5,379208,300,143460,1
34544.182,1,379619,800,143500,-1
34544.684,2,377028,399,143690,-1
34544.93,2,378922,801,143410,1
34545.337,1,380249,801,143310,1
34545.512,2,366849,100,143120,1
34545.809,2,375432,2800,143750,-1
34545.847,1,380545,1400,143750,-1
34545.885,1,380561,699,143590,-1
34546.0,2,377441,800,143310,1
34546.078,1,380685,800,143310,1
34546.452,2,375421,2800,142960,1
34546.454,2,380545,1400,143750,-1
34546.489,1,380905,1400,143030,1
34546.492,1,380906,2800,143830,-1
34547.062,2,380905,1400,143030,1
34547.099,1,381277,2800,143030,1
34548.255,2,381277,2800,143030,1
34548.259,2,380906,2800,143830,-1
34548.273,2,376341,600,142820,1
34548.274,2,375921,600,143780,-1
34548.295,1,382019,2800,142960,1
34548.297,1,382020,2800,143750,-1
34548.309,1,382031,600,143680,-1
34548.537,4,379619,47,143500,-1
34548.776,5,381265,500,143420,1
34548.83,1,382362,600,142720,1
34549.218,1,382665,100,143600,-1
34549.834,2,155206,200,145490,-1
34550.152,2,380561,699,143590,-1
34550.344,2,377284,200,143310,1
34550.454,1,383403,200,143210,1
34550.953,4,374805,500,143400,1
34551.081,2,380685,800,143310,1
34551.137,2,380249,801,143310,1
34551.242,1,383851,699,143500,-1
34551.406,1,383977,800,143310,1
34551.467,5,382336,500,143480,-1
34551.467,4,379619,753,143500,-1
34551.467,4,383851,699,143500,-1
34551.467,5,383724,48,143500,-1
34551.805,1,384246,900,143310,1
34551.843,2,383403,200,143210,1
34552.05,1,384401,200,143310,1
34552.651,2,384246,900,143310,1
34552.918,1,384901,900,143410,1
34552.964,4,384901,900,143410,1
34553.464,1,385231,600,143310,1
34553.575,2,382020,2800,143750,-1
34553.607,5,384489,48,143400,1
34553.607,1,385308,4952,143400,-1
34553.622,1,385321,1400,143750,-1
34554.008,1,385540,900,143590,-1
34554.155,2,384401,200,143310,1
34554.279,1,385696,200,143210,1
34554.289,2,385540,900,143590,-1
34554.543,5,385449,300,143350,-1
34554.543,4,385308,4952,143400,-1
34554.543,5,385360,100,143500,-1
34554.549,2,382019,2800,142960,1
34554.55,2,385321,1400,143750,-1
34554.572,1,385882,900,143490,-1
34554.587,1,385892,2800,143030,1
34554.588,1,385894,2800,143830,-1
34554.752,1,386011,1000,143000,1
34554.755,2,385882,900,143490,-1
34555.106,1,386268,900,143590,-1
34555.24,2,385696,200,143210,1
34555.342,5,386073,100,143400,1
34555.342,1,386418,1900,143400,-1
34555.351,1,386427,200,143310,1
34555.428,2,385231,600,143310,1
34555.509,1,386526,100,143320,1
34555.664,1,386635,600,143310,1
34556.048,2,385892,2800,143030,1
34556.078,2,386427,200,143310,1
34556.087,1,386939,1400,143030,1
34556.411,2,383977,800,143310,1
34556.471,1,387152,200,143210,1
34556.48,2,386939,1400,143030,1
34556.527,1,387192,2800,143030,1
34556.535,1,387197,800,143310,1
34556.688,2,387152,200,143210,1
34556.835,2,386268,900,143590,-1
34556.858,4,386418,1000,143400,-1
34556.903,1,387464,900,143490,-1
34557.034,1,387576,200,143310,1
34558.312,2,382031,600,143680,-1
34558.502,1,388621,600,143680,-1
34558.83,2,382362,600,142720,1
34558.869,2,387464,900,143490,-1
34559.045,1,389010,600,142720,1
34559.086,1,389030,900,143590,-1
34559.369,2,385894,2800,143830,-1
34559.384,2,387192,2800,143030,1
34559.413,1,389246,2800,143900,-1
34559.422,1,389253,1400,143100,1
34559.44,2,388621,600,143680,-1
34559.442,2,389010,600,142720,1
34559.491,4,386418,900,143400,-1
34559.595,1,389379,600,143780,-1
34560.14,1,389884,600,142820,1
34560.22,5,389313,500,143410,1
34560.502,2,377123,100,143580,-1
34560.741,2,389253,1400,143100,1
34560.743,2,389246,2800,143900,-1
34560.778,1,390307,2800,143030,1
34560.782,1,390311,1400,143830,-1
34561.059,2,390311,1400,143830,-1
34561.105,1,390585,2800,143830,-1
34561.367,5,390018,500,143410,1
34561.367,5,390716,100,143410,1
34561.54,2,387197,800,143310,1
34561.612,1,390969,800,143310,1
34561.939,1,391202,1000,143010,1
34562.162,2,390969,800,143310,1
34562.244,5,389720,300,143530,-1
34562.244,4,389030,900,143590,-1
34562.244,4,382665,100,143600,-1
34562.244,5,377247,100,143600,-1
34562.244,4,150863,1600,143700,-1
34562.268,1,391401,800,143410,1
34562.339,1,391454,1000,143690,-1
34562.442,2,386635,600,143310,1
34562.558,2,387576,200,143310,1
34562.617,1,391638,900,143410,1
34562.813,2,391638,900,143410,1
34562.849,1,391766,300,143300,1
34562.971,1,391859,200,143410,1
34562.986,2,293768,500,142800,1
34563.05,2,389884,600,142820,1
34563.052,2,389379,600,143780,-1
34563.163,1,391955,600,143880,-1
34563.181,1,391963,900,143510,1
34563.2,4,391963,900,143510,1
34563.2,5,391482,100,143500,1
34563.2,5,391441,700,143450,1
34563.447,5,392030,100,143600,1
34563.447,5,391441,610,143450,1
34563.447,5,391451,290,143450,1
34563.713,1,392290,600,142920,1
34564.633,1,392821,5000,145000,-1
34565.057,2,391859,200,143410,1
34565.277,1,393248,200,143310,1
34565.494,2,391454,1000,143690,-1
34565.867,1,393695,500,143410,1
34566.414,1,394042,1000,143690,-1
34566.637,1,394177,150,143400,1
34566.807,2,394042,1000,143690,-1
34567.071,1,394444,1000,143590,-1
34567.272,2,391401,800,143410,1
34567.302,5,394520,100,143500,-1
34567.302,4,394444,900,143590,-1
34567.329,1,394576,800,143410,1
34567.418,2,394444,100,143590,-1
34567.514,5,393700,100,143590,-1
34567.514,1,394693,48,143590,1
34567.517,2,394693,48,143590,1
34567.587,2,393248,200,143310,1
34567.626,1,394762,200,143410,1
34567.632,1,394765,700,143690,-1
34567.726,1,394832,48,143590,1
34567.727,2,394832,48,143590,1
34567.932,1,394973,48,143590,1
34567.939,2,394973,48,143590,1
34568.064,2,393695,500,143410,1
34568.133,1,395099,48,143590,1
34568.136,2,395099,48,143590,1
34568.18,1,395122,800,143510,1
34568.251,2,394765,700,143690,-1
34568.34,1,395217,48,143590,1
34568.344,2,395217,48,143590,1
34568.547,1,395323,48,143590,1
34568.549,2,395323,48,143590,1
34568.654,5,395337,700,143530,1
34568.701,2,390585,2800,143830,-1
34568.743,1,395459,1400,143830,-1
34568.749,1,395461,48,143590,1
34568.758,1,395469,700,143790,-1
34568.776,2,395461,48,143590,1
34568.956,1,395609,48,143590,1
34568.957,2,395609,48,143590,1
34569.164,1,395708,48,143590,1
34569.167,2,395708,48,143590,1
34569.235,2,390307,2800,143030,1
34569.237,2,395459,1400,143830,-1
34569.276,1,395797,1400,143100,1
34569.277,1,395799,2800,143900,-1
34569.292,2,392290,600,142920,1
34569.294,2,391955,600,143880,-1
34569.333,1,395834,600,143980,-1
34569.373,1,395870,48,143590,1
34569.376,2,395870,48,143590,1
34569.49,2,395797,1400,143100,1
34569.493,2,395799,2800,143900,-1
34569.53,1,395986,2800,143030,1
34569.531,1,395988,1400,143830,-1
34569.534,2,395834,600,143980,-1
34569.573,1,396008,48,143590,1
34569.576,2,396008,48,143590,1
34569.785,1,396134,48,143590,1
34569.786,2,396134,48,143590,1
34569.876,1,396188,600,143880,-1
34569.931,2,395986,2800,143030,1
34569.932,2,395988,1400,143830,-1
34569.94,2,396188,600,143880,-1
34569.973,1,396259,1400,143100,1
34569.978,1,396264,2800,143900,-1
34569.993,1,396278,48,143590,1
34570.011,2,396278,48,143590,1
34570.167,2,396259,1400,143100,1
34570.198,1,396430,48,143590,1
34570.203,2,396430,48,143590,1
34570.205,1,396440,2800,143030,1
34570.409,1,396604,48,143590,1
34570.414,2,396604,48,143590,1
34570.427,1,396623,600,143880,-1
34570.497,1,396677,100,143590,-1
34570.501,1,396685,3000,143400,1
34570.612,4,396677,48,143590,-1
34570.644,4,396677,50,143590,-1
34570.708,2,396264,2800,143900,-1
34570.723,2,396623,600,143880,-1
34570.746,1,396846,1400,143830,-1
34570.802,2,396846,1400,143830,-1
34570.843,1,396922,2800,143830,-1
34571.006,1,397046,600,143880,-1
34571.219,5,396627,500,143530,1
34571.219,5,395592,300,143520,1
34571.552,1,397385,600,142920,1
34572.332,2,394576,800,143410,1
34572.393,1,398004,800,143410,1
34572.475,2,395122,800,143510,1
34572.477,2,395469,700,143790,-1
34572.538,1,398110,700,143410,1
34572.871,2,396440,2800,143030,1
34572.873,2,396922,2800,143830,-1
34572.914,1,398404,2800,142960,1
34572.916,1,398409,2800,143750,-1
34573.213,1,398666,1000,143690,-1
34574.39,2,398409,2800,143750,-1
34574.397,1,399552,1000,143590,-1
34574.427,1,399577,1400,143750,-1
34574.729,1,399812,200,143500,1
34574.838,2,398404,2800,142960,1
34574.84,2,399577,1400,143750,-1
34574.899,1,399952,1400,143030,1
34574.9,1,399954,2800,143830,-1
34575.008,2,399952,1400,143030,1
34575.046,1,400081,2800,143030,1
34575.072,1,400110,2000,143600,-1
34575.413,1,400419,500,143600,-1
34575.462,5,400124,500,143510,1
34575.513,2,386526,100,143320,1
34576.612,2,400419,500,143600,-1
34576.699,4,399812,200,143500,1
34577.067,2,399954,2800,143830,-1
34577.105,1,401742,1400,143830,-1
34577.118,1,401756,500,143600,-1
34577.185,1,401805,1000,143500,-1
34577.28,4,401805,1000,143500,-1
34577.299,2,401756,500,143600,-1
34577.392,2,398004,800,143410,1
34577.419,1,401961,200,143500,1
34577.498,1,402043,800,143410,1
34577.556,2,394177,150,143400,1
34577.607,4,401961,200,143500,1
34577.631,2,394762,200,143410,1
34577.769,1,402229,150,143500,1
34577.867,1,402308,200,143410,1
34577.89,4,402229,150,143500,1
34577.951,5,402325,900,143490,-1
34578.163,2,399552,1000,143590,-1
34578.54,5,402325,950,143490,-1
34578.83,2,401742,1400,143830,-1
34578.869,1,403016,2800,143830,-1
34579.048,2,397385,600,142920,1
34579.051,2,397046,600,143880,-1
34579.16,1,403227,600,143780,-1
34579.21,2,402308,200,143410,1
34579.522,1,403501,200,143310,1
34579.723,1,403677,600,142820,1
34581.127,2,403501,200,143310,1
34581.241,1,404735,200,143410,1
34582.151,1,405386,100,95700,1
34582.352,2,405386,100,95700,1
34582.377,1,405508,1000,143600,-1
34582.501,2,402043,800,143410,1
34582.542,2,398110,700,143410,1
34582.582,2,198790,350,142200,1
34582.624,1,405636,800,143410,1
34582.743,1,405692,500,143410,1
34583.211,2,398666,1000,143690,-1
34583.298,1,405987,1000,143690,-1
34584.698,2,400110,2000,143600,-1
34585.504,1,407449,2000,143600,-1
34585.565,1,407475,700,143400,1
34585.974,1,407764,100,143600,-1
34587.622,2,405636,800,143410,1
34587.731,1,408877,800,143410,1
34588.844,2,403677,600,142820,1
34588.849,2,403227,600,143780,-1
34588.947,2,334653,1200,142800,1
34588.953,1,409589,600,143880,-1
34589.008,2,409589,600,143880,-1
34589.41,1,409806,1200,143300,1
34589.505,1,409866,600,143780,-1
34589.561,2,409866,600,143780,-1
34590.047,1,410217,600,143880,-1
34590.092,2,403016,2800,143830,-1
34590.131,1,410257,1400,143830,-1
34590.206,2,400081,2800,143030,1
34590.206,2,410257,1400,143830,-1
34590.25,1,410324,1400,143100,1
34590.255,1,410329,2800,143900,-1
34590.433,2,410324,1400,143100,1
34590.472,1,410543,2800,143100,1
34590.503,2,396677,2,143590,-1
34590.594,1,410634,600,142920,1
34591.138,2,408877,800,143410,1
34591.141,2,405692,500,143410,1
34591.241,2,404735,200,143410,1
34591.28,1,411107,800,143410,1
34591.352,1,411169,500,143410,1
34591.471,1,411247,200,143410,1
34591.487,2,411107,800,143410,1
34591.841,1,411504,800,143410,1
34591.954,2,411169,500,143410,1
34592.114,1,411679,500,143510,1
34592.139,2,411504,800,143410,1
34592.672,1,412053,150,143500,1
34593.301,2,405987,1000,143690,-1
34593.662,1,412765,1000,143690,-1
34593.988,2,412765,1000,143690,-1
34594.18,1,413151,800,143510,1
34595.317,2,410634,600,142920,1
34595.321,2,410217,600,143880,-1
34595.424,1,414021,600,143980,-1
34595.987,1,414388,600,143020,1
34596.132,4,405508,300,143600,-1
34596.51,1,414755,1000,143790,-1
34596.56,2,411247,200,143410,1
34596.696,2,407764,100,143600,-1
34596.719,5,413442,200,143560,1
34596.719,5,413374,1200,143550,1
34596.938,1,415062,200,143510,1
34597.083,1,415150,100,143600,-1
34599.182,2,413151,800,143510,1
34599.281,1,416589,800,143510,1
34599.437,4,405508,500,143600,-1
34599.599,4,405508,200,143600,-1
34599.599,4,407449,300,143600,-1
34599.663,4,407449,100,143600,-1
34599.756,2,411679,500,143510,1
34599.771,4,407449,500,143600,-1
34599.818,2,145985,500,141700,1
34599.861,1,417009,3000,143600,-1
34599.935,4,407449,500,143600,-1
34600.054,4,407449,500,143600,-1
34600.427,1,417407,500,143500,1
34600.554,4,407449,100,143600,-1
34600.554,4,415150,100,143600,-1
34600.554,4,417009,300,143600,-1
34600.596,1,417548,1300,143600,-1
34600.612,4,417009,300,143600,-1
34600.734,4,417009,500,143600,-1
34600.944,4,417009,500,143600,-1
34601.17,4,417009,300,143600,-1
34601.423,4,417009,500,143600,-1
34601.59,4,417009,500,143600,-1
34601.759,4,417009,100,143600,-1
34601.759,4,417548,100,143600,-1
34601.793,2,417548,1200,143600,-1
34601.808,1,418453,1200,143600,-1
34601.871,4,418453,500,143600,-1
34601.907,2,418453,700,143600,-1
34602.075,2,414755,1000,143790,-1
34602.198,1,418739,1300,143600,-1
34602.211,4,418739,500,143600,-1
34602.244,2,418739,800,143600,-1
34602.53,1,418987,2000,143600,1
34602.547,4,418987,1500,143600,1
34602.875,2,418987,500,143600,1
34603.026,2,374627,2400,144000,-1
34603.044,1,419408,2300,144400,-1
34603.415,1,419670,1500,143600,-1
34603.443,1,419691,400,144000,-1
34603.455,4,419670,500,143600,-1
34603.514,2,419670,1000,143600,-1
34603.545,2,407475,700,143400,1
34603.637,5,419738,500,143680,-1
34603.773,1,419914,1500,143600,-1
34603.805,4,419914,1210,143600,-1
34603.819,4,419914,290,143600,-1
34603.94,2,412053,150,143500,1
34604.126,1,420104,150,143600,1
34604.282,2,416589,800,143510,1
34604.419,1,420290,800,143510,1
34604.515,5,419945,500,143680,-1
34604.781,5,419945,200,143680,-1
34604.781,4,150863,300,143700,-1
34604.849,5,420439,100,143650,1
34604.849,5,420284,200,143640,1
34604.953,2,414388,600,143020,1
34604.955,2,414021,600,143980,-1
34604.961,1,420614,1000,143500,1
34605.062,1,420665,600,144080,-1
34605.422,1,420943,100,143610,1
34605.616,1,421072,600,143120,1
34605.698,2,127837,300,147600,-1
34605.772,2,308769,300,148100,-1
34605.95,2,410543,2800,143100,1
34605.952,2,410329,2800,143900,-1
34605.995,1,421346,1400,143170,1
34605.997,1,421351,2800,143970,-1
34606.019,1,421373,1000,143890,-1
34606.061,2,415062,200,143510,1
34606.129,2,421346,1400,143170,1
34606.162,1,421471,200,143610,1
34606.168,1,421476,2800,143170,1
34606.21,1,421509,300,148700,-1
34606.346,4,150863,500,143700,-1
34606.993,4,150863,500,143700,-1
34607.438,2,420943,100,143610,1
34607.866,4,150863,100,143700,-1
34607.898,2,152779,200,137110,1
34608.505,2,421072,600,143120,1
34608.51,2,420665,600,144080,-1
34608.525,1,423149,1000,143210,1
34608.61,1,423215,600,144180,-1
34608.764,1,423345,300,148700,-1
34608.822,2,421471,200,143610,1
34608.939,2,421476,2800,143170,1
34608.941,2,421351,2800,143970,-1
34608.981,1,423506,2800,143250,1
34608.983,1,423507,2800,144040,-1
34609.097,4,150863,200,143700,-1
34609.188,1,423682,600,143220,1
34609.312,1,423781,2100,143670,-1
34609.424,2,420290,800,143510,1
34609.502,1,423952,800,143510,1
34609.535,2,423682,600,143220,1
34609.538,2,423215,600,144180,-1
34609.767,1,424186,600,144080,-1
34609.821,4,423781,200,143670,-1
34610.315,1,424559,600,143120,1
34610.475,1,424682,200,143990,-1
