34200.101,1,182905,90,133300,-1
34200.137,1,182932,68,133000,1
34200.622,1,183221,74,100000,1
34200.685,1,183267,350,98800,1
34201.119,2,181994,2800,130890,1
34201.16,1,183555,1400,130890,1
34201.266,1,183620,50,133200,-1
34201.34,2,181317,500,133300,-1
34201.445,4,183620,50,133200,-1
34201.483,2,183555,1400,130890,1
34201.524,1,183768,2800,130820,1
34202.103,2,183768,2800,130820,1
34202.149,1,184183,1400,130890,1
34202.346,2,184183,1400,130890,1
34202.347,2,181996,1400,133790,-1
34202.584,1,184448,2800,130820,1
34202.589,1,184451,1400,133720,-1
34203.751,5,185106,600,133200,-1
34203.751,5,184188,400,133290,-1
34203.912,2,184448,2800,130820,1
34203.915,2,184451,1400,133720,-1
34203.957,1,185238,1400,130890,1
34203.959,4,182905,90,133300,-1
34203.96,1,185241,1400,133790,-1
34204.045,1,185318,2500,133600,-1
34204.726,2,185238,1400,130890,1
34204.766,1,185786,2800,130890,1
34205.725,1,186332,1000,133010,1
34205.764,2,185786,2800,130890,1
34205.767,2,185241,1400,133790,-1
34205.822,1,186425,2800,130960,1
34205.828,1,186433,1400,133860,-1
34205.834,1,186443,1000,133490,-1
34205.893,5,186156,1400,133300,-1
34206.161,1,186741,1000,133480,-1
34206.217,1,186811,1000,133900,-1
34206.459,2,186741,1000,133480,-1
34206.593,5,187091,500,133290,-1
34206.691,5,187053,27,133440,-1
34206.851,5,187053,473,133440,-1
34206.851,5,187065,527,133470,-1
34207.752,2,178718,500,133490,-1
34207.88,2,186425,2800,130960,1
34207.883,2,186433,1400,133860,-1
34207.933,1,188076,2800,130890,1
34207.936,1,188079,1400,133790,-1
34208.868,1,188723,500,133500,-1
34209.084,5,187581,400,133300,1
34209.133,1,188873,1000,133480,-1
34209.381,2,188873,1000,133480,-1
34209.446,1,189044,1000,133480,-1
34209.472,5,185402,500,133230,1
34209.506,5,185402,500,133230,1
34209.6,2,189044,1000,133480,-1
34209.871,1,189275,500,133200,1
34210.083,1,189404,1000,133480,-1
34210.164,2,189404,1000,133480,-1
34210.53,2,189275,500,133200,1
34210.878,2,188076,2800,130890,1
34210.923,1,189896,1400,130890,1
34212.692,5,190605,11,133440,-1
34212.847,1,190956,1000,132600,1
34212.891,2,189896,1400,130890,1
34212.934,1,190994,2800,130890,1
34213.69,1,191426,500,133320,1
34213.893,4,191426,100,133320,1
34214.315,1,191773,2000,133200,1
34214.836,2,190994,2800,130890,1
34214.839,2,188079,1400,133790,-1
34214.876,5,191778,400,133340,1
34214.907,1,192068,1400,130960,1
34214.909,1,192070,1400,133860,-1
34214.925,5,191778,177,133340,1
34214.925,4,191426,400,133320,1
34214.931,2,192068,1400,130960,1
34214.992,1,192135,2800,130960,1
34214.993,1,192136,600,133880,-1
34215.155,1,192217,1000,133210,1
34215.482,1,192474,482,133500,-1
34215.524,1,192511,600,132920,1
34215.585,2,192135,2800,130960,1
34215.628,1,192585,2800,130890,1
34216.001,5,189496,423,133470,-1
34216.001,5,192057,400,133470,-1
34216.001,5,192095,177,133470,-1
34216.008,2,192070,1400,133860,-1
34216.05,1,192904,1400,133790,-1
34216.928,2,186332,1000,133010,1
34216.965,1,193360,1000,133220,1
34218.819,1,194293,2000,133310,1
34218.926,5,189499,800,133480,-1
34218.926,5,194089,500,133480,-1
34218.926,4,186443,1000,133490,-1
34218.926,5,194051,200,133490,-1
34219.011,4,188723,500,133500,-1
34219.011,4,192474,482,133500,-1
34219.105,1,194463,2000,133300,1
34219.325,1,194570,100,134000,-1
34219.637,5,193276,500,133590,-1
34219.637,5,194493,500,133590,-1
34219.805,1,194840,3000,133500,1
34220.473,4,178260,110,133600,-1
34220.473,4,185318,1890,133600,-1
34220.536,2,192585,2800,130890,1
34220.538,2,192904,1400,133790,-1
34220.595,1,195266,1400,130960,1
34220.6,1,195271,1400,133860,-1
34221.032,2,194840,3000,133500,1
34221.107,2,1502,50,134400,-1
34221.116,1,195499,50,135400,-1
34221.241,4,185318,500,133600,-1
34221.348,1,195618,300,133300,1
34221.352,1,195620,1700,133300,1
34221.375,4,185318,110,133600,-1
34221.502,2,195266,1400,130960,1
34221.553,1,195720,2800,130960,1
34221.665,2,192511,600,132920,1
34221.669,2,192136,600,133880,-1
34221.775,1,195830,600,133980,-1
34222.049,2,146651,5000,133000,1
34222.319,1,196096,600,133020,1
34222.427,2,193360,1000,133220,1
34222.46,1,196163,1000,133320,1
34222.807,1,196319,100,133500,1
34223.166,1,196498,1000,133790,-1
34223.175,1,196500,500,133610,1
34223.55,2,191773,2000,133200,1
34223.574,1,196626,5000,133530,1
34223.589,2,194463,2000,133300,1
34223.931,1,196784,100,133600,1
34224.075,2,195720,2800,130960,1
34224.077,2,195271,1400,133860,-1
34224.078,2,196096,600,133020,1
34224.08,2,195830,600,133980,-1
34224.132,1,196879,2800,130890,1
34224.138,1,196882,1400,133790,-1
34224.139,5,194508,1000,133690,-1
34224.186,1,196921,600,133880,-1
34224.313,1,197012,2000,133510,1
34224.324,2,196784,100,133600,1
34224.326,2,196319,100,133500,1
34224.566,4,196500,39,133610,1
34224.713,5,194508,1500,133690,-1
34224.713,4,170133,500,133700,-1
34224.726,1,197235,600,132920,1
34224.855,2,196626,5000,133530,1
34225.053,2,197235,600,132920,1
34225.056,2,196921,600,133880,-1
34225.224,2,194293,2000,133310,1
34225.274,1,197492,600,133980,-1
34225.643,1,197641,2000,133610,1
34225.658,4,170133,100,133700,-1
34225.658,4,177994,1000,133700,-1
34225.684,5,197651,39,133700,1
34225.841,1,197755,600,133020,1
34225.92,1,197782,83,119900,1
34226.96,2,194570,100,134000,-1
34226.972,1,198253,100,134500,-1
34227.152,5,197651,861,133700,1
34227.161,5,198323,739,133700,-1
34227.278,2,197012,2000,133510,1
34227.312,2,197641,2000,133610,1
34227.48,2,196879,2800,130890,1
34227.483,2,196882,1400,133790,-1
34227.544,1,198518,2800,130960,1
34227.547,1,198520,1400,133860,-1
34227.743,2,196500,461,133610,1
34228.021,5,197944,27,133770,-1
34228.202,2,198518,2800,130960,1
34228.256,1,198939,1400,130960,1
34228.356,2,198939,1400,130960,1
34228.398,1,199029,2800,130890,1
34228.465,1,199060,2000,133410,1
34228.477,2,196163,1000,133320,1
34228.491,1,199075,1000,133420,1
34228.555,2,199075,1000,133420,1
34228.703,2,199029,2800,130890,1
34228.742,1,199211,1000,133420,1
34228.745,1,199217,1400,130960,1
34228.79,2,199211,1000,133420,1
34228.89,2,199217,1400,130960,1
34228.94,1,199333,2800,130890,1
34228.961,1,199343,1000,133420,1
34229.131,2,198520,1400,133860,-1
34229.189,1,199473,1400,133790,-1
34229.254,5,197944,30,133770,-1
34229.301,1,199541,500,133780,-1
34229.646,2,199541,500,133780,-1
34229.674,1,199702,400,133700,1
34230.305,1,200027,5480,133800,-1
34231.04,1,200414,500,133750,-1
34231.48,4,199702,400,133700,1
34232.163,2,199343,1000,133420,1
34232.38,1,200977,1000,133420,1
34233.102,1,201262,2000,133510,1
34234.734,2,201262,2000,133510,1
34235.274,2,197492,600,133980,-1
34235.334,1,202150,600,133980,-1
34235.843,2,197755,600,133020,1
34235.989,1,202438,600,133020,1
34236.478,1,202616,2000,133700,-1
34236.498,4,202616,61,133700,-1
34237.115,2,200977,1000,133420,1
34237.387,2,199473,1400,133790,-1
34237.437,1,203012,1400,133860,-1
34237.907,1,203248,500,134500,-1
34238.124,2,199333,2800,130890,1
34238.165,1,203372,2800,130960,1
34238.302,2,203372,2800,130960,1
34238.342,1,203461,1400,130960,1
34238.615,2,202438,600,133020,1
34238.617,2,202150,600,133980,-1
34238.724,1,203621,600,133880,-1
34239.161,1,203773,1000,133420,1
34239.271,1,203819,600,132920,1
34240.093,1,204092,500,133680,-1
34240.149,2,203819,600,132920,1
34240.151,2,203621,600,133880,-1
34240.256,1,204133,600,133980,-1
34240.502,2,203461,1400,130960,1
34240.508,2,204133,600,133980,-1
34240.529,2,204092,500,133680,-1
34240.544,1,204229,2800,130890,1
34240.62,2,203012,1400,133860,-1
34240.665,1,204289,1400,133790,-1
34240.74,1,204322,1000,133510,1
34240.803,1,204356,600,133880,-1
34240.858,2,204356,600,133880,-1
34241.35,1,204609,600,133880,-1
34241.408,2,204609,600,133880,-1
34241.786,2,202616,1939,133700,-1
34241.896,1,204855,600,133980,-1
34242.124,1,204923,400,137200,-1
34242.442,1,205032,600,133020,1
34242.576,1,205081,500,133700,-1
34242.677,2,204229,2800,130890,1
34242.677,2,204289,1400,133790,-1
34242.726,1,205163,1400,130960,1
34242.729,1,205164,1400,133860,-1
34243.178,2,157737,450,132500,1
34243.548,1,205508,400,147800,-1
34244.172,2,205163,1400,130960,1
34244.213,1,205904,2800,130960,1
34244.591,1,206089,1000,133000,1
34245.891,1,206696,5000,133200,1
34246.755,2,203773,1000,133420,1
34247.198,2,205904,2800,130960,1
34247.2,2,205164,1400,133860,-1
34247.252,1,207341,1400,131030,1
34247.256,1,207344,1400,133930,-1
34247.337,2,207341,1400,131030,1
34247.385,1,207474,2800,131030,1
34247.461,1,207528,61,133600,1
34247.477,2,205032,600,133020,1
34247.479,2,204855,600,133980,-1
34247.61,1,207667,600,134080,-1
34247.975,2,207667,600,134080,-1
34248.036,2,207474,2800,131030,1
34248.118,1,207968,2800,130960,1
34248.131,1,207982,600,133980,-1
34248.21,2,207982,600,133980,-1
34248.216,4,205081,500,133700,-1
34248.237,2,207968,2800,130960,1
34248.279,1,208100,1400,131030,1
34248.298,2,208100,1400,131030,1
34248.336,1,208138,2800,131030,1
34248.68,1,208346,600,134080,-1
34248.761,2,206696,5000,133200,1
34249.094,2,208138,2800,131030,1
34249.135,1,208605,1400,131030,1
34249.228,1,208651,600,133120,1
34249.507,2,208605,1400,131030,1
34249.51,2,207344,1400,133930,-1
34249.575,1,208863,2800,130960,1
34249.577,1,208864,1400,133860,-1
34249.951,1,209102,500,133610,1
34250.123,2,208864,1400,133860,-1
34250.17,1,209209,1400,133930,-1
34250.313,2,209209,1400,133930,-1
34250.358,1,209316,1400,133860,-1
34251.393,1,209844,100,133700,1
34251.576,2,207528,61,133600,1
34252.19,2,195618,300,133300,1
34252.192,2,195620,1700,133300,1
34252.506,2,208651,600,133120,1
34252.51,2,208346,600,134080,-1
34252.615,1,210328,600,134180,-1
34252.669,5,209110,69,133710,1
34252.669,5,210142,31,133710,1
34252.815,5,210375,100,133710,1
34252.855,1,210427,61,133700,1
34252.97,4,209844,100,133700,1
34253.164,1,210591,600,133220,1
34253.395,2,208863,2800,130960,1
34253.396,2,209316,1400,133860,-1
34253.444,1,210722,1400,131030,1
34253.447,1,210725,1400,133930,-1
34253.608,2,209102,500,133610,1
34254.687,2,133121,1600,131100,1
34254.698,1,211334,1600,132100,1
34254.873,2,210722,1400,131030,1
34254.912,1,211438,2800,131030,1
34254.95,1,211467,5000,133200,1
34255.95,2,200414,500,133750,-1
34257.729,2,211467,5000,133200,1
34258.918,2,211438,2800,131030,1
34258.921,2,210725,1400,133930,-1
34258.924,2,210591,600,133220,1
34258.928,2,210328,600,134180,-1
34258.959,1,213545,600,134280,-1
34258.979,1,213560,1400,131100,1
34258.984,1,213563,1400,134000,-1
34259.285,2,213545,600,134280,-1
34259.505,1,213872,600,134180,-1
34259.646,1,213984,200,131300,1
34259.922,2,213560,1400,131100,1
34259.924,2,213563,1400,134000,-1
34259.971,1,214175,2800,131030,1
34259.975,1,214181,1400,133930,-1
34260.052,1,214248,600,133220,1
34260.081,2,214175,2800,131030,1
34260.083,2,214181,1400,133930,-1
34260.164,1,214330,2800,131100,1
34260.179,1,214341,1400,134000,-1
34262.136,1,215469,5000,133800,-1
34264.846,5,216150,2000,133710,1
34264.846,4,210427,61,133700,1
34264.846,5,215453,57,133630,1
34264.846,5,203624,500,133610,1
34264.846,1,217005,882,133610,-1
34265.497,2,214330,2800,131100,1
34265.542,1,217426,1400,131100,1
34265.632,2,214248,600,133220,1
34265.635,2,213872,600,134180,-1
34265.738,1,217532,600,133120,1
34266.065,1,217655,500,133780,-1
34266.222,2,217426,1400,131100,1
34266.224,2,214341,1400,134000,-1
34266.225,2,217532,600,133120,1
34266.275,1,217807,2800,131170,1
34266.284,1,217813,1400,134080,-1
34266.302,1,217832,600,133220,1
34266.385,2,198253,100,134500,-1
34266.395,1,217914,100,134000,-1
34266.834,1,218140,600,134180,-1
34266.955,1,218207,100,133800,-1
34267.3,2,217832,600,133220,1
34267.302,2,218140,600,134180,-1
34267.331,2,217807,2800,131170,1
34267.334,2,217813,1400,134080,-1
34267.365,4,217005,882,133610,-1
34267.378,1,218437,2800,131100,1
34267.382,1,218441,600,133120,1
34267.387,1,218443,1400,134000,-1
34267.402,1,218454,5000,133610,1
34267.618,2,116251,100,130000,1
34267.933,1,218762,600,134080,-1
34268.067,1,218818,1000,133200,1
34268.071,1,218819,500,133610,1
34268.946,2,218454,5000,133610,1
34270.136,2,218437,2800,131100,1
34270.138,2,218443,1400,134000,-1
34270.196,1,219935,2800,131030,1
34270.199,1,219940,1400,133930,-1
34270.834,2,206089,1000,133000,1
34271.049,2,219935,2800,131030,1
34271.051,2,219940,1400,133930,-1
34271.1,1,220486,1000,132100,1
34271.101,1,220489,1400,131100,1
34271.107,1,220494,1400,134000,-1
34271.5,2,220489,1400,131100,1
34271.542,1,220719,2800,131100,1
34271.649,5,220375,100,133680,-1
34272.045,1,220963,400,133510,1
34272.203,2,220719,2800,131100,1
34272.245,1,221057,1400,131100,1
34273.178,2,218441,600,133120,1
34273.181,2,218762,600,134080,-1
34273.286,1,221599,600,133220,1
34273.834,1,221861,600,134180,-1
34273.849,5,218986,500,133770,-1
34273.849,5,221698,500,133770,-1
34273.854,2,221057,1400,131100,1
34273.856,2,220494,1400,134000,-1
34273.909,1,221900,2800,131030,1
34273.911,1,221902,1400,133930,-1
34274.175,1,222049,500,133700,1
34274.403,2,217655,500,133780,-1
34274.966,1,222408,500,133600,1
34275.777,1,222765,1000,134000,-1
34275.833,1,222788,1000,134300,-1
34275.968,5,221984,38,133770,-1
34276.434,5,221984,362,133770,-1
34276.434,4,196498,638,133790,-1
34276.446,4,196498,362,133790,-1
34276.446,4,112675,1000,133800,-1
34276.446,4,179050,500,133800,-1
34276.446,4,200027,5480,133800,-1
34276.446,4,215469,4738,133800,-1
34276.745,4,215469,200,133800,-1
34276.757,4,215469,62,133800,-1
34276.757,4,218207,100,133800,-1
34276.917,5,223166,500,133790,-1
34277.093,1,223294,500,133710,1
34277.194,1,223337,100,133740,1
34277.553,4,103228,1000,133860,-1
34277.697,1,223535,2000,133710,1
34277.734,4,103228,1000,133860,-1
34277.772,2,182932,68,133000,1
34277.921,4,103228,1000,133860,-1
34277.98,1,223674,68,133700,1
34278.089,5,199848,500,133890,-1
34278.089,4,149555,500,133900,-1
34278.805,5,223910,1000,133800,1
34278.814,5,223910,47,133800,1
34278.937,4,149555,500,133900,-1
34278.937,4,169647,500,133900,-1
34278.99,1,224228,5000,133300,1
34279.03,1,224244,1000,133800,1
34279.344,4,169647,4500,133900,-1
34279.344,4,186811,1000,133900,-1
34279.502,1,224519,1000,133900,1
34279.664,2,218819,500,133610,1
34279.741,2,221599,600,133220,1
34279.743,2,221861,600,134180,-1
34279.82,1,224723,1500,134180,-1
34279.849,1,224738,600,134280,-1
34279.901,2,223337,100,133740,1
34279.92,2,223294,500,133710,1
34280.288,4,224519,100,133900,1
34280.343,4,221902,1000,133930,-1
34280.402,1,225031,600,133320,1
34280.572,1,225153,450,132300,1
34280.639,4,221902,400,133930,-1
34280.888,2,223674,68,133700,1
34280.889,2,221900,2800,131030,1
34280.895,1,225390,1400,134360,-1
34280.926,5,223684,500,133970,-1
34280.926,5,130918,500,133990,-1
34280.94,1,225422,1400,133320,1
34280.98,1,225445,500,133910,1
34281.038,2,225422,1400,133320,1
34281.039,2,225390,1400,134360,-1
34281.05,1,225474,2500,133500,1
34281.158,1,225526,2000,133800,1
34281.166,1,225532,68,133800,1
34281.222,2,88558,200,134900,-1
34281.33,5,130918,600,133990,-1
34281.481,5,130918,3000,133990,-1
34281.484,1,225665,5000,133920,1
34281.594,5,130918,600,133990,-1
34281.596,5,130918,1700,133990,-1
34281.598,5,130918,500,133990,-1
34281.602,5,130918,100,133990,-1
34281.603,5,130918,100,133990,-1
34281.605,5,130918,1000,133990,-1
34281.606,5,130918,700,133990,-1
34281.862,5,130918,1000,133990,-1
34281.999,5,130918,1000,133990,-1
34282.282,1,226025,500,133920,1
34282.477,5,130918,2500,133990,-1
34282.566,5,130918,1500,133990,-1
34282.584,5,130918,500,133990,-1
34282.621,5,130918,4700,133990,-1
34282.71,5,224522,1000,133990,-1
34282.742,2,224519,900,133900,1
34282.77,1,226324,500,133920,1
34282.8,5,224522,1200,133990,-1
34282.806,1,226339,1400,134430,-1
34282.834,2,226339,1400,134430,-1
34282.927,1,226409,1400,134360,-1
34282.931,5,226383,100,133960,-1
34282.931,4,52395,600,134000,-1
34282.931,4,67685,300,134000,-1
34283.01,4,67685,1400,134000,-1
34283.01,4,101854,100,134000,-1
34283.01,4,112799,500,134000,-1
34283.01,4,175016,700,134000,-1
34283.01,4,217914,100,134000,-1
34283.01,4,222765,1000,134000,-1
34283.059,2,224723,1500,134180,-1
34283.1,1,226537,1000,134270,-1
34283.159,1,226566,1500,134280,-1
34283.215,1,226603,500,134300,-1
34283.613,2,226537,1000,134270,-1
34283.834,1,226991,1000,134270,-1
34283.855,1,226999,1000,134190,-1
34283.999,2,226603,500,134300,-1
34284.008,1,227074,500,134200,-1
34284.021,2,226991,1000,134270,-1
34284.078,1,227115,100,133900,1
34284.127,1,227139,500,133990,-1
34284.164,4,227139,500,133990,-1
34284.268,1,227224,5000,133930,1
34284.313,1,227244,1400,133390,1
34284.314,2,226409,1400,134360,-1
34284.331,2,225031,600,133320,1
34284.332,2,224738,600,134280,-1
34284.336,1,227253,600,134380,-1
34284.363,1,227278,1400,134430,-1
34284.41,2,225665,5000,133920,1
34284.453,1,227343,100,129000,1
34284.613,2,182831,5000,135000,-1
34284.616,2,180049,5000,132000,1
34284.659,5,227228,400,133980,1
34284.676,1,227464,200,133710,1
34284.881,1,227570,600,133420,1
34285.02,1,227649,2000,133900,1
34285.122,5,227457,400,134130,-1
34285.122,5,227198,500,134180,-1
34285.122,4,226999,100,134190,-1
34285.14,2,227074,500,134200,-1
34285.221,1,227741,500,134090,-1
34285.24,4,227741,500,134090,-1
34285.358,2,226566,1500,134280,-1
34285.359,1,227801,500,133950,1
34285.397,4,226999,900,134190,-1
34285.57,1,227943,1000,134290,-1
34285.586,2,227943,1000,134290,-1
34285.594,1,227961,400,134280,-1
34285.621,2,227224,5000,133930,1
34285.774,1,228048,500,134090,-1
34285.808,2,227244,1400,133390,1
34285.812,2,227278,1400,134430,-1
34285.819,2,227570,600,133420,1
34285.821,2,227253,600,134380,-1
34285.833,4,228048,500,134090,-1
34285.867,1,228115,600,134280,-1
34285.878,1,228124,1400,133320,1
34285.881,1,228127,1400,134360,-1
34285.908,1,228145,500,134000,1
34286.035,1,228229,500,134090,-1
34286.043,4,228229,500,134090,-1
34286.186,1,228314,500,134100,1
34286.412,1,228458,600,133320,1
34286.482,2,227961,400,134280,-1
34286.577,5,228331,900,134130,1
34286.622,1,228580,1000,134100,1
34286.65,2,228458,600,133320,1
34286.653,2,228115,600,134280,-1
34286.954,1,228759,5000,134000,1
34286.975,1,228777,300,133820,1
34286.995,1,228790,5000,134140,1
34287.152,1,228861,1400,134110,1
34287.334,5,226548,1500,134270,-1
34287.483,1,229010,2000,134000,1
34287.529,2,224244,1000,133800,1
34287.54,1,229031,600,134380,-1
34287.971,1,229224,100,134100,1
34288.005,2,228861,1400,134110,1
34288.156,1,229303,500,134140,1
34288.32,2,227464,200,133710,1
34288.368,5,228857,500,134280,-1
34288.368,5,228222,2000,134290,-1
34288.369,2,222408,500,133600,1
34288.384,2,228124,1400,133320,1
34288.387,2,228127,1400,134360,-1
34288.435,2,229031,600,134380,-1
34288.44,1,229417,1400,133390,1
34288.441,1,229419,600,134480,-1
34288.443,1,229421,1400,134430,-1
34288.659,1,229557,2000,134100,1
34288.884,5,228222,1400,134290,-1
34288.972,2,228790,5000,134140,1
34289.047,1,229732,300,120200,1
34289.048,5,228222,70,134290,-1
34289.12,1,229766,5000,134300,-1
34289.142,1,229776,500,134210,1
34289.204,1,229795,700,133810,1
34289.207,1,229797,10000,134490,-1
34289.73,2,228777,300,133820,1
34289.732,1,230003,300,133920,1
34289.767,5,229742,2000,134270,-1
34289.894,1,230058,4000,134800,-1
34289.953,5,228222,1500,134290,-1
34289.964,5,228222,4030,134290,-1
34289.964,5,229324,1500,134290,-1
34289.964,4,57104,500,134300,-1
34289.964,4,222788,470,134300,-1
34290.051,1,230124,700,134290,-1
34290.186,4,230124,700,134290,-1
34290.19,4,222788,530,134300,-1
34290.19,4,229766,270,134300,-1
34290.286,2,223535,2000,133710,1
34290.337,4,229766,100,134300,-1
34290.346,2,225526,2000,133800,1
34290.348,2,227649,2000,133900,1
34290.352,2,229010,2000,134000,1
34290.354,2,229557,2000,134100,1
34290.611,4,229766,1300,134300,-1
34290.625,2,225445,500,133910,1
34290.631,4,229766,300,134300,-1
34290.823,2,226025,500,133920,1
34290.912,4,229776,500,134210,1
34290.917,5,229528,1000,134210,1
34290.917,5,228807,500,134190,1
34290.917,4,229303,500,134140,1
34290.917,5,229782,1000,134110,1
34290.917,4,228314,500,134100,1
34290.917,4,228580,1000,134100,1
34290.917,4,229224,100,134100,1
34290.917,5,227560,1000,134010,1
34290.917,4,228145,500,134000,1
34290.917,4,228759,3400,134000,1
34290.929,4,229766,200,134300,-1
34290.945,2,226324,500,133920,1
34290.957,1,230511,1000,134010,1
34290.973,5,230506,1000,134260,-1
34290.997,5,230508,500,134260,-1
34290.997,4,229766,2830,134300,-1
34291.018,1,230547,500,134500,-1
34291.208,2,227801,500,133950,1
34292.03,1,230976,500,134210,1
34292.072,1,230985,2000,134200,1
34292.17,5,230125,100,134390,-1
34292.184,1,231024,1400,134220,1
34292.242,2,231024,1400,134220,1
34292.666,5,231076,1400,134390,-1
34292.666,4,44584,100,134400,-1
34292.666,4,92092,830,134400,-1
34292.732,1,231246,1400,134310,1
34293.223,5,231260,10,134360,1
34293.429,1,231484,1000,134590,-1
34293.543,2,229417,1400,133390,1
34293.545,2,229421,1400,134430,-1
34293.595,1,231573,1400,133320,1
34293.599,5,231460,100,134360,1
34293.599,1,231577,1300,134360,-1
34293.64,2,230976,500,134210,1
34293.762,2,230985,2000,134200,1
34293.78,1,231690,5000,134400,-1
34293.815,4,231577,100,134360,-1
34294.176,1,231926,1000,134400,-1
34294.762,2,231246,1400,134310,1
34294.912,2,229795,700,133810,1
34294.984,1,232311,5000,133700,1
34295.233,1,232421,700,133810,1
34295.245,1,232428,2000,134400,-1
34295.609,2,228759,1600,134000,1
34295.629,2,232421,700,133810,1
34295.895,1,232729,700,133910,1
34296.147,5,232334,900,134320,-1
34296.22,1,232867,1000,134300,-1
34296.298,2,232729,700,133910,1
34296.44,1,232965,700,133810,1
34297.079,1,233255,100,133800,1
34297.386,1,233376,500,134300,-1
34297.731,5,233237,100,134290,-1
34297.79,2,227115,100,133900,1
34297.985,2,232965,700,133810,1
34298.071,1,233696,2000,134300,-1
34298.117,1,233714,1500,133820,1
34298.253,1,233769,700,133910,1
34298.37,2,233769,700,133910,1
34298.446,2,229419,600,134480,-1
34298.583,1,233903,600,134480,-1
34298.804,1,234017,700,133910,1
34298.82,2,230511,1000,134010,1
34298.863,1,234053,1000,133930,1
34298.959,5,233726,100,134250,-1
34298.959,5,233896,140,134260,-1
34299.159,1,234182,5000,134100,1
34299.198,1,234197,2000,134300,-1
34299.285,2,234053,1000,133930,1
34299.291,1,234242,200,134300,-1
34299.393,1,234280,2000,133800,1
34299.736,2,230003,300,133920,1
34299.912,1,234495,300,133920,1
34299.913,1,234496,100,134300,-1
34300.339,1,234667,2500,134300,-1
34300.959,5,234189,44,134120,1
34301.567,2,233376,500,134300,-1
34301.757,1,235231,3000,133910,1
34301.976,2,234017,700,133910,1
34302.201,1,235419,700,133810,1
34302.591,1,235607,500,134290,-1
34302.863,2,235419,700,133810,1
34302.955,1,235758,700,133710,1
34303.003,5,235082,81,134220,1
34303.077,2,235758,700,133710,1
34303.344,2,23354,200,134500,-1
34303.501,1,235969,700,133810,1
34303.626,2,235969,700,133810,1
34304.047,1,236174,700,133910,1
34304.167,1,236218,2000,134100,1
34304.666,5,235082,300,134220,1
34304.946,5,235082,500,134220,1
34304.968,5,235082,19,134220,1
34304.968,5,234189,956,134120,1
34304.968,5,234190,800,134110,1
34304.968,5,234312,1500,134110,1
34304.968,4,234182,3225,134100,1
34304.996,2,231573,1400,133320,1
34304.998,2,231577,1200,134360,-1
34305.042,1,236588,1400,133250,1
34305.044,1,236592,1400,134290,-1
34305.117,1,236654,1000,134290,-1
34305.482,2,236174,700,133910,1
34305.595,1,236853,700,133810,1
34305.737,4,234182,1775,134100,1
34305.737,4,236218,2000,134100,1
34305.949,2,236853,700,133810,1
34306.076,2,231926,1000,134400,-1
34306.177,1,237119,700,133710,1
34306.339,1,237198,500,145000,-1
34306.371,2,234495,300,133920,1
34306.391,2,235231,3000,133910,1
34306.491,1,237264,300,133820,1
34306.573,5,237114,1000,134130,1
34306.72,1,237363,1000,133830,1
34307.099,1,237549,1000,134280,-1
34307.193,2,237549,1000,134280,-1
34307.242,2,233903,600,134480,-1
34307.347,2,237363,1000,133830,1
34307.35,1,237676,600,134380,-1
34307.361,2,233714,1500,133820,1
34307.544,2,225532,68,133800,1
34307.555,5,237114,1000,134130,1
34307.577,1,237766,1000,134280,-1
34307.665,1,237815,68,134000,1
34308.116,2,237766,1000,134280,-1
34308.441,2,237676,600,134380,-1
34308.554,1,238102,600,134480,-1
34308.724,2,237119,700,133710,1
34308.86,1,238222,700,133810,1
34309.097,1,238303,500,134090,-1
34309.099,2,231690,5000,134400,-1
34309.23,2,238222,700,133810,1
34309.408,1,238439,700,133710,1
34309.481,5,238309,900,134070,-1
34309.536,2,238102,600,134480,-1
34309.649,1,238542,600,134380,-1
34309.965,1,238707,700,134000,1
34310.642,2,190956,1000,132600,1
34311.164,5,238332,1000,134030,1
34311.164,5,238771,2200,134010,1
34311.164,4,237815,68,134000,1
34311.164,4,238707,632,134000,1
34311.315,1,239236,1000,130000,1
34312.337,2,238439,700,133710,1
34312.471,1,239705,700,133810,1
34312.64,2,233696,2000,134300,-1
34312.957,2,234496,100,134300,-1
34313.2,2,234242,200,134300,-1
34313.25,1,240061,200,134300,-1
34313.59,2,240061,200,134300,-1
34314.86,4,238707,68,134000,1
34315.008,2,234667,2500,134300,-1
34315.252,2,236588,1400,133250,1
34315.295,1,240920,1400,133170,1
34315.54,2,232428,2000,134400,-1
34315.57,2,234197,2000,134300,-1
34315.602,2,236592,1400,134290,-1
34315.619,2,237264,300,133820,1
34315.63,2,238542,600,134380,-1
34315.652,1,241066,1400,134220,-1
34315.678,1,241084,300,133720,1
34316.214,1,241325,600,134280,-1
34316.5,1,241469,100,134000,-1
34316.67,2,239705,700,133810,1
34316.732,1,241578,500,133990,-1
34316.946,1,241680,1000,134000,-1
34316.99,1,241717,700,133710,1
34317.21,1,241816,500,134300,-1
34317.515,1,241971,1400,133810,1
34317.532,1,241984,2000,134100,-1
34317.582,2,234280,2000,133800,1
34317.588,2,241469,100,134000,-1
34317.708,2,241971,1400,133810,1
34317.748,5,241800,1000,133960,-1
34317.75,1,242112,8100,134300,-1
34317.834,1,242161,1000,134000,-1
34318.183,1,242376,1400,133810,1
34318.234,5,237314,40,133830,1
34318.297,2,242376,1400,133810,1
34318.31,5,237314,1000,133830,1
34318.382,5,237314,1000,133830,1
34318.75,1,242805,1400,133810,1
34318.837,2,242805,1400,133810,1
34319.28,2,241084,300,133720,1
34319.38,1,243271,300,133620,1
34319.625,2,213984,200,131300,1
34320.049,2,242112,8100,134300,-1
34320.06,2,240920,1400,133170,1
34320.077,2,241325,600,134280,-1
34320.108,1,243770,1400,133100,1
34320.119,1,243782,200,131700,1
34320.157,2,241066,1400,134220,-1
34320.16,1,243829,600,134180,-1
34320.2,1,243878,1400,134150,-1
34320.518,1,244094,1000,133610,1
34320.706,2,242161,1000,134000,-1
34320.811,1,244324,10000,133500,1
34321.102,2,241680,1000,134000,-1
34321.417,5,244533,200,133900,-1
34322.306,5,242905,100,133820,1
34322.446,5,242905,100,133820,1
34322.577,1,245324,2000,133600,1
34322.587,2,243770,1400,133100,1
34322.59,2,243878,1400,134150,-1
34322.653,1,245384,1400,133030,1
34322.657,1,245388,1400,134080,-1
34322.703,2,243271,300,133620,1
34322.782,1,245467,300,133520,1
34322.928,1,245567,1000,134000,-1
34323.318,2,245467,300,133520,1
34323.322,1,245811,300,133620,1
34323.793,1,246090,2000,133800,1
34323.965,1,246208,1400,133810,1
34324.081,5,246218,44,133830,1
34324.848,2,243829,600,134180,-1
34324.855,1,246742,5000,133830,1
34324.96,1,246814,600,134280,-1
34325.103,2,246814,600,134280,-1
34325.547,1,247095,600,134280,-1
34326.237,2,246742,5000,133830,1
34326.35,1,247552,500,134400,-1
34326.373,5,246775,300,133950,-1
34326.373,5,241586,100,133970,-1
34326.373,5,245192,100,133970,-1
34326.373,5,245267,100,133970,-1
34326.373,5,241587,400,133980,-1
34326.482,2,246208,1400,133810,1
34326.484,1,247631,1400,133910,1
34326.522,2,235607,500,134290,-1
34326.698,2,238303,500,134090,-1
34326.88,2,241717,700,133710,1
34326.888,2,241578,500,133990,-1
34326.927,2,245811,300,133620,1
34326.93,1,247866,300,133720,1
34327.046,1,247910,700,133810,1
34327.112,2,245324,2000,133600,1
34327.138,2,246090,2000,133800,1
34327.211,2,247910,700,133810,1
34327.601,1,248152,700,133910,1
34327.762,4,247631,1400,133910,1
34327.762,4,248152,700,133910,1
34327.89,2,245384,1400,133030,1
34327.893,2,245388,1400,134080,-1
34327.899,2,247866,300,133720,1
34327.928,1,248350,300,133620,1
34327.948,1,248379,1400,132960,1
34327.953,1,248385,1400,134000,-1
34328.144,5,246479,39,133840,1
34328.159,5,248344,300,133890,-1
34328.753,1,248895,300,133910,1
34328.992,4,248895,300,133910,1
34329.311,1,249171,500,133990,-1
34329.315,1,249172,500,134190,-1
34329.438,1,249239,2000,134100,-1
34329.57,2,225474,2500,133500,1
34329.684,5,249178,200,133980,-1
34329.691,5,249178,94,133980,-1
34329.86,1,249538,500,133510,1
34330.125,2,233255,100,133800,1
34330.142,1,249708,500,133890,-1
34330.236,2,249171,500,133990,-1
34330.865,2,247095,600,134280,-1
34330.944,2,248379,1400,132960,1
34330.948,2,248385,1400,134000,-1
34330.989,1,250274,600,134280,-1
34331.003,1,250285,1400,133030,1
34331.006,1,250288,1400,134080,-1
34331.125,2,249538,500,133510,1
34331.244,5,250345,500,133820,1
34331.345,1,250528,500,133410,1
34331.524,2,250274,600,134280,-1
34331.535,2,250285,1400,133030,1
34331.538,2,250288,1400,134080,-1
34331.597,1,250706,1400,132960,1
34331.6,1,250708,1400,134000,-1
34331.637,1,250750,600,134180,-1
34331.748,2,250706,1400,132960,1
34331.75,2,250708,1400,134000,-1
34331.803,1,250879,1400,133030,1
34331.805,1,250884,1400,134080,-1
34331.824,2,174429,5000,133000,1
34332.094,5,249719,106,133880,-1
34332.094,4,249708,500,133890,-1
34332.094,5,249644,394,133900,-1
34332.663,2,250879,1400,133030,1
34332.665,2,250884,1400,134080,-1
34332.729,1,251479,1400,132960,1
34332.731,1,251481,1400,134000,-1
34333.54,5,249707,500,133750,1
34333.648,2,249172,500,134190,-1
34333.753,1,252105,500,134090,-1
34333.756,1,252111,1000,133410,1
34333.823,2,250528,500,133410,1
34334.0,2,252105,500,134090,-1
34334.298,1,252514,500,133310,1
34334.391,1,252586,100,133900,-1
34334.963,1,252901,500,134090,-1
34334.971,1,252907,500,134000,-1
34336.385,5,249713,39,133720,1
34336.682,1,253870,100,133800,-1
34336.866,5,253846,50,133770,-1
34336.872,2,251479,1400,132960,1
34336.912,1,253995,1400,132890,1
34337.103,2,248350,300,133620,1
34337.212,1,254227,300,133520,1
34337.222,2,250750,600,134180,-1
34337.472,2,253995,1400,132890,1
34337.515,1,254387,1400,132960,1
34337.757,1,254535,600,134080,-1
34337.8,2,253870,100,133800,-1
34338.351,1,254882,1000,133710,1
34338.362,5,249713,44,133720,1
34338.413,2,241816,500,134300,-1
34338.523,2,254535,600,134080,-1
34338.616,5,254922,500,133730,1
34338.63,1,255060,600,134180,-1
34338.645,2,254387,1400,132960,1
34338.666,5,254922,373,133730,1
34338.666,5,252935,500,133720,1
34338.666,5,254923,800,133720,1
34338.666,4,254882,327,133710,1
34338.686,1,255100,1400,132890,1
34338.694,4,254882,500,133710,1
34338.779,2,251481,1400,134000,-1
34338.829,1,255204,1400,133930,-1
34338.921,2,252901,500,134090,-1
34338.924,2,252514,500,133310,1
34339.028,1,255349,500,134200,-1
34339.18,2,254227,300,133520,1
34339.182,1,255432,300,133620,1
34339.194,1,255441,500,133210,1
34339.887,1,255930,500,133990,-1
34340.464,4,254882,173,133710,1
34340.464,5,249881,27,133710,1
34340.897,2,23678,800,135500,-1
34341.249,5,249881,1000,133710,1
34341.455,1,256713,100,133800,-1
34342.207,2,66331,1000,134500,-1
34342.208,1,257068,2000,133710,1
34342.39,5,255861,500,133790,-1
34342.994,1,257391,1000,134000,-1
34343.029,4,256713,100,133800,-1
34343.029,5,256266,406,133800,-1
34343.029,5,257280,494,133800,-1
34343.297,2,255441,500,133210,1
34343.298,2,255930,500,133990,-1
34343.415,1,257571,500,133310,1
34343.419,2,255100,1400,132890,1
34343.423,2,255204,1400,133930,-1
34343.479,1,257626,1400,132960,1
34343.484,1,257630,1400,134000,-1
34343.878,2,255060,600,134180,-1
34343.955,1,257942,500,134090,-1
34343.99,1,257967,600,134280,-1
34344.514,2,257942,500,134090,-1
34344.537,2,255432,300,133620,1
34344.541,1,258252,300,133720,1
34344.608,5,257420,1000,133880,-1
34344.634,1,258294,500,134190,-1
34344.679,2,257571,500,133310,1
34344.774,1,258382,2000,133710,1
34345.173,5,258222,43,133810,1
34345.174,1,258594,500,133410,1
34345.452,5,257406,1000,133890,-1
34345.452,5,257421,800,133890,-1
34345.452,5,258653,3200,133890,-1
34345.465,5,258653,1000,133890,-1
34345.493,2,258294,500,134190,-1
34345.526,2,258252,300,133720,1
34345.529,1,258735,300,133620,1
34345.587,5,258653,4300,133890,-1
34345.587,4,252586,100,133900,-1
34345.587,5,252188,600,133900,-1
34345.602,5,252188,1000,133900,-1
34345.743,1,258848,500,134290,-1
34345.797,5,252188,400,133900,-1
34345.797,5,258790,800,133900,-1
34346.046,2,249239,2000,134100,-1
34346.076,2,258735,300,133620,1
34346.079,1,259013,300,133720,1
34346.164,2,257630,1400,134000,-1
34346.188,2,257626,1400,132960,1
34346.218,1,259090,1400,134080,-1
34346.251,1,259115,1400,133030,1
34346.514,2,257068,2000,133710,1
34346.999,1,259494,1000,133800,1
34347.226,2,258594,500,133410,1
34347.27,2,257967,600,134280,-1
34347.364,1,259738,20000,122500,1
34347.378,1,259745,600,134380,-1
34347.575,1,259829,500,133510,1
34347.694,2,258382,2000,133710,1
34347.932,2,259013,300,133720,1
34347.934,1,260021,300,133820,1
34348.442,2,259115,1400,133030,1
34348.456,2,260021,300,133820,1
34348.476,1,260269,300,133720,1
34348.488,1,260282,1400,132960,1
34348.865,2,259090,1400,134080,-1
34348.915,1,260486,1400,134000,-1
34348.996,2,260282,1400,132960,1
34348.999,2,260486,1400,134000,-1
34349.024,2,260269,300,133720,1
34349.029,1,260568,300,133820,1
34349.088,1,260623,1400,133030,1
34349.092,1,260625,1400,134080,-1
34349.103,2,260568,300,133820,1
34349.136,2,260623,1400,133030,1
34349.156,1,260678,2000,133810,1
34349.186,1,260703,1400,132960,1
34349.567,1,260902,300,133720,1
34349.815,2,260625,1400,134080,-1
34349.858,1,261043,1400,134000,-1
34350.12,2,260902,300,133720,1
34350.123,1,261145,300,133820,1
34350.28,2,259494,1000,133800,1
34350.288,1,261222,1000,134090,-1
34350.322,2,261043,1400,134000,-1
34350.349,2,261145,300,133820,1
34350.364,1,261267,1400,134080,-1
34350.416,1,261312,2400,134400,-1
34350.469,1,261344,2500,132800,1
34350.662,1,261476,300,133820,1
34350.774,1,261575,3900,134000,-1
34350.824,2,260678,2000,133810,1
34351.806,2,261267,1400,134080,-1
34351.838,5,261376,257,133910,1
34351.855,1,262215,1400,134000,-1
34351.907,1,262245,1500,133720,1
34352.401,2,262215,1400,134000,-1
34352.429,2,262245,1500,133720,1
34352.443,1,262576,1400,134080,-1
34352.523,2,262576,1400,134080,-1
34352.564,1,262655,1400,134000,-1
34352.58,1,262671,1500,133720,1
34352.902,2,259829,500,133510,1
34353.103,1,262953,500,133410,1
34353.161,2,262953,500,133410,1
34353.675,1,263228,500,133410,1
34353.729,1,263251,100,134000,-1
34354.827,2,258848,500,134290,-1
34355.097,1,263922,500,134190,-1
34355.754,2,262671,1500,133720,1
34356.928,2,261312,2400,134400,-1
34356.931,1,264729,1600,134000,-1
34356.974,2,263922,500,134190,-1
34356.995,5,264683,200,133850,1
34357.175,1,264852,1000,133990,-1
34357.191,1,264860,500,134290,-1
34357.377,2,259745,600,134380,-1
34357.442,2,261476,300,133820,1
34357.448,1,264977,200,133720,1
34357.621,5,264636,473,133830,1
34357.621,5,259020,1000,133810,1
34357.621,1,265066,527,133790,-1
34357.669,4,265066,527,133790,-1
34357.82,2,264852,1000,133990,-1
34357.991,1,265217,600,134380,-1
34358.048,2,265217,600,134380,-1
34358.086,2,264860,500,134290,-1
34358.19,1,265299,500,134190,-1
34358.25,2,263228,500,133410,1
34358.392,2,236654,1000,134290,-1
34358.535,1,265458,600,134280,-1
34358.663,5,265489,100,133760,1
34358.663,5,265086,900,133740,1
34358.678,2,265299,500,134190,-1
34358.724,1,265570,1000,133990,-1
34358.744,1,265579,500,134090,-1
34358.754,2,260703,1400,132960,1
34358.756,2,262655,1400,134000,-1
34358.814,1,265634,1400,132890,1
34358.818,1,265638,1400,133930,-1
34358.819,5,265086,100,133740,1
34358.819,5,265088,800,133730,1
34358.819,4,264977,100,133720,1
34358.94,2,265570,1000,133990,-1
34358.973,4,264977,100,133720,1
34358.973,5,265015,900,133710,1
34359.034,1,265761,1500,133620,1
34359.065,2,265458,600,134280,-1
34359.086,1,265787,100,133880,-1
34359.283,1,265890,500,133210,1
34359.446,2,265579,500,134090,-1
34359.53,2,261344,2500,132800,1
34359.543,1,266035,2500,131900,1
34359.636,2,265787,100,133880,-1
34359.64,1,266112,100,133800,-1
34359.666,4,266112,73,133800,-1
34359.72,2,231484,1000,134590,-1
34359.84,2,266112,27,133800,-1
34359.858,2,265634,1400,132890,1
34359.86,2,265638,1400,133930,-1
34359.878,1,266248,500,133990,-1
34359.882,1,266253,1000,133990,-1
34359.915,1,266284,1400,132960,1
34359.918,1,266286,1400,134000,-1
34360.183,1,266435,27,133800,-1
34360.242,2,266248,500,133990,-1
34360.283,2,222049,500,133700,1
34360.433,1,266565,2000,134000,-1
34360.439,1,266571,500,134090,-1
34360.723,1,266711,600,133220,1
34360.892,2,265890,500,133210,1
34361.12,2,264729,1600,134000,-1
34361.134,1,266923,1600,134100,-1
34361.214,1,266965,500,133310,1
34362.666,5,267015,294,133720,1
34362.666,5,265015,960,133710,1
34362.666,5,265806,1400,133710,1
34362.666,4,232311,4946,133700,1
34362.968,4,266435,27,133800,-1
34362.968,5,266773,373,133800,-1
34363.241,1,267846,600,134180,-1
34363.846,2,169050,10000,132000,1
34363.96,2,266923,1600,134100,-1
34363.962,1,268190,2400,134400,-1
34363.972,2,266284,1400,132960,1
34363.974,2,266286,1400,134000,-1
34364.006,4,232311,54,133700,1
34364.091,1,268281,1400,132890,1
34364.105,1,268284,1400,133930,-1
34364.24,2,266965,500,133310,1
34364.37,1,268427,1000,133800,-1
34364.488,1,268500,500,133210,1
34364.689,2,220963,400,133510,1
34364.829,1,268660,1000,133800,-1
34364.987,1,268725,44,133700,-1
34365.311,2,265761,1500,133620,1
34365.421,1,268928,1500,133520,1
34365.54,2,267846,600,134180,-1
34365.542,2,266711,600,133220,1
34365.598,4,268725,44,133700,-1
34365.642,1,269021,1300,134980,-1
34365.644,1,269023,600,133120,1
34366.193,1,269219,600,134080,-1
34366.559,1,269387,1000,133800,-1
34366.694,5,269000,329,133730,1
34366.752,2,203248,500,134500,-1
34368.21,1,269984,500,134000,-1
34368.61,5,268414,500,133630,1
34369.419,1,270539,5000,133200,1
34370.438,2,266571,500,134090,-1
34370.5,1,271068,500,134090,-1
34371.795,2,268928,1500,133520,1
34371.911,1,271719,1500,133620,1
34372.03,2,268427,1000,133800,-1
34372.321,2,245567,1000,134000,-1
34373.088,2,269023,600,133120,1
34373.089,1,272251,600,133220,1
34373.092,2,269219,600,134080,-1
34373.452,2,269387,1000,133800,-1
34373.632,1,272471,600,134180,-1
34373.96,2,272251,600,133220,1
34373.961,2,272471,600,134180,-1
34374.176,1,272695,600,134080,-1
34374.207,2,271719,1500,133620,1
34374.312,1,272755,1500,133520,1
34374.488,2,268500,500,133210,1
34374.596,1,272857,500,133210,1
34374.657,2,271068,500,134090,-1
34374.723,1,272903,600,133120,1
34374.942,2,268281,1400,132890,1
34374.944,2,268284,1400,133930,-1
34374.996,5,270192,16,133690,-1
34375.001,1,273027,1400,132820,1
34375.005,1,273031,1400,133860,-1
34375.159,1,273138,500,133990,-1
34375.233,2,273138,500,133990,-1
34375.455,4,244094,500,133610,1
34375.786,1,273462,500,134090,-1
34376.575,1,273771,4227,133900,-1
34376.844,2,224228,5000,133300,1
34377.037,2,272857,500,133210,1
34377.145,1,273995,500,133310,1
34377.406,2,148041,300,128500,1
34377.459,5,273601,11,133630,1
34377.48,2,147992,300,138600,-1
34377.499,2,272755,1500,133520,1
34377.6,2,273027,1400,132820,1
34377.605,2,273031,1400,133860,-1
34377.649,1,274328,1400,132750,1
34377.656,1,274335,1400,133790,-1
34377.84,2,244324,10000,133500,1
34378.212,2,273995,500,133310,1
34378.367,1,274765,500,133210,1
34378.777,4,244094,500,133610,1
34378.942,1,275213,1500,133420,1
34378.963,2,274328,1400,132750,1
34379.007,1,275272,1400,132670,1
34379.027,2,275272,1400,132670,1
34379.03,2,274335,1400,133790,-1
34379.091,1,275346,1400,132820,1
34379.098,1,275357,1400,133860,-1
34379.115,2,273462,500,134090,-1
34379.176,2,275346,1400,132820,1
34379.178,2,275357,1400,133860,-1
34379.274,1,275516,1000,134000,-1
34379.309,1,275564,1400,132750,1
34379.314,1,275568,1400,133790,-1
34379.487,1,275719,500,133990,-1
34379.68,5,275076,200,133560,1
34379.68,4,204322,800,133510,1
34379.828,1,276022,10000,133300,1
34379.87,2,275564,1400,132750,1
34379.913,1,276100,1400,132670,1
34380.003,2,276100,1400,132670,1
34380.049,1,276195,1400,132750,1
34380.403,1,276522,1000,136100,-1
34380.608,1,276694,150,133700,-1
34380.631,2,276195,1400,132750,1
34380.638,1,276716,400,133700,-1
34380.67,1,276752,1400,132670,1
34380.722,2,272903,600,133120,1
34380.728,2,272695,600,134080,-1
34380.745,2,275568,1400,133790,-1
34380.771,1,276838,600,133980,-1
34380.789,1,276856,1400,133720,-1
34381.058,2,276752,1400,132670,1
34381.063,2,276856,1400,133720,-1
34381.138,1,277096,1400,132750,1
34381.141,1,277100,1400,133790,-1
34381.287,1,277209,600,133020,1
34381.58,2,277096,1400,132750,1
34381.581,2,277100,1400,133790,-1
34381.674,2,276694,150,133700,-1
34381.704,1,277513,1400,132670,1
34381.707,1,277515,1400,133720,-1
34381.958,1,277727,5000,133900,-1
34382.047,1,277798,150,133600,-1
34382.33,4,204322,200,133510,1
34382.362,2,277513,1400,132670,1
34382.364,2,277515,1400,133720,-1
34382.405,1,278024,1400,132750,1
34382.425,1,278043,1400,133790,-1
34382.527,1,278149,3800,134200,-1
34382.829,2,274765,500,133210,1
34383.16,1,278703,500,133110,1
34383.711,2,278703,500,133110,1
34383.966,1,279247,100,133700,-1
34384.047,1,279306,500,133110,1
34384.13,2,277209,600,133020,1
34384.134,2,276838,600,133980,-1
34384.148,1,279380,600,132920,1
34384.151,2,275213,1500,133420,1
34384.165,2,278024,1400,132750,1
34384.167,2,278043,1400,133790,-1
34384.222,1,279451,1500,133320,1
34384.245,1,279476,1400,132670,1
34384.25,1,279483,1400,133720,-1
34384.679,1,279830,600,133880,-1
34385.418,1,280321,1000,133600,-1
34386.193,2,232867,1000,134300,-1
34386.647,1,281161,1000,134300,-1
34387.228,2,268190,2400,134400,-1
34387.228,2,266035,2500,131900,1
34387.966,2,279476,1400,132670,1
34387.967,2,279483,1400,133720,-1
34387.977,2,280321,1000,133600,-1
34388.003,2,279830,600,133880,-1
34388.015,2,279451,1500,133320,1
34388.019,1,282080,1400,132750,1
34388.023,1,282085,1400,133790,-1
34388.027,2,279380,600,132920,1
34388.074,5,281966,1000,133530,1
34388.109,1,282171,1500,133420,1
34388.118,1,282180,600,133880,-1
34388.346,2,282180,600,133880,-1
34388.54,1,282478,100,133500,1
34388.615,1,282525,600,133020,1
34388.628,1,282542,1000,133510,1
34388.668,2,282080,1400,132750,1
34388.706,1,282612,1400,132670,1
34388.973,2,282085,1400,133790,-1
34388.974,2,282525,600,133020,1
34389.012,1,282815,1400,133720,-1
34389.039,2,279306,500,133110,1
34389.051,5,280530,100,133550,-1
34389.051,4,277798,50,133600,-1
34389.159,1,282927,600,133880,-1
34389.25,1,282964,500,133210,1
34389.387,5,282515,500,133530,1
34389.387,5,283019,250,133530,1
34389.488,2,275719,500,133990,-1
34389.504,1,283140,5000,133300,1
34389.716,1,283292,600,132920,1
34389.763,2,282927,600,133880,-1
34389.774,2,282612,1400,132670,1
34389.776,2,282815,1400,133720,-1
34389.806,2,283292,600,132920,1
34389.832,1,283394,1400,132750,1
34389.836,1,283399,1400,133790,-1
34389.857,1,283423,500,133990,-1
34389.974,4,277798,100,133600,-1
34390.166,5,283019,750,133530,1
34390.166,5,283052,100,133530,1
34390.166,4,282542,1000,133510,1
34390.166,5,282871,150,133510,1
34390.17,1,283621,1200,127000,1
34390.221,1,283657,406,123000,1
34390.261,1,283690,600,133980,-1
34390.805,1,284073,600,133020,1
34391.349,2,284073,600,133020,1
34391.351,2,283690,600,133980,-1
34391.456,1,284480,600,133120,1
34391.972,1,284796,300,133900,-1
34391.989,5,283520,1000,133680,-1
34391.989,5,273426,1000,133690,-1
34391.989,5,283522,800,133690,-1
34391.989,5,284710,1000,133690,-1
34391.989,4,276716,400,133700,-1
34391.989,4,279247,100,133700,-1
34391.989,1,284803,700,133700,1
34392.004,1,284811,600,134080,-1
34392.348,2,282171,1500,133420,1
34392.456,1,285048,1500,133520,1
34392.487,2,284803,700,133700,1
34392.904,2,283423,500,133990,-1
34393.127,1,285391,500,134090,-1
34393.427,2,284480,600,133120,1
34393.429,2,284811,600,134080,-1
34393.535,1,285673,600,134180,-1
34393.875,2,283394,1400,132750,1
34393.878,2,283399,1400,133790,-1
34393.922,1,285926,1400,132820,1
34393.925,1,285928,1400,133860,-1
34393.983,2,285926,1400,132820,1
34394.047,1,286048,1400,132750,1
34394.081,1,286085,600,133220,1
34394.249,2,286048,1400,132750,1
34394.502,1,286376,1400,132820,1
34394.776,1,286575,5000,133710,1
34395.171,2,282964,500,133210,1
34395.321,1,287017,500,133510,1
34395.427,2,285048,1500,133520,1
34395.466,5,285092,150,133780,-1
34395.466,4,268660,1000,133800,-1
34395.466,1,287131,850,133800,1
34395.533,4,287131,850,133800,1
34395.533,4,286575,5000,133710,1
34395.547,1,287204,1500,133620,1
34395.584,1,287245,4300,133690,-1
34395.59,1,287250,500,133310,1
34395.866,2,263251,100,134000,-1
34395.876,2,261222,1000,134090,-1
34396.007,2,252111,1000,133410,1
34396.389,2,199060,2000,133410,1
34396.403,2,192217,1000,133210,1
34396.415,2,182547,3000,132810,1
34396.45,1,287929,2000,133600,1
34396.769,2,286376,1400,132820,1
34396.772,2,285928,1400,133860,-1
34396.842,2,286085,600,133220,1
34396.846,2,285673,600,134180,-1
34396.852,1,288255,600,133320,1
34396.852,1,288257,1400,132890,1
34396.86,1,288265,1400,133930,-1
34397.309,4,287245,700,133690,-1
34397.366,1,288644,600,134180,-1
34397.368,2,288255,600,133320,1
34397.916,1,289017,600,133220,1
34397.943,4,287245,3600,133690,-1
34397.971,2,266253,1000,133990,-1
34397.988,1,289061,1000,133890,-1
34398.027,5,288441,45,133690,-1
34398.373,1,289302,5000,133630,1
34398.512,2,261575,3900,134000,-1
34398.516,1,289402,100,145500,-1
34398.552,2,282478,100,133500,1
34398.615,2,288257,1400,132890,1
34398.644,5,288441,100,133690,-1
34398.664,1,289494,1400,132820,1
34398.722,2,288265,1400,133930,-1
34398.771,1,289618,1400,133860,-1
34398.999,5,288441,300,133690,-1
34399.173,2,289017,600,133220,1
34399.175,2,288644,600,134180,-1
34399.191,2,289061,1000,133890,-1
34399.31,1,290038,900,133610,1
34399.312,1,290039,600,134280,-1
34399.847,1,290448,600,133320,1
34400.338,5,288441,4300,133690,-1
34400.652,5,288441,1000,133690,-1
34401.456,2,289494,1400,132820,1
34401.501,1,291596,1400,132750,1
34401.531,2,291596,1400,132750,1
34401.556,2,290039,600,134280,-1
34401.563,2,290448,600,133320,1
34401.595,1,291682,600,134180,-1
34401.609,1,291696,1400,132820,1
34401.707,2,291696,1400,132820,1
34401.75,1,291832,1400,132750,1
34401.855,2,291832,1400,132750,1
34401.901,1,291998,1400,132820,1
34402.117,1,292179,600,133220,1
34402.21,2,291998,1400,132820,1
34402.254,1,292300,1400,132750,1
34402.324,2,292300,1400,132750,1
34402.366,1,292395,1400,132820,1
34402.584,2,292395,1400,132820,1
34402.632,1,292594,1400,132750,1
34402.633,2,287204,1500,133620,1
34402.675,5,291225,41,133670,1
34402.946,1,292916,2000,133700,1
34403.129,2,285391,500,134090,-1
34403.15,2,289618,1400,133860,-1
34403.194,1,293110,1400,133790,-1
34403.208,1,293130,500,134090,-1
34403.382,1,293240,200,135700,-1
34403.655,2,287929,2000,133600,1
34403.696,2,292916,2000,133700,1
34403.718,5,292957,67,133740,1
34404.061,1,293760,1000,133990,-1
34404.145,2,151308,640,136000,-1
34404.413,1,294021,178,133700,1
34404.51,5,290557,46,133770,-1
34404.51,4,293110,1354,133790,-1
34404.97,2,292594,1400,132750,1
34404.974,2,293110,46,133790,-1
34405.011,1,294468,1400,133170,1
34405.014,1,294472,1400,134500,-1
34405.216,2,294468,1400,133170,1
34405.219,2,294472,1400,134500,-1
34405.285,1,294682,1400,133250,1
34405.291,1,294692,2800,134580,-1
34405.541,2,294692,2800,134580,-1
34405.589,2,287250,500,133310,1
34405.593,2,294682,1400,133250,1
34405.596,1,294938,1400,134580,-1
34405.638,5,287158,1000,133810,-1
34405.638,5,289868,400,133890,-1
34405.697,5,294568,1000,133730,1
34405.757,1,295070,500,133310,1
34405.943,2,292179,600,133220,1
34405.947,2,291682,600,134180,-1
34406.029,1,295267,5000,133800,-1
34406.055,1,295288,600,134180,-1
34406.087,2,293130,500,134090,-1
34406.113,1,295340,1400,133250,1
34406.114,2,294938,1400,134580,-1
34406.139,2,287017,500,133510,1
34406.154,1,295368,2800,134580,-1
34406.284,2,295288,600,134180,-1
34406.299,1,295458,500,134190,-1
34406.361,2,273771,4227,133900,-1
34406.542,2,295458,500,134190,-1
34406.609,1,295647,600,134180,-1
34406.676,2,295647,600,134180,-1
34406.717,1,295739,1000,134000,-1
34406.846,1,295809,500,134090,-1
34407.013,2,153526,750,133000,1
34407.164,1,296025,600,134280,-1
34407.219,2,296025,600,134280,-1
34407.543,2,241984,2000,134100,-1
34407.635,1,296334,2000,134100,-1
34407.71,1,296376,600,134180,-1
34408.253,1,296721,600,133220,1
34408.556,1,296939,2000,133710,1
34408.866,2,295340,1400,133250,1
34408.905,1,297195,1400,133170,1
34409.046,2,297195,1400,133170,1
34409.092,1,297335,1400,133250,1
34409.29,2,297335,1400,133250,1
34409.335,1,297512,1400,133100,1
34409.398,2,297512,1400,133100,1
34409.417,2,275516,1000,134000,-1
34409.438,1,297596,1400,133250,1
34409.653,5,296700,88,133720,1
34409.768,2,296939,2000,133710,1
34409.972,2,297596,1400,133250,1
34409.974,2,295368,2800,134580,-1
34410.033,1,298064,1400,133170,1
34410.04,1,298071,2800,134500,-1
34410.483,5,297992,100,133730,1
34410.483,5,294747,900,133710,1
34410.686,2,289302,5000,133630,1
34410.785,1,298629,1500,133620,1
34410.908,2,298629,1500,133620,1
34411.09,2,295267,5000,133800,-1
34411.346,1,299047,1500,133520,1
34411.463,2,298064,1400,133170,1
34411.471,2,298071,2800,134500,-1
34411.488,5,298892,1000,133720,1
34411.525,1,299196,1400,133250,1
34411.529,1,299201,2800,134580,-1
34411.6,5,298895,143,133710,1
34411.66,2,115445,300,136900,-1
34411.683,2,299047,1500,133520,1
34411.766,2,296721,600,133220,1
34411.77,2,296376,600,134180,-1
34411.868,1,299543,600,134280,-1
34411.899,1,299568,1500,133620,1
34411.967,2,299543,600,134280,-1
34412.033,1,299678,1000,133890,-1
34412.172,2,299196,1400,133250,1
34412.215,1,299856,1400,133170,1
34412.315,2,299678,1000,133890,-1
34412.503,1,300115,1000,133890,-1
34412.509,1,300123,600,134180,-1
34412.703,2,299201,2800,134580,-1
34412.705,2,299568,1500,133620,1
34412.748,1,300339,2800,134500,-1
34412.789,1,300395,1500,133520,1
34412.886,4,294021,100,133700,1
34412.904,4,294021,78,133700,1
34413.002,2,300395,1500,133520,1
34413.009,5,300539,73,133660,1
34413.051,1,300651,600,133220,1
34413.128,2,300115,1000,133890,-1
34413.174,1,300768,5000,133770,-1
34413.394,1,300979,1500,133620,1
34413.545,2,300339,2800,134500,-1
34413.586,1,301156,1400,134500,-1
34413.62,2,301156,1400,134500,-1
34413.66,1,301234,2800,134500,-1
34414.052,5,301102,1000,133690,-1
34414.052,5,301251,41,133730,-1
34414.052,5,300785,959,133750,-1
34414.118,5,301565,3000,133730,-1
34414.588,2,301234,2800,134500,-1
34414.631,1,301977,1400,134500,-1
34414.823,2,301977,1400,134500,-1
34414.85,1,302111,1000,133800,-1
34414.865,1,302123,2800,134500,-1
34415.005,2,237198,500,145000,-1
34415.513,1,302554,800,133700,-1
34415.638,1,302642,500,137500,-1
34415.761,2,295070,500,133310,1
34415.855,2,300651,600,133220,1
34415.858,2,300123,600,134180,-1
34415.942,4,302554,800,133700,-1
34415.942,5,301147,200,133760,-1
34415.961,1,302876,600,134080,-1
34416.098,1,302951,500,133310,1
34416.536,1,303236,600,133120,1
34416.539,2,300979,1500,133620,1
34416.641,1,303318,1500,133520,1
34416.81,5,301069,22,133670,1
34416.838,1,303450,5000,133700,1
34416.85,2,295809,500,134090,-1
34416.97,1,303523,500,134090,-1
34417.265,2,300768,5000,133770,-1
34417.294,5,301147,700,133760,-1
34417.294,5,302641,100,133760,-1
34417.294,5,303659,1000,133770,-1
34417.339,4,303450,1000,133700,1
34417.66,2,302111,1000,133800,-1
34417.79,2,303236,600,133120,1
34417.793,2,302876,600,134080,-1
34417.903,1,304060,600,134180,-1
34418.309,1,304265,2000,134200,-1
34418.441,1,304319,600,133220,1
34418.659,2,299856,1400,133170,1
34418.66,2,302123,2800,134500,-1
34418.674,2,303318,1500,133520,1
34418.714,1,304504,1400,133250,1
34418.742,1,304523,2800,134580,-1
34418.756,1,304540,1500,133620,1
34418.912,1,304679,55,133800,-1
34419.103,4,304679,55,133800,-1
34419.373,2,304504,1400,133250,1
34419.374,2,304523,2800,134580,-1
34419.443,1,305119,1400,133170,1
34419.448,1,305124,1400,134500,-1
34419.515,2,305119,1400,133170,1
34419.519,2,305124,1400,134500,-1
34419.531,1,305216,640,134500,-1
34419.596,1,305282,1400,133250,1
34419.604,1,305299,2800,134580,-1
34419.767,2,305282,1400,133250,1
34419.768,2,305299,2800,134580,-1
34419.812,1,305473,1400,133170,1
34419.816,1,305478,1400,134500,-1
34419.863,2,305478,1400,134500,-1
34419.901,1,305539,2800,134500,-1
34420.212,1,305746,1000,133790,-1
34420.389,1,305874,500,133710,1
34420.456,5,305833,100,133750,-1
34420.456,4,305746,1000,133790,-1
34420.456,5,305844,1000,133800,-1
34420.518,1,305962,2000,133710,1
34421.576,1,306571,5000,133730,1
34421.577,1,306572,1900,133800,1
34421.958,5,306626,900,133830,1
34421.958,4,306572,600,133800,1
34422.046,2,303450,4000,133700,1
34422.873,2,302951,500,133310,1
34423.079,1,307428,500,133210,1
34423.09,1,307434,800,133610,1
34423.435,5,306872,1000,133870,-1
34423.435,5,289868,600,133890,-1
34423.435,5,306132,1000,133890,-1
34423.435,4,277727,4400,133900,-1
34423.46,1,307635,500,129200,1
34423.581,2,307428,500,133210,1
34423.744,1,307816,500,133310,1
34423.964,2,306571,5000,133730,1
34424.126,4,277727,600,133900,-1
34424.126,4,284796,300,133900,-1
34424.292,2,305874,500,133710,1
34424.382,2,304319,600,133220,1
34424.386,2,304060,600,134180,-1
34424.492,1,308238,600,134280,-1
34424.738,1,308403,5000,133900,-1
34424.766,1,308419,2000,133810,1
34424.955,1,308564,5000,133900,-1
34425.109,1,308654,600,133320,1
34425.71,4,308403,2000,133900,-1
34426.062,2,305962,2000,133710,1
34426.105,2,308419,2000,133810,1
34426.97,2,303523,500,134090,-1
34427.081,5,309203,67,133860,-1
34427.081,4,308403,3000,133900,-1
34427.081,4,308564,5000,133900,-1
34427.126,1,309879,500,134090,-1
34427.596,1,310113,1000,133800,1
34428.247,1,310486,1000,133900,-1
34428.259,4,310486,1000,133900,-1
34428.349,2,305473,1400,133170,1
34428.356,2,305539,2800,134500,-1
34428.406,1,310594,1400,133100,1
34428.411,1,310601,2800,134430,-1
34428.445,2,308654,600,133320,1
34428.448,2,308238,600,134280,-1
34428.456,1,310658,600,134180,-1
34428.517,5,310573,1000,133890,-1
34428.875,1,310964,5000,133840,1
34428.961,1,311022,600,133220,1
34429.168,1,311146,3000,134500,-1
34429.196,5,310409,500,133970,-1
34429.196,5,310505,143,133980,-1
34429.196,4,293760,1000,133990,-1
34429.196,5,310685,657,133990,-1
34429.521,2,311022,600,133220,1
34429.524,2,310658,600,134180,-1
34429.633,1,311464,600,134280,-1
34429.765,2,310594,1400,133100,1
34429.768,2,310601,2800,134430,-1
34429.816,1,311586,1400,133170,1
34429.821,1,311591,2800,134500,-1
34430.006,2,311586,1400,133170,1
34430.008,2,311591,2800,134500,-1
34430.058,1,311796,1400,133100,1
34430.061,1,311801,1400,134430,-1
34430.182,1,311893,600,133320,1
34430.684,2,311796,1400,133100,1
34430.687,2,311801,1400,134430,-1
34430.731,1,312349,1400,133170,1
34430.735,1,312353,2800,134500,-1
34430.94,2,304540,1500,133620,1
34431.047,1,312572,1500,133720,1
34431.073,4,252907,500,134000,-1
34431.073,4,257391,800,134000,-1
34431.278,4,257391,200,134000,-1
34431.278,4,266565,1600,134000,-1
34431.355,2,304265,2000,134200,-1
34431.977,5,313004,500,133980,-1
34431.977,4,266565,400,134000,-1
34431.977,4,269984,500,134000,-1
34431.977,4,295739,500,134000,-1
34432.199,4,295739,500,134000,-1
34432.242,2,309879,500,134090,-1
34432.292,1,313226,2000,133900,1
34432.345,1,313251,500,134190,-1
34432.79,2,310964,5000,133840,1
34432.972,1,313623,100,134000,1
34433.735,2,313251,500,134190,-1
34433.749,2,307816,500,133310,1
34433.759,4,313623,100,134000,1
34433.917,1,314181,3000,134380,-1
34434.077,1,314295,500,134090,-1
34434.628,1,314649,500,133310,1
34434.785,2,311893,600,133320,1
34434.787,2,311464,600,134280,-1
34434.892,2,314295,500,134090,-1
34434.894,1,314805,600,134380,-1
34435.046,2,312349,1400,133170,1
34435.048,2,312572,1500,133720,1
34435.049,2,312353,2800,134500,-1
34435.1,1,314927,1400,133100,1
34435.104,1,314931,2800,134430,-1
34435.107,2,314805,600,134380,-1
34435.171,2,314181,3000,134380,-1
34435.196,1,315011,500,134190,-1
34435.427,5,314308,300,133950,1
34435.458,1,315194,600,134280,-1
34436.006,1,315564,600,133320,1
34436.827,1,316024,4900,133500,1
34437.435,1,316394,3000,133900,1
34437.684,1,316557,1000,134000,-1
34437.855,5,316426,100,133940,1
34437.855,5,314080,900,133920,1
34438.67,2,174216,150,131200,1
34438.806,5,316769,100,133940,1
34438.806,5,316753,900,133930,1
34438.872,4,316557,1000,134000,-1
34438.891,1,317255,1000,134090,-1
34439.306,1,317457,150,133200,1
34439.387,2,314649,500,133310,1
34439.486,1,317543,500,133410,1
34439.626,2,317255,1000,134090,-1
34439.802,2,313226,2000,133900,1
34439.863,1,317755,3000,134190,-1
34439.902,5,317676,100,133940,1
34439.902,5,314080,59,133920,1
34439.902,5,317251,800,133910,1
34439.902,4,316394,41,133900,1
34440.022,2,314931,2800,134430,-1
34440.062,1,317855,1400,134430,-1
34440.158,4,316394,2959,133900,1
34440.181,2,314927,1400,133100,1
34440.183,2,317855,1400,134430,-1
34440.23,5,313056,405,133890,1
34440.23,5,312515,595,133820,1
34440.236,1,317951,1500,133620,1
34440.239,1,317955,1400,133170,1
34440.244,1,317959,2800,134500,-1
34440.262,1,317983,700,134000,-1
34440.268,1,317990,1000,134090,-1
34440.313,2,317951,1500,133620,1
34440.496,2,317543,500,133410,1
34440.619,1,318197,500,133310,1
34440.77,1,318300,1500,133720,1
34441.129,2,315011,500,134190,-1
34441.464,1,318769,500,134190,-1
34441.619,1,318909,3900,134000,-1
34441.624,1,318912,3000,134090,-1
34441.739,2,318769,500,134190,-1
34441.976,2,317755,3000,134190,-1
34442.252,1,319316,500,134090,-1
34443.331,5,319159,100,133830,1
34443.331,5,311276,657,133810,1
34443.331,5,318287,1000,133810,1
34443.331,5,318474,500,133810,1
34443.331,4,306572,43,133800,1
34443.363,4,306572,1257,133800,1
34443.363,4,310113,1000,133800,1
34443.494,1,320138,2000,133710,1
34443.705,2,315564,600,133320,1
34443.706,2,315194,600,134280,-1
34443.773,5,320156,300,133820,1
34443.82,1,320321,600,134180,-1
34443.85,5,320156,400,133820,1
34443.85,5,320183,1000,133810,1
34443.85,5,320067,100,133770,1
34443.954,5,320362,1000,133810,1
34443.954,5,320067,400,133770,1
34443.954,5,320098,100,133770,1
34444.148,1,320473,800,133710,1
34444.156,4,318300,1500,133720,1
34444.156,5,318501,54,133720,1
34444.192,4,320138,2000,133710,1
34444.192,4,320473,800,133710,1
34444.405,1,320611,600,133220,1
34444.569,2,318197,500,133310,1
34444.674,1,320733,500,133210,1
34444.697,1,320745,400,133620,1
34445.047,1,320952,250,132500,1
34445.564,2,317990,1000,134090,-1
34445.59,5,320896,300,133630,1
34445.59,5,321207,100,133630,1
34445.594,1,321238,1000,133990,-1
34445.604,5,321207,400,133630,1
34445.604,4,320745,400,133620,1
34445.604,5,320548,189,133620,1
34445.782,2,321238,1000,133990,-1
34445.954,1,321472,1000,133990,-1
34446.095,2,321472,1000,133990,-1
34446.611,1,321773,1000,133900,-1
34448.07,2,218818,1000,133200,1
34448.499,1,322941,1000,133610,1
34448.956,2,48634,773,132000,1
34449.579,1,323688,764,133500,1
34449.597,1,323696,1200,133700,1
34449.81,2,317959,2800,134500,-1
34449.852,1,323867,5000,133700,1
34449.869,1,323879,1400,134500,-1
34449.971,2,317955,1400,133170,1
34449.973,2,323879,1400,134500,-1
34450.035,1,324033,1400,133250,1
34450.04,1,324038,2800,134580,-1
34450.049,5,322581,11,133780,-1
34450.289,2,320611,600,133220,1
34450.291,2,320321,600,134180,-1
34450.396,1,324297,600,133320,1
34450.944,5,323747,100,133800,-1
34451.018,1,324741,600,134280,-1
34451.172,2,320733,500,133210,1
34451.242,5,324677,5,133810,1
34451.282,1,324949,500,133310,1
34451.675,5,324677,584,133810,1
34451.744,2,319316,500,134090,-1
34451.871,1,325321,500,134190,-1
34452.9,2,324949,500,133310,1
34452.996,1,326156,500,133410,1
34453.14,2,321773,1000,133900,-1
34453.158,1,326267,1000,133990,-1
34453.294,2,174984,500,135000,-1
34453.632,1,326624,500,135500,-1
34453.687,1,326665,100,133730,1
34454.022,1,326873,800,134090,-1
34454.468,2,324033,1400,133250,1
34454.471,2,324038,2800,134580,-1
34454.508,2,324297,600,133320,1
34454.517,2,324741,600,134280,-1
34454.541,1,327250,1400,133320,1
34454.547,1,327253,2800,134650,-1
34454.595,1,327296,600,133420,1
34455.006,1,327551,800,133510,1
34455.137,1,327639,600,134380,-1
34455.491,2,151232,1500,121000,1
34455.747,1,328159,5000,133800,1
34455.932,5,328183,1000,133840,1
34456.036,1,328397,1000,133720,1
34456.199,1,328488,5000,133800,1
34456.576,2,327250,1400,133320,1
34456.59,1,328757,3000,133740,1
34456.617,2,327253,2800,134650,-1
34456.66,1,328872,1400,133250,1
34456.711,1,328963,1400,134580,-1
34456.74,2,328872,1400,133250,1
34456.742,2,328963,1400,134580,-1
34456.838,1,329129,1400,133320,1
34456.842,1,329134,2800,134650,-1
34457.65,2,326873,800,134090,-1
34458.49,2,323867,5000,133700,1
34459.325,5,326279,1000,133940,-1
34459.447,2,325321,500,134190,-1
34459.568,2,329134,2800,134650,-1
34459.57,1,331091,500,134290,-1
34459.597,2,328159,5000,133800,1
34459.61,1,331125,1400,134650,-1
34459.661,1,331167,5000,133800,1
34459.71,2,329129,1400,133320,1
34459.713,2,331125,1400,134650,-1
34459.735,2,327296,600,133420,1
34459.738,2,327639,600,134380,-1
34459.744,1,331222,600,133520,1
34459.755,1,331230,800,134190,-1
34459.758,1,331235,1400,133390,1
34459.763,1,331237,2800,134720,-1
34460.011,2,327551,800,133510,1
34460.27,1,331599,600,134480,-1
34460.787,5,331637,500,133910,1
34460.868,2,326156,500,133410,1
34461.0,1,332275,500,133510,1
34461.75,2,332275,500,133510,1
34461.878,1,332891,500,133410,1
34462.454,2,328757,3000,133740,1
34463.189,2,326267,1000,133990,-1
34463.599,1,333993,800,134190,-1
34463.954,2,331235,1400,133390,1
34463.956,2,331237,2800,134720,-1
34464.007,1,334265,1400,133460,1
34464.012,1,334269,2800,134790,-1
34464.146,1,334416,800,133710,1
34464.238,2,334416,800,133710,1
34464.526,2,326665,100,133730,1
34464.761,2,331230,800,134190,-1
34464.765,1,334832,6000,133800,1
34464.809,1,334865,800,133610,1
34464.869,1,334910,800,134190,-1
34465.412,1,335260,800,133610,1
34466.07,1,335658,2000,133810,1
34466.156,5,333770,1000,133980,-1
34466.156,5,333773,800,133990,-1
34466.156,4,317983,700,134000,-1
34466.156,4,318909,2100,134000,-1
34466.645,2,332891,500,133410,1
34466.839,2,328488,5000,133800,1
34466.883,1,336147,500,133510,1
34466.912,2,318912,3000,134090,-1
34467.025,1,336203,89,133900,-1
34467.035,4,336203,89,133900,-1
34467.035,4,318909,1711,134000,-1
34467.056,2,334865,800,133610,1
34467.214,1,336347,800,133710,1
34467.844,2,334265,1400,133460,1
34467.846,2,334269,2800,134790,-1
34467.87,2,335658,2000,133810,1
34467.907,1,336831,1400,133390,1
34467.912,1,336838,2800,134720,-1
34468.087,2,116279,1500,132200,1
34468.149,2,331222,600,133520,1
34468.152,2,331599,600,134480,-1
34468.256,1,337097,600,133420,1
34468.334,2,334910,800,134190,-1
34468.57,1,337325,2000,132200,1
34468.581,1,337329,2000,133900,1
34468.601,2,333993,800,134190,-1
34468.696,1,337405,800,134190,-1
34468.719,4,318909,89,134000,-1
34468.816,1,337487,600,134380,-1
34468.882,5,337420,500,134010,1
34468.905,2,336838,2800,134720,-1
34468.946,1,337579,1400,134720,-1
34469.083,2,337579,1400,134720,-1
34469.085,1,337666,800,134290,-1
34469.087,2,337097,600,133420,1
34469.09,2,337487,600,134380,-1
34469.122,1,337694,2800,134720,-1
34469.384,2,337694,2800,134720,-1
34469.424,1,337860,1400,134720,-1
34469.446,1,337872,600,134480,-1
34469.57,2,331091,500,134290,-1
34469.601,2,337860,1400,134720,-1
34469.64,1,337999,2800,134720,-1
34469.833,1,338120,500,134290,-1
34470.019,1,338228,600,133520,1
34470.411,2,335260,800,133610,1
34470.67,1,338683,3000,134190,-1
34471.019,2,338228,600,133520,1
34471.021,2,337872,600,134480,-1
34471.138,1,338961,600,133620,1
34471.446,2,326624,500,135500,-1
34471.512,1,339182,3000,134090,-1
34471.694,1,339295,600,134580,-1
34471.742,2,338683,3000,134190,-1
34471.898,1,339426,500,135000,-1
34472.021,1,339531,9000,134000,-1
34472.21,2,336347,800,133710,1
34472.413,1,339753,800,133710,1
34472.763,1,339988,1000,134090,-1
34472.765,2,337405,800,134190,-1
34472.941,2,337329,2000,133900,1
34472.949,2,338961,600,133620,1
34472.952,2,339295,600,134580,-1
34473.061,1,340195,600,133520,1
34473.248,2,337999,2800,134720,-1
34473.287,1,340321,1400,134720,-1
34473.585,2,336831,1400,133390,1
34473.588,2,340321,1400,134720,-1
34473.613,1,340569,600,134480,-1
34473.628,1,340578,1400,133460,1
34473.637,1,340585,2800,134790,-1
34474.091,2,337666,800,134290,-1
34474.112,1,340931,2000,134000,-1
34474.399,2,305216,640,134500,-1
34474.528,1,341256,2000,133990,-1
34474.947,1,341552,800,134190,-1
34475.585,2,340578,1400,133460,1
34475.586,2,340585,2800,134790,-1
34475.623,2,340195,600,133520,1
34475.628,2,340569,600,134480,-1
34475.633,1,342135,600,133420,1
34475.651,1,342159,1400,133390,1
34475.653,1,342163,2800,134720,-1
34476.177,1,342591,600,134380,-1
34476.273,2,341552,800,134190,-1
34476.881,2,336147,500,133510,1
34476.954,1,343088,500,133510,1
34477.386,5,340136,1000,133820,1
34477.41,2,339753,800,133710,1
34477.518,1,343397,800,133710,1
34477.569,1,343424,800,133610,1
34477.869,1,343614,200,134200,-1
34478.169,2,343088,500,133510,1
34478.208,1,343824,800,134190,-1
34478.283,1,343863,500,133410,1
34478.393,5,343115,500,133820,1
34478.393,5,329467,100,133810,1
34478.393,5,340137,400,133810,1
34478.485,2,331167,5000,133800,1
34478.626,1,344103,2000,133900,-1
34478.94,2,341256,2000,133990,-1
34479.615,2,338120,500,134290,-1
34479.72,1,344737,500,134190,-1
34479.816,2,343397,800,133710,1
34479.922,1,344875,800,133610,1
34480.7,2,344875,800,133610,1
34480.714,2,342159,1400,133390,1
34480.716,2,342163,2800,134720,-1
34480.773,1,345359,1400,133320,1
34480.778,1,345365,2800,134650,-1
34480.786,2,342135,600,133420,1
34480.788,1,345376,600,133320,1
34480.791,2,342591,600,134380,-1
34480.803,1,345384,800,133610,1
34480.939,2,343424,800,133610,1
34481.038,1,345555,100,133900,-1
34481.053,1,345567,800,133510,1
34481.061,1,345572,3000,133300,1
34481.357,1,345777,600,134280,-1
34481.789,2,343824,800,134190,-1
34481.88,1,346211,800,134090,-1
34482.375,2,345376,600,133320,1
34482.377,2,345777,600,134280,-1
34482.403,2,346211,800,134090,-1
34482.487,1,346583,600,133420,1
34482.716,1,346734,100,133800,1
34482.798,5,344014,37,133810,1
34482.926,2,346583,600,133420,1
34483.034,1,346887,600,134280,-1
34483.201,1,346971,2000,133890,-1
34483.333,1,347028,500,134000,-1
34483.382,2,346887,600,134280,-1
34483.598,1,347157,600,133420,1
34483.854,1,347301,800,134090,-1
34483.857,1,347304,600,133610,1
34483.89,2,346971,2000,133890,-1
34484.054,5,344014,63,133810,1
34484.054,4,334832,6000,133800,1
34484.054,4,346734,37,133800,1
34484.145,1,347442,600,134380,-1
34484.661,2,344737,500,134190,-1
34484.768,1,347786,500,134290,-1
34485.04,1,347913,800,134190,-1
34485.802,2,345384,800,133610,1
34485.869,1,348393,800,133610,1
34486.051,2,345567,800,133510,1
34486.202,4,346734,63,133800,1
34486.277,2,345365,2800,134650,-1
34486.317,1,348642,1400,134650,-1
34486.382,1,348670,800,133510,1
34486.539,2,345359,1400,133320,1
34486.542,2,348642,1400,134650,-1
34486.551,1,348781,500,135500,-1
34486.59,1,348815,1400,133390,1
34486.592,1,348819,2800,134720,-1
34487.246,2,339182,3000,134090,-1
34487.259,5,346321,1000,133870,-1
34487.259,5,347415,1000,133880,-1
34487.259,5,348584,400,133890,-1
34487.259,4,344103,2000,133900,-1
34487.259,4,345555,100,133900,-1
34487.259,5,345575,600,133900,-1
34487.284,1,349504,1000,133990,-1
34487.298,5,349499,1000,133800,-1
34487.376,2,349504,1000,133990,-1
34487.48,1,349637,100,133900,-1
34487.684,2,340931,2000,134000,-1
34488.281,2,343863,500,133410,1
34488.411,1,350205,500,133410,1
34488.852,2,347301,800,134090,-1
34488.861,2,347304,600,133610,1
34488.974,1,350495,600,133610,1
34489.07,1,350556,800,134090,-1
34489.39,1,350715,640,133900,-1
34490.042,2,347913,800,134190,-1
34490.163,1,351087,800,134190,-1
34490.871,2,348393,800,133610,1
34491.193,1,351661,800,133610,1
34491.382,2,348670,800,133510,1
34491.482,1,351852,800,133510,1
34492.146,4,349637,40,133900,-1
34492.219,1,352216,40,133900,-1
34492.241,2,350205,500,133410,1
34492.266,2,283140,5000,133300,1
34492.347,1,352269,500,133510,1
34492.657,2,349637,60,133900,-1
34492.679,1,352453,1000,134000,-1
34492.684,2,352216,40,133900,-1
34492.849,2,348815,1400,133390,1
34492.851,2,348819,2800,134720,-1
34492.908,1,352595,1400,133460,1
34492.914,1,352601,2800,134790,-1
34493.372,2,350556,800,134090,-1
34493.601,2,347157,600,133420,1
34493.63,1,353061,800,134090,-1
34493.828,1,353198,600,133420,1
34493.919,2,351852,800,133510,1
34493.927,2,175954,400,135990,-1
34493.971,2,350495,600,133610,1
34494.022,1,353296,800,133610,1
34494.093,1,353341,600,133610,1
34494.151,2,347442,600,134380,-1
34494.217,2,353061,800,134090,-1
34494.377,1,353514,600,134380,-1
34494.772,2,347786,500,134290,-1
34494.893,1,353790,500,134290,-1
34494.955,4,350715,640,133900,-1
34495.161,2,351087,800,134190,-1
34495.273,1,354021,800,134190,-1
34495.373,1,354083,800,134190,-1
34496.143,4,339531,4000,134000,-1
34496.191,2,351661,800,133610,1
34496.287,1,354606,800,133610,1
34496.321,1,354625,600,134190,-1
34496.402,2,352595,1400,133460,1
34496.404,2,352601,2800,134790,-1
34496.467,1,354725,1400,133390,1
34496.47,1,354727,1400,134720,-1
34496.536,2,354727,1400,134720,-1
34496.563,2,353198,600,133420,1
34496.566,2,353514,600,134380,-1
34496.576,1,354819,600,133520,1
34496.58,2,354725,1400,133390,1
34496.615,1,354861,2800,134790,-1
34496.645,1,354890,1400,133460,1
34496.74,2,354819,600,133520,1
34496.996,2,354606,800,133610,1
34497.11,1,355215,800,133710,1
34497.17,1,355245,600,133520,1
34497.299,2,354083,800,134190,-1
34497.684,4,339531,300,134000,-1
34497.771,1,355578,600,134480,-1
34497.866,2,172418,400,128010,1
34498.622,1,356040,200,134000,-1
34499.022,2,353296,800,133610,1
34499.092,2,353341,600,133610,1
34499.168,1,356317,600,133610,1
34499.196,1,356335,800,133610,1
34499.658,2,354890,1400,133460,1
34499.662,2,354861,2800,134790,-1
34499.726,1,356649,1400,133530,1
34499.732,1,356658,2800,134860,-1
34499.937,1,356806,100,133990,-1
34500.162,1,356917,5000,136400,-1
34500.272,2,354021,800,134190,-1
34500.291,4,356806,100,133990,-1
34500.291,4,339531,100,134000,-1
34500.622,5,355329,500,133900,1
34500.635,1,357245,800,134190,-1
34500.717,5,355329,1000,133900,1
34500.756,5,355329,500,133900,1
34500.756,5,357255,800,133900,1
34500.756,5,352265,1000,133810,1
34500.756,5,357158,360,133810,1
34500.756,5,352238,540,133800,1
34500.795,5,352238,1400,133800,1
34500.868,5,352238,60,133800,1
34500.938,5,357418,73,133960,-1
34500.989,5,348594,500,133770,1
34500.989,5,357379,200,133770,1
34501.322,2,354625,600,134190,-1
34501.551,1,357839,600,134190,-1
34502.112,2,355215,800,133710,1
34502.312,1,358388,800,133710,1
34502.351,2,352269,500,133510,1
34502.371,5,357604,100,133800,1
34502.371,5,357379,300,133770,1
34502.371,5,358286,600,133750,1
34502.382,5,358286,300,133750,1
34502.382,5,349497,500,133740,1
34502.398,5,349497,500,133740,1
34502.398,5,348583,400,133730,1
34502.398,5,349500,300,133730,1
34502.404,1,358452,600,115410,1
34502.46,1,358493,500,133510,1
34502.53,2,358388,800,133710,1
34502.532,2,357245,800,134190,-1
34502.701,2,356649,1400,133530,1
34502.703,2,356658,2800,134860,-1
34502.746,1,358674,1400,133460,1
34502.75,1,358677,2800,134790,-1
34502.875,1,358779,800,133990,-1
34503.005,2,355245,600,133520,1
34503.009,2,355578,600,134480,-1
34503.113,1,358918,600,133420,1
34503.14,2,358779,800,133990,-1
34503.187,1,358956,1000,133990,-1
34503.419,5,358909,100,133750,1
34503.419,5,349500,100,133730,1
34503.419,5,349850,100,133730,1
34503.419,4,328397,700,133720,1
34503.448,1,359095,800,133890,-1
34503.457,4,328397,300,133720,1
34503.485,4,323696,1000,133700,1
34503.513,4,323696,200,133700,1
34503.625,1,359200,1500,133520,1
34503.681,1,359223,600,134380,-1
34503.912,2,356317,600,133610,1
34503.99,1,359406,600,133710,1
34504.002,1,359413,5000,133970,-1
34504.089,4,359406,600,133710,1
34504.099,2,353790,500,134290,-1
34504.203,2,356335,800,133610,1
34504.206,1,359530,500,134390,-1
34504.237,1,359551,800,133510,1
34504.264,1,359564,800,133610,1
34504.42,2,357839,600,134190,-1
34504.748,1,359928,200,133990,-1
34504.759,2,359200,1500,133520,1
34504.993,2,356040,200,134000,-1
34505.207,2,359564,800,133610,1
34505.25,1,360222,600,133610,1
34505.385,1,360286,800,133510,1
34505.611,1,360416,200,134300,-1
34505.697,2,358677,2800,134790,-1
34505.737,1,360482,1400,134790,-1
34505.915,2,359413,5000,133970,-1
34505.947,5,359122,1000,133790,-1
34505.995,2,359530,500,134390,-1
34506.337,2,360222,600,133610,1
34506.437,1,360945,500,134290,-1
34506.444,1,360948,600,133510,1
34506.836,2,358674,1400,133460,1
34506.838,2,360482,1400,134790,-1
34506.9,1,361259,1400,133530,1
34506.903,1,361261,2800,134860,-1
34507.026,2,361259,1400,133530,1
34507.03,2,361261,2800,134860,-1
34507.073,1,361378,1400,133460,1
34507.077,1,361381,1400,134790,-1
34507.608,2,361381,1400,134790,-1
34507.649,1,361722,2800,134790,-1
34507.682,2,361722,2800,134790,-1
34507.712,2,358918,600,133420,1
34507.714,2,359223,600,134380,-1
34507.721,1,361772,1400,134790,-1
34507.817,1,361850,600,133320,1
34507.842,2,361772,1400,134790,-1
34507.894,1,361891,2800,134790,-1
34508.014,2,359551,800,133510,1
34508.156,1,362060,800,133410,1
34508.349,2,362060,800,133410,1
34508.391,1,362230,600,134280,-1
34508.452,2,359095,800,133890,-1
34508.565,1,362336,500,134000,-1
34508.621,1,362367,800,134190,-1
34508.629,2,361378,1400,133460,1
34508.632,2,361891,2800,134790,-1
34508.664,1,362397,800,133890,-1
34508.684,1,362424,1400,133390,1
34508.689,1,362432,1400,134720,-1
34508.775,2,362336,500,134000,-1
34508.785,1,362530,500,133900,-1
34508.885,2,362432,1400,134720,-1
34508.929,1,362626,2800,134720,-1
34509.263,1,362851,800,133510,1
34509.754,2,359928,200,133990,-1
34510.091,1,363364,200,133990,-1
34510.186,5,363230,1000,133790,-1
34510.189,1,363439,1500,121000,1
34510.383,2,360286,800,133510,1
34510.583,1,363747,800,133510,1
34510.767,1,363843,5000,133710,1
34510.903,2,362851,800,133510,1
34510.905,2,362397,800,133890,-1
34511.35,1,364207,800,133890,-1
34511.442,2,360948,600,133510,1
34511.493,1,364281,800,134800,-1
34511.595,1,364339,600,133510,1
34511.962,2,339988,1000,134090,-1
34511.963,2,322941,1000,133610,1
34511.984,1,364544,1200,135000,-1
34512.013,1,364562,800,133410,1
34512.117,2,307434,800,133610,1
34512.279,1,364696,300,134000,-1
34512.462,2,358493,500,133510,1
34512.509,2,290038,900,133610,1
34512.521,2,361850,600,133320,1
34512.523,2,362230,600,134280,-1
34512.61,1,364863,500,133510,1
34512.628,1,364868,600,133420,1
34512.63,4,363843,5000,133710,1
34512.816,2,364868,600,133420,1
34513.175,1,365209,600,133320,1
34513.298,2,364207,800,133890,-1
34513.383,2,364863,500,133510,1
34513.403,1,365303,800,133790,-1
34513.513,1,365360,500,133410,1
34513.622,2,362367,800,134190,-1
34513.723,1,365471,600,134280,-1
34513.917,2,365303,800,133790,-1
34513.984,1,365599,800,134190,-1
34514.05,1,365636,800,133890,-1
34514.559,5,365624,1000,133700,1
34514.581,5,365624,500,133700,1
34514.581,1,365919,1500,133700,-1
34515.092,2,363364,200,133990,-1
34515.236,1,366251,200,133990,-1
34515.255,2,365209,600,133320,1
34515.258,2,365471,600,134280,-1
34515.273,1,366272,5000,133770,-1
34515.28,2,365636,800,133890,-1
34515.327,2,296334,2000,134100,-1
34515.354,1,366327,5000,133700,-1
34515.361,1,366330,600,133220,1
34515.582,2,363747,800,133510,1
34515.699,1,366531,800,133510,1
34515.832,1,366603,800,133790,-1
34515.909,1,366651,600,134180,-1
34516.091,2,365599,800,134190,-1
34516.362,2,366531,800,133510,1
34516.389,5,366750,100,133600,1
34516.41,2,366251,200,133990,-1
34516.442,2,360945,500,134290,-1
34516.521,1,366991,500,134290,-1
34516.578,1,367039,400,133890,-1
34516.593,2,364339,600,133510,1
34516.62,2,366272,5000,133770,-1
34516.682,1,367115,800,133890,-1
34516.731,1,367143,800,133510,1
34516.915,1,367318,5000,134000,-1
34516.945,2,367115,800,133890,-1
34517.012,2,364562,800,133410,1
34517.083,2,366991,500,134290,-1
34517.173,1,367512,800,133410,1
34517.195,1,367537,500,134190,-1
34517.21,1,367559,600,133510,1
34517.354,1,367662,800,133790,-1
34517.477,2,362530,500,133900,-1
34517.489,1,367716,500,133700,-1
34517.919,1,367999,800,133410,1
34518.324,2,367559,600,133510,1
34518.574,2,367999,800,133410,1
34518.682,1,368362,800,133310,1
34518.787,5,366750,1400,133600,1
34518.787,1,368422,3600,133600,-1
34519.057,2,151609,50,135000,-1
34519.071,1,368613,50,135900,-1
34519.34,2,366327,5000,133700,-1
34520.832,2,366603,800,133790,-1
34520.879,1,369619,1000,133520,1
34520.945,1,369658,800,133790,-1
34521.453,1,369915,1000,130500,1
34521.501,2,365360,500,133410,1
34521.583,2,367039,400,133890,-1
34521.7,1,370077,8000,133500,1
34521.777,2,367512,800,133410,1
34521.816,2,369915,1000,130500,1
34521.852,1,370156,600,133890,-1
34521.865,1,370162,500,133310,1
34522.035,1,370237,800,133410,1
34522.036,2,368422,3600,133600,-1
34522.352,2,367662,800,133790,-1
34522.384,2,370237,800,133410,1
34522.475,1,370486,800,133790,-1
34522.503,2,369658,800,133790,-1
34522.724,1,370697,800,133690,-1
34523.616,1,371095,2000,134000,-1
34523.682,2,368362,800,133310,1
34524.033,1,371347,3600,133700,-1
34524.08,2,367716,500,133700,-1
34524.384,2,370697,800,133690,-1
34524.495,1,371607,100,133790,-1
34524.789,5,371556,1000,133680,-1
34524.789,5,371560,800,133690,-1
34524.789,4,365919,1500,133700,-1
34524.789,4,371347,1800,133700,-1
34524.925,4,371347,50,133700,-1
34524.99,4,371347,1000,133700,-1
34525.012,2,370162,500,133310,1
34525.038,1,371929,800,133410,1
34525.363,2,366330,600,133220,1
34525.376,1,372130,500,133410,1
34525.49,1,372201,600,133220,1
34525.648,2,362626,2800,134720,-1
34525.691,1,372348,1400,134720,-1
34525.806,2,362424,1400,133390,1
34525.808,2,372348,1400,134720,-1
34525.854,2,372201,600,133220,1
34525.858,2,366651,600,134180,-1
34525.875,1,372466,1400,133460,1
34525.88,1,372469,2800,134790,-1
34526.049,1,372638,600,133320,1
34526.597,1,372993,600,134280,-1
34526.728,2,229797,10000,134490,-1
34526.852,2,370156,600,133890,-1
34526.913,5,373191,1000,133650,1
34526.943,2,372638,600,133320,1
34526.944,2,372993,600,134280,-1
34526.948,1,373245,600,133890,-1
34527.007,2,367537,500,134190,-1
34527.125,1,373353,500,134290,-1
34527.162,1,373373,600,133320,1
34527.473,2,370486,800,133790,-1
34527.5,4,371347,100,133700,-1
34527.65,1,373667,1000,133700,-1
34527.673,1,373689,800,133790,-1
34527.722,1,373730,600,134280,-1
34528.414,1,374138,7000,134000,-1
34528.745,4,371347,500,133700,-1
34528.874,4,371347,150,133700,-1
34528.874,4,373667,350,133700,-1
34528.925,2,373373,600,133320,1
34528.928,2,373730,600,134280,-1
34528.995,2,175548,200,130020,1
34529.033,1,374535,600,133220,1
34529.492,2,371607,100,133790,-1
34529.567,2,373689,800,133790,-1
34529.581,1,374851,600,134180,-1
34529.65,1,374901,100,133790,-1
34529.773,1,374993,800,133890,-1
34529.987,2,374901,100,133790,-1
34529.989,2,369619,1000,133520,1
34529.993,2,367143,800,133510,1
34530.015,1,375133,1000,133510,1
34530.042,2,371929,800,133410,1
34530.203,1,375253,100,133890,-1
34530.227,4,373667,650,133700,-1
34530.227,5,373999,13,133700,-1
34530.323,2,375253,100,133890,-1
34530.34,1,375361,800,133410,1
34530.835,1,375675,100,133790,-1
34530.925,2,375675,100,133790,-1
34531.398,1,376012,100,133890,-1
34531.457,2,374851,600,134180,-1
34531.458,2,374535,600,133220,1
34531.548,1,376109,600,133320,1
34531.563,2,376012,100,133890,-1
34531.609,1,376165,1000,133800,-1
34531.852,2,370077,8000,133500,1
34531.952,2,373245,600,133890,-1
34531.997,1,376428,100,133890,-1
34532.068,2,372466,1400,133460,1
34532.108,1,376513,1400,133390,1
34532.12,1,376529,600,134280,-1
34532.208,1,376594,600,133890,-1
34532.307,2,376513,1400,133390,1
34532.354,1,376677,1400,133460,1
34532.493,4,376165,1000,133800,-1
34532.493,5,372208,2000,133800,-1
34532.515,2,358956,1000,133990,-1
34532.546,1,376797,5000,133790,-1
34532.59,1,376825,800,133510,1
34532.599,4,376797,5000,133790,-1
34532.722,2,376109,600,133320,1
34532.727,1,376933,600,133420,1
34532.729,2,376529,600,134280,-1
34532.768,2,375361,800,133410,1
34532.77,2,374993,800,133890,-1
34532.79,5,376774,1000,133840,-1
34532.79,5,376950,1000,133870,-1
34532.79,5,374317,400,133880,-1
34532.79,5,376874,1000,133880,-1
34532.79,4,376428,100,133890,-1
34532.79,4,376594,600,133890,-1
34532.817,1,376995,1000,133990,-1
34532.844,2,376995,1000,133990,-1
34532.975,2,376825,800,133510,1
34533.032,2,372130,500,133410,1
34533.11,2,375133,1000,133510,1
34533.126,5,377069,1000,133870,-1
34533.126,5,377118,200,133880,-1
34533.175,1,377257,500,133510,1
34533.225,1,377286,600,134280,-1
34533.261,2,373353,500,134290,-1
34533.335,1,377363,200,133810,1
34533.368,1,377383,300,133990,-1
34533.458,1,377431,800,133810,1
34533.613,2,376933,600,133420,1
34533.619,2,377286,600,134280,-1
34533.625,2,376677,1400,133460,1
34533.628,2,372469,2800,134790,-1
34533.687,1,377618,1400,133530,1
34533.692,1,377624,2800,134860,-1
34533.743,1,377679,500,134390,-1
34533.762,2,377257,500,133510,1
34533.771,1,377702,600,134380,-1
34533.791,1,377720,3000,133320,1
34533.794,2,377363,200,133810,1
34534.116,2,377431,800,133810,1
34534.128,5,377487,100,133820,1
34534.141,1,377934,1000,133540,1
34534.206,1,377986,1500,133420,1
34534.249,1,378008,600,133510,1
34534.284,1,378040,500,133610,1
34534.287,1,378044,600,133520,1
34534.539,2,377986,1500,133420,1
34534.564,5,378198,1000,133830,1
34534.564,5,378177,1000,133810,1
34534.564,5,378189,1000,133810,1
34534.624,2,377934,1000,133540,1
34534.659,1,378258,1000,133620,1
34534.768,1,378333,100,133800,-1
34535.007,4,378333,100,133800,-1
34535.14,2,378258,1000,133620,1
34535.381,2,378040,500,133610,1
34535.406,1,378680,1000,133540,1
34535.489,1,378722,500,133510,1
34535.505,1,378730,800,133610,1
34535.616,5,378775,1000,133890,-1
34535.616,5,378647,100,133900,-1
34535.616,5,378618,400,133980,-1
34535.616,4,377383,300,133990,-1
34535.616,5,357505,200,133990,-1
34535.792,1,378961,100,133990,-1
34535.837,1,378984,1000,135900,-1
34535.843,2,378722,500,133510,1
34536.033,1,379087,500,133610,1
34536.062,1,379110,800,134190,-1
34536.067,1,379115,800,134190,-1
34536.38,1,379312,250,142500,-1
34536.402,2,379115,800,134190,-1
34536.507,5,379072,1000,133900,-1
34536.663,1,379513,800,134290,-1
34537.256,1,379820,800,133610,1
34537.539,1,379952,2000,133980,-1
34537.859,1,380104,5000,133820,1
34537.971,1,380140,100,134000,-1
34538.959,2,378008,600,133510,1
34539.024,1,380630,600,133610,1
34539.73,2,377624,2800,134860,-1
34539.764,2,377618,1400,133530,1
34539.786,1,381069,2800,134930,-1
34539.797,2,378044,600,133520,1
34539.811,1,381100,1400,133600,1
34539.841,1,381127,2000,133900,-1
34539.901,1,381178,600,133620,1
34539.925,2,378730,800,133610,1
34540.132,1,381317,800,133710,1
34540.566,4,381127,2000,133900,-1
34540.633,2,379952,2000,133980,-1
34540.793,2,378961,100,133990,-1
34540.862,2,377702,600,134380,-1
34540.894,1,381694,100,133990,-1
34540.971,1,381736,600,134480,-1
34541.063,2,379110,800,134190,-1
34541.243,1,381837,800,134190,-1
34541.409,2,381736,600,134480,-1
34541.522,1,381934,600,134380,-1
34541.578,2,381934,600,134380,-1
34541.663,2,379513,800,134290,-1
34541.742,1,382083,800,134290,-1
34542.064,1,382207,600,134480,-1
34542.253,2,379820,800,133610,1
34542.322,1,382312,800,133610,1
34543.04,2,380104,5000,133820,1
34543.479,2,380630,600,133610,1
34543.481,2,381694,100,133990,-1
34543.743,2,377679,500,134390,-1
34543.793,2,377720,3000,133320,1
34543.854,1,383028,500,134390,-1
34543.975,1,383061,600,134290,-1
34544.581,2,382207,600,134480,-1
34544.584,1,383349,600,134380,-1
34545.024,1,383572,400,133900,1
34545.133,2,381317,800,133710,1
34545.443,1,383758,800,133710,1
34545.784,2,383349,600,134380,-1
34545.896,1,383990,600,134480,-1
34545.983,5,382086,67,133980,-1
34546.008,5,384038,500,133960,-1
34546.033,2,379087,500,133610,1
34546.172,1,384119,500,133610,1
34546.243,2,381837,800,134190,-1
34546.318,1,384190,800,134190,-1
34546.704,5,384216,67,133920,1
34546.704,4,383572,33,133900,1
34546.745,2,382083,800,134290,-1
34546.837,1,384524,800,134290,-1
34547.146,2,381069,2800,134930,-1
34547.189,1,384826,1400,134930,-1
34547.231,2,384826,1400,134930,-1
34547.284,1,384922,2800,135000,-1
34547.323,2,382312,800,133610,1
34547.417,2,381100,1400,133600,1
34547.458,1,385082,1400,133670,1
34548.045,1,385631,800,133710,1
34548.052,2,385082,1400,133670,1
34548.057,2,384922,2800,135000,-1
34548.116,1,385691,1400,133600,1
34548.121,1,385696,1400,134930,-1
34548.255,2,383061,600,134290,-1
34548.493,2,385691,1400,133600,1
34548.495,2,385696,1400,134930,-1
34548.516,2,384190,800,134190,-1
34548.548,1,386043,1400,133670,1
34548.551,1,386045,2800,135000,-1
34548.914,2,384119,500,133610,1
34548.981,1,386400,500,133610,1
34549.042,2,386400,500,133610,1
34549.058,1,386445,800,134290,-1
34549.287,1,386615,1000,136000,-1
34549.55,4,339531,2000,134000,-1
34549.556,1,386786,25,137000,-1
34549.562,1,386792,500,133510,1
34549.688,2,386792,500,133510,1
34549.903,2,381178,600,133620,1
34550.065,1,387070,600,133620,1
34550.121,1,387089,500,133610,1
34550.354,2,383028,500,134390,-1
34550.443,2,383758,800,133710,1
34550.598,1,387352,800,133710,1
34550.673,1,387394,500,134490,-1
34551.108,2,384524,800,134290,-1
34551.216,1,387724,800,134390,-1
34551.238,4,339531,100,134000,-1
34551.673,5,387169,100,133920,1
34551.673,4,383572,367,133900,1
34551.673,5,387025,1533,133900,1
34552.142,2,383990,600,134480,-1
34552.186,2,387394,500,134490,-1
34552.2,2,386043,1400,133670,1
34552.207,2,386045,2800,135000,-1
34552.24,2,387070,600,133620,1
34552.27,1,388305,1400,133600,1
34552.287,1,388319,1400,134930,-1
34552.303,1,388334,600,133520,1
34552.363,1,388391,3000,133420,1
34552.408,1,388416,1500,133620,1
34552.444,1,388439,500,134390,-1
34552.5,2,387352,800,133710,1
34552.594,1,388547,600,133710,1
34552.605,1,388555,800,133810,1
34552.733,2,388416,1500,133620,1
34552.806,1,388694,600,134380,-1
34552.812,2,388555,800,133810,1
34553.018,2,386445,800,134290,-1
34553.044,2,385631,800,133710,1
34553.157,2,387089,500,133610,1
34553.167,1,388901,800,133710,1
34553.202,1,388935,600,134290,-1
34553.216,1,388944,800,133710,1
34553.276,5,388779,5000,133990,-1
34553.276,4,339531,2500,134000,-1
34553.276,4,347028,500,134000,-1
34553.276,4,352453,1000,134000,-1
34553.276,4,364696,300,134000,-1
34553.276,4,367318,5000,134000,-1
34553.276,4,371095,2000,134000,-1
34553.276,4,374138,4300,134000,-1
34553.37,1,389064,500,133510,1
34553.43,2,389064,500,133510,1
34553.659,2,388319,1400,134930,-1
34553.696,4,374138,2700,134000,-1
34553.696,4,380140,100,134000,-1
34553.696,1,389291,15700,134000,1
34553.709,1,389307,2800,135000,-1
34553.719,1,389317,1000,134190,-1
34553.735,2,388901,800,133710,1
34553.778,1,389382,1500,133620,1
34553.788,1,389389,800,134290,-1
34553.841,2,389307,2800,135000,-1
34553.873,2,389382,1500,133620,1
34553.891,1,389464,1400,134930,-1
34553.955,1,389506,500,133610,1
34553.989,2,388547,600,133710,1
34554.108,1,389609,600,133810,1
34554.111,2,388334,600,133520,1
34554.218,2,389464,1400,134930,-1
34554.222,1,389676,600,133620,1
34554.226,2,388439,500,134390,-1
34554.231,2,388694,600,134380,-1
34554.264,1,389701,2800,134930,-1
34554.313,1,389730,800,133810,1
34554.489,1,389853,500,134490,-1
34554.641,5,389314,1000,134020,1
34554.641,5,389316,800,134010,1
34554.641,5,389565,1900,134010,1
34554.641,4,389291,13900,134000,1
34554.772,1,390037,600,134480,-1
34555.244,2,389609,600,133810,1
34555.247,1,390292,200,139900,-1
34555.452,5,390246,1000,134040,1
34555.454,1,390380,600,133710,1
34555.508,4,389291,1800,134000,1
34555.709,1,390527,2000,134000,1
34555.726,2,390380,600,133710,1
34555.801,5,390573,2000,134040,1
34555.997,5,390624,200,134040,1
34556.213,2,387724,800,134390,-1
34556.309,2,389506,500,133610,1
34556.376,1,390884,500,133710,1
34556.411,2,389730,800,133810,1
34556.505,1,390935,800,134390,-1
34556.52,1,390940,600,133810,1
34556.534,1,390947,3000,134000,1
34556.535,1,390948,800,133810,1
34557.14,2,389317,1000,134190,-1
34557.146,2,390947,3000,134000,1
34557.192,2,152052,1600,142500,-1
34557.282,1,391346,1000,134190,-1
34557.308,5,391360,40,134170,-1
34557.423,2,390527,2000,134000,1
34557.438,2,391346,1000,134190,-1
34557.585,1,391510,1600,135000,-1
34558.205,2,388935,600,134290,-1
34558.213,2,388944,800,133710,1
34558.324,1,391864,600,134290,-1
34558.367,1,391895,800,133710,1
34558.454,2,360416,200,134300,-1
34558.718,2,388305,1400,133600,1
34558.72,2,389701,2800,134930,-1
34558.762,1,392110,1400,133670,1
34558.765,1,392116,2800,135000,-1
34558.793,2,389389,800,134290,-1
34559.037,2,389676,600,133620,1
34559.144,1,392401,600,133720,1
34559.229,2,389853,500,134490,-1
34559.265,1,392514,800,134290,-1
34559.333,2,392514,800,134290,-1
34559.377,2,391895,800,133710,1
34559.381,2,391864,600,134290,-1
34559.561,1,392744,600,134390,-1
34559.588,1,392759,500,134590,-1
34559.694,1,392848,800,133810,1
34559.797,1,392927,800,134390,-1
34560.062,1,393100,5000,134020,1
34560.101,1,393126,8000,134000,1
34560.453,1,393385,4227,134400,-1
34560.541,2,388391,3000,133420,1
34560.564,2,390037,600,134480,-1
34560.675,1,393556,600,134580,-1
34561.025,1,393801,2000,134100,-1
34561.095,2,393100,5000,134020,1
34561.206,2,392116,2800,135000,-1
34561.247,1,393962,1400,135000,-1
34561.503,2,390935,800,134390,-1
34561.523,2,390940,600,133810,1
34561.533,2,390948,800,133810,1
34561.641,1,394239,600,133810,1
34561.703,2,392110,1400,133670,1
34561.705,2,393962,1400,135000,-1
34561.734,1,394328,800,134390,-1
34561.746,1,394341,1400,133750,1
34561.751,1,394346,2800,135080,-1
34561.758,1,394353,2500,134000,1
34561.771,1,394369,800,133810,1
34562.205,5,393233,66,134030,1
34562.298,5,394172,3000,134070,-1
34562.298,4,393801,2000,134100,-1
34562.388,1,394816,1000,134100,-1
34562.45,5,393233,34,134030,1
34562.597,2,392759,500,134590,-1
34562.923,1,395232,500,134490,-1
34562.975,2,392927,800,134390,-1
34563.223,1,395436,800,134390,-1
34563.429,1,395597,100,134300,-1
34563.599,2,390884,500,133710,1
34563.904,5,394902,1500,134090,-1
34563.904,4,394816,1000,134100,-1
34563.922,1,395897,500,133610,1
34563.955,2,393556,600,134580,-1
34564.029,1,395968,2000,134010,1
34564.065,1,395987,600,134480,-1
34564.313,2,395897,500,133610,1
34564.324,1,396197,5000,134000,1
34564.325,2,394346,2800,135080,-1
34564.376,1,396230,1400,135080,-1
34564.403,2,395987,600,134480,-1
34564.516,1,396344,500,133710,1
34564.532,1,396357,2000,134010,1
34564.564,2,392744,600,134390,-1
34564.613,1,396411,600,134580,-1
34564.693,2,392848,800,133810,1
34564.833,1,396560,800,133810,1
34564.845,5,396368,67,134110,1
34564.863,1,396578,600,134390,-1
34564.97,2,394341,1400,133750,1
34564.972,2,396230,1400,135080,-1
34565.02,1,396666,1400,133820,1
34565.022,1,396668,2800,135150,-1
34565.387,1,396974,2000,134100,1
34565.903,1,397350,2000,134010,1
34566.368,2,396666,1400,133820,1
34566.371,2,396668,2800,135150,-1
34566.425,1,397740,1400,133750,1
34566.431,1,397750,2800,135080,-1
34566.467,2,395968,2000,134010,1
34566.479,2,397750,2800,135080,-1
34566.523,1,397827,1400,135080,-1
34566.546,2,397827,1400,135080,-1
34566.554,2,397350,2000,134010,1
34566.586,1,397876,2800,135080,-1
34566.616,1,397901,2000,134100,1
34566.623,2,394369,800,133810,1
34566.644,2,394239,600,133810,1
34566.718,4,255349,250,134200,-1
34566.731,1,398004,800,133910,1
34566.734,2,394328,800,134390,-1
34566.82,4,255349,250,134200,-1
34566.82,4,278149,3800,134200,-1
34566.82,4,343614,200,134200,-1
34566.837,1,398093,800,134390,-1
34566.869,5,397060,100,134150,1
34566.933,2,392401,600,133720,1
34567.042,1,398254,600,133820,1
34567.266,1,398422,5000,134190,-1
34567.298,4,398422,5000,134190,-1
34567.4,2,396974,2000,134100,1
34567.499,2,395232,500,134490,-1
34567.66,2,398093,800,134390,-1
34567.696,1,398736,600,133810,1
34567.771,1,398785,100,134100,1
34567.783,2,396344,500,133710,1
34567.79,5,398722,1000,134210,1
34567.79,1,398796,2067,134180,-1
34567.83,1,398817,500,134590,-1
34567.871,4,398796,2067,134180,-1
34568.066,5,398303,500,134280,-1
34568.066,5,398853,960,134280,-1
34568.066,5,398186,1540,134290,-1
34568.079,1,398979,800,134490,-1
34568.166,2,397740,1400,133750,1
34568.168,2,397876,2800,135080,-1
34568.227,2,395436,800,134390,-1
34568.231,1,399088,1400,133820,1
34568.236,1,399096,2800,135150,-1
34568.243,2,396411,600,134580,-1
34568.301,1,399165,600,134680,-1
34568.334,1,399189,800,134390,-1
34568.375,5,398856,800,134290,-1
34568.377,4,281161,800,134300,-1
34568.419,1,399268,500,133810,1
34568.477,4,281161,200,134300,-1
34568.477,4,395597,100,134300,-1
34568.749,2,398004,800,133910,1
34568.772,1,399571,4000,134110,1
34568.966,1,399765,800,133910,1
34569.215,1,399951,5000,134300,-1
34569.259,5,399625,100,134290,-1
34569.259,4,399951,1000,134300,-1
34569.268,1,399984,2000,134200,1
34569.834,2,396560,800,133810,1
34569.864,2,396578,600,134390,-1
34569.984,4,399951,4000,134300,-1
34570.055,2,399189,800,134390,-1
34570.171,5,400779,67,134390,-1
34570.306,1,400947,800,134390,-1
34570.524,1,401151,600,134390,-1
34570.668,2,400947,800,134390,-1
34571.008,1,401561,800,134390,-1
34571.018,2,399571,4000,134110,1
34571.066,1,401604,2000,134300,1
34571.394,2,398736,600,133810,1
34571.397,2,401151,600,134390,-1
34571.763,1,402078,100,134110,1
34571.77,4,401604,2000,134300,1
34571.77,1,402086,4400,134300,-1
34571.783,2,399765,800,133910,1
34571.838,2,401561,800,134390,-1
34571.945,4,402086,4000,134300,-1
34572.161,1,402371,800,134110,1
34572.185,1,402391,600,134490,-1
34572.292,4,402086,400,134300,-1
34572.708,1,402738,800,134490,-1
34572.884,1,402862,1000,134200,1
34573.073,2,402738,800,134490,-1
34573.084,2,398979,800,134490,-1
34573.35,1,403214,800,134490,-1
34573.414,1,403247,800,134590,-1
34574.001,2,396357,2000,134010,1
34574.032,2,397901,2000,134100,1
34574.033,2,399984,2000,134200,1
34574.066,2,398254,600,133820,1
34574.174,1,403679,600,133920,1
34574.66,1,403990,1000,134300,1
34574.946,2,402371,800,134110,1
34575.086,1,404284,800,134210,1
34575.232,5,403128,500,134360,-1
34575.232,5,402709,1000,134370,-1
34575.232,5,400897,3000,134390,-1
34575.232,4,247552,200,134400,-1
34575.593,1,404651,100,134400,-1
34575.659,5,404398,100,134360,-1
34576.774,2,402078,100,134110,1
34576.833,1,405552,100,134300,1
34576.924,1,405664,200,134110,1
34577.186,2,402391,600,134490,-1
34577.3,1,406061,5000,134370,-1
34577.399,4,403990,1000,134300,1
34577.399,4,405552,100,134300,1
34577.399,5,402470,500,134300,1
34577.41,2,404284,800,134210,1
34577.45,1,406200,600,134490,-1
34577.719,1,406525,800,134110,1
34577.723,2,402862,1000,134200,1
34577.8,2,405664,200,134110,1
34577.834,2,398817,500,134590,-1
34578.04,1,406856,200,134010,1
34578.147,1,406944,500,134590,-1
34578.193,1,406983,700,134300,-1
34578.272,2,406525,800,134110,1
34578.296,2,378680,1000,133540,1
34578.304,2,399165,600,134680,-1
34578.327,1,407091,1000,134110,1
34578.354,2,403214,800,134490,-1
34578.411,1,407165,800,134210,1
34578.414,2,403247,800,134590,-1
34578.424,2,399268,500,133810,1
34578.441,1,407191,600,134680,-1
34578.511,2,406944,500,134590,-1
34578.555,1,407280,800,134490,-1
34578.624,2,407165,800,134210,1
34578.652,2,404651,100,134400,-1
34578.706,1,407416,500,134490,-1
34578.783,5,407423,2267,134260,-1
34578.783,5,407426,427,134260,-1
34578.783,5,407448,900,134260,-1
34578.783,4,406983,606,134300,-1
34578.972,2,407091,1000,134110,1
34579.097,1,407783,800,134110,1
34579.258,1,407887,2000,134100,1
34579.277,5,407763,100,134260,-1
34579.277,5,407651,1000,134270,-1
34579.277,4,406983,94,134300,-1
34579.277,5,407683,306,134300,-1
34579.3,1,407911,500,133710,1
34579.365,2,403679,600,133920,1
34579.368,2,407191,600,134680,-1
34579.396,1,407993,5000,134300,-1
34579.506,1,408130,600,134580,-1
34579.517,2,399088,1400,133820,1
34579.522,2,399096,2800,135150,-1
34579.584,1,408215,1400,133750,1
34579.586,1,408218,1400,135080,-1
34579.65,2,408218,1400,135080,-1
34579.696,1,408349,800,133810,1
34579.703,1,408358,2800,135080,-1
34579.734,2,407783,800,134110,1
34579.966,1,408565,800,134110,1
34580.022,1,408618,600,133820,1
34580.122,2,406200,600,134490,-1
34580.578,2,408565,800,134110,1
34580.685,1,409192,800,134210,1
34580.8,1,409272,600,134490,-1
34581.346,4,409192,41,134210,1
34581.453,1,409775,5000,134110,1
34581.494,4,409192,200,134210,1
34581.61,1,409965,100,134300,-1
34581.822,1,410197,2000,134300,-1
34581.835,2,409192,559,134210,1
34581.842,2,409272,600,134490,-1
34581.875,5,409449,100,134250,-1
34581.875,4,407993,5000,134300,-1
34581.875,4,409965,100,134300,-1
34581.875,4,410197,1400,134300,-1
34581.879,5,406572,44,134160,1
34582.063,1,410439,600,134390,-1
34582.096,1,410474,241,134300,-1
34582.253,2,407416,500,134490,-1
34582.431,2,410474,241,134300,-1
34582.52,1,410857,500,134390,-1
34582.677,2,407280,800,134490,-1
34582.719,1,411038,200,134300,-1
34582.791,1,411097,800,134390,-1
34582.911,2,408618,600,133820,1
34583.038,1,411341,600,133720,1
34583.046,2,406856,200,134010,1
34583.074,2,408215,1400,133750,1
34583.078,2,408358,2800,135080,-1
34583.147,1,411471,1400,133670,1
34583.15,1,411475,2800,135000,-1
34583.239,2,407911,500,133710,1
34583.245,2,408130,600,134580,-1
34583.269,1,411618,200,134010,1
34583.311,1,411669,2000,134200,1
34583.395,2,410197,600,134300,-1
34583.419,1,411791,500,133610,1
34583.498,2,411791,500,133610,1
34583.573,1,411961,600,134480,-1
34583.964,1,412378,500,133710,1
34584.044,2,412378,500,133710,1
34584.263,4,411038,15,134300,-1
34584.534,1,412888,241,134300,-1
34584.648,1,413005,500,133710,1
34584.695,2,408349,800,133810,1
34584.892,1,413190,200,134200,1
34584.912,4,411669,44,134200,1
34584.94,2,411038,185,134300,-1
34585.103,2,410857,500,134390,-1
34585.188,4,411669,39,134200,1
34585.201,2,411097,800,134390,-1
34585.328,1,413625,800,134390,-1
34585.576,1,413864,500,134490,-1
34585.591,4,412888,241,134300,-1
34585.591,5,408201,67,134300,-1
34585.591,5,408896,692,134300,-1
34586.031,2,413625,800,134390,-1
34586.295,5,408896,400,134300,-1
34586.347,5,408896,2908,134300,-1
34586.347,5,409859,992,134300,-1
34586.917,1,415038,4000,135200,-1
34587.028,2,410439,600,134390,-1
34587.037,1,415121,200,134110,1
34587.107,2,415121,200,134110,1
34587.165,5,413899,100,134320,-1
34587.321,1,415278,600,134490,-1
34587.395,1,415329,800,134490,-1
34588.274,2,411618,200,134010,1
34588.36,1,415961,800,133810,1
34588.422,1,416019,200,134010,1
34589.102,1,416522,500,134390,-1
34589.473,1,416839,400,134210,1
34589.761,5,415151,200,134230,1
34589.761,5,415909,200,134230,1
34589.776,5,415909,800,134230,1
34589.776,5,416852,1000,134230,1
34589.776,5,416854,317,134220,1
34589.819,5,416854,83,134220,1
34589.978,1,417215,2000,134300,1
34590.104,2,416839,400,134210,1
34590.275,4,417215,2000,134300,1
34590.353,1,417500,400,134110,1
34590.639,5,417442,400,134210,1
34590.639,5,417579,1000,134210,1
34590.639,4,411669,717,134200,1
34590.658,4,411669,83,134200,1
34590.664,2,417500,400,134110,1
34590.678,4,411669,400,134200,1
34590.714,2,411341,600,133720,1
34590.8,1,417799,600,133820,1
34590.805,5,417744,400,134210,1
34590.891,4,411669,717,134200,1
34590.891,4,413190,200,134200,1
34590.891,5,415852,200,134200,1
34591.125,5,417627,1000,134290,-1
34591.125,5,417711,1000,134300,-1
34591.165,2,411961,600,134480,-1
34591.3,1,418193,400,134210,1
34591.327,4,418193,100,134210,1
34591.338,4,418193,300,134210,1
34591.4,1,418288,600,134580,-1
34591.476,5,418141,300,134290,-1
34591.514,2,407887,2000,134100,1
34591.865,2,415278,600,134490,-1
34591.91,1,418732,800,134490,-1
34592.027,2,411475,2800,135000,-1
34592.066,1,418845,5000,134200,1
34592.07,1,418849,1400,135000,-1
34592.101,5,418756,1300,134210,1
34592.101,4,418845,1983,134200,1
34592.212,1,418963,1600,134300,-1
34592.234,2,418963,1600,134300,-1
34592.243,4,418845,1500,134200,1
34592.346,1,419087,600,134390,-1
34592.375,4,418845,200,134200,1
34592.395,2,415329,800,134490,-1
34592.581,2,418849,1400,135000,-1
34592.621,1,419268,2800,135000,-1
34592.749,2,418732,800,134490,-1
34592.759,1,419370,800,134490,-1
34592.857,1,419438,800,134390,-1
34592.919,2,419087,600,134390,-1
34593.218,1,419701,600,134490,-1
34593.245,1,419722,2000,134110,1
34593.365,2,415961,800,133810,1
34593.425,2,416019,200,134010,1
34593.493,2,419438,800,134390,-1
34593.737,1,420057,200,134010,1
34593.907,1,420234,800,134390,-1
34594.105,2,411471,1400,133670,1
34594.112,2,419268,2800,135000,-1
34594.195,1,420524,1400,133750,1
34594.21,1,420537,2800,135080,-1
34594.246,2,420234,800,134390,-1
34594.475,1,420761,800,134490,-1
34594.655,2,413005,500,133710,1
34594.737,1,420974,500,133710,1
34594.828,2,316024,4900,133500,1
34595.011,2,420761,800,134490,-1
34595.151,1,421317,800,134390,-1
34595.228,1,421378,2000,134210,1
34595.575,2,413864,500,134490,-1
34595.678,1,421697,5000,134210,1
34595.738,1,421746,500,134490,-1
34596.067,2,420524,1400,133750,1
34596.069,2,420537,2800,135080,-1
34596.125,1,421967,1400,133670,1
34596.128,1,421969,2800,135000,-1
34596.146,2,421969,2800,135000,-1
34596.217,1,422062,2800,135080,-1
34596.74,2,422062,2800,135080,-1
34596.789,1,422489,2800,135000,-1
34597.064,2,422489,2800,135000,-1
34597.105,1,422704,1400,135000,-1
34597.155,2,421967,1400,133670,1
34597.159,2,422704,1400,135000,-1
34597.213,1,422805,1400,133750,1
34597.216,1,422808,2800,135080,-1
34597.384,2,420974,500,133710,1
