34200.04,5,183976,900,146980,-1
34200.073,5,184633,206,146970,-1
34200.073,5,183978,194,146980,-1
34200.118,5,183978,400,146980,-1
34200.138,5,183978,6,146980,-1
34200.138,4,183973,500,146990,-1
34200.201,2,183827,500,146410,1
34200.348,2,184208,2800,147610,-1
34200.408,1,184921,1400,147540,-1
34200.635,2,40895,100,148900,-1
34200.803,5,184497,400,146850,1
34200.842,2,184921,1400,147540,-1
34200.88,1,185331,2800,147610,-1
34201.228,2,185331,2800,147610,-1
34201.267,1,185605,1400,147540,-1
34201.933,1,185997,1000,147800,-1
34201.935,2,185605,1400,147540,-1
34201.955,5,184497,100,146850,1
34201.955,5,184727,300,146850,1
34201.973,1,186029,2800,147540,-1
34202.035,2,186029,2800,147540,-1
34202.078,1,186111,2800,147610,-1
34202.499,2,186111,2800,147610,-1
34202.539,1,186471,2800,147540,-1
34202.784,5,186160,100,147050,-1
34202.79,5,186160,400,147050,-1
34202.909,2,186471,2800,147540,-1
34202.954,1,186722,2800,147680,-1
34202.982,1,186751,400,146710,1
34203.104,5,186636,100,147100,1
34204.326,2,186722,2800,147680,-1
34204.368,1,187472,1400,147680,-1
34204.401,5,186636,1000,147100,1
34204.434,5,186636,600,147100,1
34204.434,5,184727,400,146850,1
34204.66,2,186751,400,146710,1
34204.875,1,187933,400,146810,1
34204.923,5,187945,500,146860,1
34204.923,5,187950,500,146850,1
34205.022,5,187950,17,146850,1
34205.101,5,187950,83,146850,1
34205.101,4,187933,400,146810,1
34205.101,4,183785,484,146800,1
34205.238,2,171143,100,146500,1
34205.271,2,171821,246,146500,1
34205.273,2,171863,500,146500,1
34205.442,1,188366,400,146510,1
34205.445,1,188368,1000,147490,-1
34205.531,1,188440,300,146810,1
34205.544,4,188440,300,146810,1
34206.721,2,188366,400,146510,1
34207.02,1,189565,1000,146510,1
34207.238,2,189565,1000,146510,1
34207.3,1,189810,1000,146510,1
34207.486,2,189810,1000,146510,1
34207.65,2,187472,1400,147680,-1
34207.689,1,190148,2800,147750,-1
34208.003,5,190401,33,146550,1
34208.139,1,190564,100,146610,1
34208.647,5,190587,42,146660,1
34208.699,1,191019,400,146890,-1
34208.727,5,190972,54,146850,-1
34208.763,4,190564,100,146610,1
34208.771,5,191015,100,146550,1
34208.937,5,191015,325,146550,1
34208.937,5,191126,54,146550,1
34208.937,4,170496,202,146500,1
34208.937,4,182875,319,146500,1
34209.057,2,191019,400,146890,-1
34209.465,1,191676,500,146410,1
34209.889,5,191847,300,146750,-1
34209.943,1,192081,41,146700,1
34210.126,1,192220,7,146700,1
34210.138,1,192228,500,146990,-1
34210.206,2,188368,1000,147490,-1
34210.218,2,192228,500,146990,-1
34210.283,1,192348,1000,147490,-1
34210.378,4,192081,41,146700,1
34210.378,4,192220,7,146700,1
34210.457,1,192497,1000,146510,1
34210.598,5,192574,52,146800,1
34210.631,5,192574,48,146800,1
34210.687,1,192649,500,146890,-1
34210.712,2,190148,2800,147750,-1
34210.746,2,192649,500,146890,-1
34210.75,1,192716,2800,147680,-1
34210.957,2,192497,1000,146510,1
34210.991,1,192941,300,146520,1
34211.038,1,192992,100,147000,-1
34211.115,2,192348,1000,147490,-1
34211.129,1,193065,1000,146990,-1
34211.174,2,192941,300,146520,1
34211.35,1,193255,500,146990,-1
34211.612,2,184520,69,143400,1
34211.617,2,184526,71,140500,1
34211.702,2,193065,1000,146990,-1
34212.167,1,193989,300,152100,-1
34212.629,2,171889,100,165000,-1
34213.896,2,192716,2800,147680,-1
34213.935,1,195243,2800,147680,-1
34214.06,1,195334,1500,146420,1
34214.08,2,195243,2800,147680,-1
34214.12,1,195384,1400,147610,-1
34214.257,2,195384,1400,147610,-1
34214.296,1,195527,2800,147610,-1
34214.391,2,195527,2800,147610,-1
34214.429,1,195626,2800,147680,-1
34214.62,1,195759,1500,147180,-1
34214.992,2,195334,1500,146420,1
34214.994,2,195759,1500,147180,-1
34215.021,1,196115,1000,146980,-1
34215.167,1,196227,1500,146780,-1
34215.579,2,195626,2800,147680,-1
34215.62,1,196537,2800,147750,-1
34215.728,1,196623,100,146790,-1
34215.897,2,196227,1500,146780,-1
34215.934,1,196782,1500,146880,-1
34216.077,2,196782,1500,146880,-1
34216.116,5,195856,52,146600,1
34216.505,1,197242,1500,146780,-1
34216.989,2,196537,2800,147750,-1
34217.025,1,197636,1400,147680,-1
34217.3,2,196623,100,146790,-1
34217.418,2,193255,500,146990,-1
34217.463,2,197636,1400,147680,-1
34217.501,1,197947,2800,147680,-1
34217.532,1,197981,500,146890,-1
34217.751,1,198120,3000,147600,-1
34218.545,1,198619,30,144100,1
34219.178,2,197981,500,146890,-1
34219.404,1,199239,500,146990,-1
34219.462,2,191676,500,146410,1
34219.965,1,199619,500,146410,1
34220.075,2,197242,1500,146780,-1
34220.136,1,199725,1500,146680,-1
34220.139,2,197947,2800,147680,-1
34220.179,1,199756,2800,147610,-1
34220.445,2,199756,2800,147610,-1
34220.482,1,199906,1400,147610,-1
34220.67,2,199906,1400,147610,-1
34220.708,1,200054,2800,147610,-1
34220.778,2,135896,1000,145000,1
34220.991,2,199239,500,146990,-1
34221.231,1,200410,500,146990,-1
34221.491,2,200054,2800,147610,-1
34221.529,1,200598,2800,147680,-1
34221.555,2,199725,1500,146680,-1
34221.573,1,200618,1500,146780,-1
34221.681,2,200618,1500,146780,-1
34221.714,2,200598,2800,147680,-1
34221.753,1,200746,2800,147610,-1
34222.012,2,200410,500,146990,-1
34222.122,1,200989,1500,146680,-1
34222.124,1,200991,500,146890,-1
34222.461,2,200991,500,146890,-1
34222.685,1,201359,500,146890,-1
34223.012,1,201584,134,141600,1
34223.596,5,201011,1000,146660,-1
34223.737,2,162495,5000,145400,1
34224.216,2,201359,500,146890,-1
34224.325,1,202359,500,146990,-1
34225.033,5,201934,1000,146520,1
34225.185,4,182875,681,146500,1
34225.652,1,203236,500,80000,1
34225.656,1,203239,500,90000,1
34225.983,2,202359,500,146990,-1
34226.098,1,203555,500,146890,-1
34226.195,2,199619,500,146410,1
34226.199,2,203555,500,146890,-1
34226.268,1,203677,1000,146210,1
34226.997,1,204213,300,146690,-1
34227.079,2,200746,2800,147610,-1
34227.12,1,204283,2800,147540,-1
34227.151,2,200989,1500,146680,-1
34227.165,1,204322,1500,146580,-1
34227.503,2,204213,300,146690,-1
34227.825,1,204744,300,146790,-1
34228.184,5,204339,1200,146560,-1
34228.184,5,204334,300,146570,-1
34228.504,2,204283,2800,147540,-1
34228.543,1,205171,2800,147470,-1
34229.215,2,205171,2800,147470,-1
34229.253,1,205632,1400,147470,-1
34229.827,2,204744,300,146790,-1
34229.894,1,205997,300,146420,1
34229.966,1,206037,300,146690,-1
34230.333,5,204334,300,146570,-1
34230.333,4,204322,200,146580,-1
34230.409,1,206286,800,146500,1
34230.506,2,205632,1400,147470,-1
34230.547,1,206371,2800,147470,-1
34230.558,4,206286,800,146500,1
34231.246,4,204322,1300,146580,-1
34231.246,5,203322,200,146630,-1
34231.246,5,203509,500,146630,-1
34231.278,2,206371,2800,147470,-1
34231.324,1,206885,2800,147540,-1
34231.489,1,207019,1500,146880,-1
34231.716,2,207019,1500,146880,-1
34232.054,1,207366,1500,146220,1
34232.103,5,206844,500,146470,1
34232.103,5,206395,200,146440,1
34232.603,1,207677,1500,146980,-1
34233.253,2,206037,300,146690,-1
34233.779,1,208277,300,146590,-1
34234.121,2,208277,300,146590,-1
34234.496,1,208751,300,146690,-1
34235.729,2,208751,300,146690,-1
34236.189,1,209747,300,146590,-1
34236.249,2,209747,300,146590,-1
34236.734,1,210028,300,146690,-1
34237.231,2,210028,300,146690,-1
34237.351,5,207670,500,146470,1
34237.351,5,210325,500,146470,1
34237.641,1,210564,100,146500,1
34237.642,1,210565,300,146590,-1
34237.675,5,210576,69,146520,1
34237.689,5,210576,431,146520,1
34237.689,4,210564,100,146500,1
34237.987,2,206885,2800,147540,-1
34238.033,1,210828,2800,147470,-1
34238.071,2,207366,1500,146220,1
34238.072,2,207677,1500,146980,-1
34238.308,1,211001,1500,146880,-1
34238.327,5,210842,1200,146570,-1
34238.327,4,210565,300,146590,-1
34238.327,5,210916,1000,146680,-1
34238.425,1,211068,500,146790,-1
34238.441,2,196115,1000,146980,-1
34238.47,1,211086,1000,146870,-1
34238.599,1,211177,1000,147200,-1
34238.688,1,211228,1000,147200,-1
34238.738,2,211068,500,146790,-1
34238.768,1,211294,1000,147200,-1
34238.954,1,211415,1000,147200,-1
34238.966,1,211418,500,146890,-1
34238.975,5,211317,1000,146520,1
34239.039,2,211418,500,146890,-1
34239.49,2,211086,1000,146870,-1
34239.511,1,211709,500,146410,1
34239.519,2,211415,1000,147200,-1
34239.596,2,211294,1000,147200,-1
34239.671,2,211228,1000,147200,-1
34239.673,2,211177,1000,147200,-1
34239.808,1,211883,1000,146870,-1
34239.814,5,211020,700,146440,1
34239.828,1,211912,5000,142400,1
34239.909,2,211883,1000,146870,-1
34240.065,1,212069,1000,146870,-1
34240.173,1,212154,500,146890,-1
34240.237,2,211709,500,146410,1
34240.452,1,212324,100,150000,-1
34240.461,1,212330,3000,145600,1
34240.463,5,211020,500,146440,1
34240.463,5,210603,500,146430,1
34240.478,5,210603,100,146430,1
34240.478,4,205997,100,146420,1
34240.58,2,212154,500,146890,-1
34240.6,4,205997,200,146420,1
34240.6,5,211687,800,146420,1
34240.715,1,212499,1500,146120,1
34240.748,1,212532,300,146590,-1
34241.471,2,203677,1000,146210,1
34241.504,1,212992,800,146220,1
34241.63,2,212992,800,146220,1
34241.77,1,213150,1000,146210,1
34241.814,2,213150,1000,146210,1
34241.833,1,213185,900,146210,1
34241.967,1,213259,200,146310,1
34242.1,1,213323,80,146500,-1
34243.012,2,213259,200,146310,1
34243.692,1,214159,200,146210,1
34245.504,2,212499,1500,146120,1
34245.507,2,211001,1500,146880,-1
34245.628,2,210828,2800,147470,-1
34245.672,1,215241,1400,147400,-1
34245.764,1,215313,1500,146120,1
34245.781,2,215241,1400,147400,-1
34245.82,1,215348,2800,147470,-1
34246.127,2,214159,200,146210,1
34246.231,1,215572,300,146310,1
34246.446,2,215348,2800,147470,-1
34246.484,1,215691,1400,147400,-1
34246.873,2,215691,1400,147400,-1
34246.912,1,215981,2800,147470,-1
34247.193,2,215572,300,146310,1
34247.196,2,212532,300,146590,-1
34247.307,1,216211,1500,146880,-1
34247.452,1,216301,200,146590,-1
34247.961,2,216301,200,146590,-1
34248.128,1,216731,500,146210,1
34248.191,2,216731,500,146210,1
34248.203,2,215981,2800,147470,-1
34248.24,1,216804,1400,147400,-1
34248.365,1,216896,120,146300,1
34248.54,2,216804,1400,147400,-1
34248.578,1,217048,2800,147470,-1
34248.624,2,217048,2800,147470,-1
34248.662,1,217120,2800,147400,-1
34248.686,1,217143,500,146310,1
34248.935,4,213323,80,146500,-1
34248.935,5,213447,800,146500,-1
34249.232,1,217488,500,146790,-1
34249.238,1,217491,4300,146400,1
34249.287,2,212069,1000,146870,-1
34249.305,1,217536,1000,146780,-1
34249.731,2,215313,1500,146120,1
34249.737,2,216211,1500,146880,-1
34249.809,2,217488,500,146790,-1
34249.887,1,217910,500,146890,-1
34250.057,1,218002,1500,146780,-1
34250.122,2,218002,1500,146780,-1
34250.628,1,218372,1500,146880,-1
34250.774,2,217143,500,146310,1
34251.103,1,218655,500,146410,1
34251.474,2,217536,1000,146780,-1
34251.521,1,218895,1000,146870,-1
34252.409,2,218655,500,146410,1
34253.056,1,219952,500,146310,1
34254.573,2,219952,500,146310,1
34254.654,1,220801,500,146410,1
34255.684,2,220801,500,146410,1
34255.708,2,218895,1000,146870,-1
34255.819,5,221352,59,146500,-1
34255.997,1,221471,500,146310,1
34256.017,2,213185,900,146210,1
34256.174,1,221554,1000,146870,-1
34256.486,2,221554,1000,146870,-1
34256.506,1,221697,20,146500,1
34256.543,4,221697,20,146500,1
34256.802,1,221902,1000,146870,-1
34256.886,1,221970,5000,146000,1
34257.215,5,219016,1000,146420,1
34257.215,4,217491,400,146400,1
34257.217,2,217120,2800,147400,-1
34257.258,1,222154,2800,147330,-1
34257.565,2,221471,500,146310,1
34257.568,2,217910,500,146890,-1
34257.894,2,218372,1500,146880,-1
34258.054,1,222503,1500,146780,-1
34258.132,2,221902,1000,146870,-1
34258.159,1,222559,1000,146770,-1
34258.201,1,222587,300,146590,-1
34258.379,1,222674,200,138400,1
34258.568,2,222587,300,146590,-1
34258.808,1,222908,300,146490,-1
34259.874,5,222922,1200,146470,-1
34259.874,4,222908,300,146490,-1
34259.874,5,222925,2000,146500,-1
34259.874,5,223084,1000,146500,-1
34260.012,1,223514,300,146500,-1
34260.086,2,223514,300,146500,-1
34260.414,1,223710,2000,147200,-1
34260.487,2,222559,1000,146770,-1
34260.561,1,223787,200,146510,1
34260.603,5,223798,869,146530,1
34260.613,5,223798,331,146530,1
34260.613,4,223787,200,146510,1
34260.698,1,223872,1000,146770,-1
34260.726,2,223872,1000,146770,-1
34260.736,4,217491,3300,146400,1
34260.942,1,224045,1000,146770,-1
34261.167,1,224164,500,146310,1
34261.682,2,224164,500,146310,1
34261.739,1,224427,500,146790,-1
34261.982,1,224580,2000,146420,1
34262.346,4,224580,2000,146420,1
34262.366,4,217491,500,146400,1
34262.504,1,224819,500,146210,1
34264.081,4,217491,100,146400,1
34264.081,5,217493,7800,146400,1
34264.087,1,225646,4300,146400,1
34264.185,2,178288,100,146100,1
34264.327,2,224427,500,146790,-1
34264.517,1,225857,500,146690,-1
34264.887,1,226092,200,2104200,-1
34264.926,4,225646,500,146400,1
34265.02,2,225857,500,146690,-1
34265.174,4,225646,1500,146400,1
34265.181,1,226241,500,146790,-1
34265.326,4,225646,2300,146400,1
34265.326,5,217493,5600,146400,1
34265.332,1,226322,4300,146400,1
34265.62,4,226322,1000,146400,1
34265.707,4,226322,300,146400,1
34265.919,4,226322,3000,146400,1
34265.925,1,226678,4300,146400,1
34265.93,4,226678,3500,146400,1
34266.201,4,226678,800,146400,1
34266.201,5,217493,700,146400,1
34266.209,1,226854,4300,146400,1
34266.211,4,226854,245,146400,1
34266.615,2,222503,1500,146780,-1
34266.708,1,227158,1500,146680,-1
34266.74,2,224045,1000,146770,-1
34266.774,1,227232,1000,146670,-1
34266.81,4,226854,1900,146400,1
34267.259,2,227158,1500,146680,-1
34267.354,1,227576,1500,146780,-1
34267.512,4,226854,600,146400,1
34268.252,2,227232,1000,146670,-1
34268.347,1,228126,1000,146770,-1
34268.41,1,228160,1200,146400,1
34268.571,4,226854,1555,146400,1
34268.571,4,228160,245,146400,1
34268.576,1,228250,4300,146400,1
34269.325,1,228646,1400,144000,1
34271.641,2,222154,2800,147330,-1
34271.681,1,230142,2800,147250,-1
34271.918,4,228160,955,146400,1
34271.918,4,228250,4300,146400,1
34271.918,5,217493,1445,146400,1
34271.927,1,230271,4300,146400,1
34272.16,2,224819,500,146210,1
34272.163,2,226241,500,146790,-1
34272.389,1,230547,300,146500,-1
34272.42,2,230142,2800,147250,-1
34272.452,2,227576,1500,146780,-1
34272.468,1,230602,2800,147180,-1
34272.541,1,230660,1500,146680,-1
34273.707,4,230271,1600,146400,1
34274.205,5,230561,2,146480,-1
34274.634,2,230547,300,146500,-1
34274.687,2,216896,120,146300,1
34274.706,4,230271,2000,146400,1
34274.722,2,228126,1000,146770,-1
34274.753,1,231959,1000,146670,-1
34274.861,1,232037,300,146590,-1
34275.374,2,232037,300,146590,-1
34275.516,1,232366,300,146500,-1
34277.831,1,233563,100,145000,1
34277.928,1,233637,250,146500,-1
34278.096,4,230271,700,146400,1
34278.096,5,217493,49,146400,1
34278.104,1,233725,4300,146400,1
34278.751,2,230602,2800,147180,-1
34278.787,1,234075,1400,147180,-1
34278.82,2,234075,1400,147180,-1
34278.876,1,234146,2800,147250,-1
34279.159,1,234327,450,155000,-1
34279.628,4,233725,4300,146400,1
34279.633,1,234563,4300,146400,1
34279.664,4,234563,4300,146400,1
34279.668,1,234577,4300,146400,1
34279.765,4,234577,1400,146400,1
34280.499,4,234577,1000,146400,1
34280.515,4,234577,1900,146400,1
34280.515,5,217493,1600,146400,1
34280.522,1,234988,4300,146400,1
34280.738,4,234988,4300,146400,1
34280.742,1,235093,4300,146400,1
34280.803,4,235093,4300,146400,1
34280.809,1,235134,1406,146400,1
34280.852,4,235134,1400,146400,1
34281.354,2,234146,2800,147250,-1
34281.398,1,235418,2800,147330,-1
34281.404,2,230660,1500,146680,-1
34281.759,4,235134,6,146400,1
34281.824,1,235684,1500,146020,1
34282.266,2,232366,300,146500,-1
34282.268,2,233637,250,146500,-1
34282.371,1,235957,1500,146780,-1
34282.497,1,236028,250,146300,-1
34282.503,5,232687,300,146220,1
34282.699,5,236067,20,146240,1
34282.843,4,236028,20,146300,-1
34282.85,5,236129,200,146240,1
34284.857,1,237226,300,146490,-1
34284.864,1,237232,1200,147400,-1
34285.259,2,235684,1500,146020,1
34285.262,2,235957,1500,146780,-1
34286.386,2,223710,2000,147200,-1
34286.853,2,235418,2800,147330,-1
34286.891,1,238241,1400,147250,-1
34286.94,2,238241,1400,147250,-1
34286.981,1,238302,2800,147250,-1
34290.014,1,239730,1000,146290,-1
34290.463,2,239730,1000,146290,-1
34290.553,2,238302,2800,147250,-1
34290.596,1,239986,2800,147330,-1
34290.881,2,239986,2800,147330,-1
34290.943,1,240213,2800,147250,-1
34291.159,2,143158,100,10000000,-1
34291.542,2,240213,2800,147250,-1
34291.592,1,240519,2800,147330,-1
34292.858,4,85103,400,146200,1
34292.916,1,241166,1500,145920,1
34293.692,5,240183,1198,146280,-1
34293.692,5,241147,600,146290,-1
34293.692,4,236028,230,146300,-1
34293.692,5,236079,300,146300,-1
34293.692,1,241491,172,146300,1
34293.795,1,241559,1500,146680,-1
34293.961,4,241491,172,146300,1
34294.121,2,226092,200,2104200,-1
34294.855,2,237226,300,146490,-1
34295.029,1,242123,300,146490,-1
34295.499,1,242337,700,146300,1
34295.643,4,242337,700,146300,1
34295.947,5,242526,63,146280,-1
34296.183,2,240519,2800,147330,-1
34296.221,1,242777,2800,147250,-1
34296.604,1,242983,150,146100,1
34297.52,1,243466,300,144000,1
34299.535,1,244351,100,146100,1
34300.008,5,242397,1200,146120,1
34300.008,5,242401,600,146110,1
34300.008,4,78470,200,146100,1
34300.024,2,242777,2800,147250,-1
34300.062,1,244603,2800,147330,-1
34300.393,2,231959,1000,146670,-1
34300.408,1,244804,1000,146480,-1
34301.043,2,198120,3000,147600,-1
34301.677,2,242983,150,146100,1
34301.912,1,245522,150,146100,1
34302.159,2,244804,1000,146480,-1
34302.293,2,242123,300,146490,-1
34302.361,1,245702,1000,146670,-1
34302.498,1,245749,300,146390,-1
34303.157,2,244603,2800,147330,-1
34303.195,1,246087,1400,147250,-1
34303.202,2,246087,1400,147250,-1
34303.243,1,246121,2800,147250,-1
34305.49,1,247179,150,146300,1
34305.806,4,245749,300,146390,-1
34305.846,1,247364,400,146110,1
34305.926,2,247364,400,146110,1
34305.984,4,247179,150,146300,1
34306.018,1,247442,1000,146110,1
34306.204,2,247442,1000,146110,1
34306.267,1,247575,1000,146110,1
34306.359,1,247635,100,146510,1
34306.366,4,247635,100,146510,1
34306.385,1,247654,10000,146300,1
34307.054,2,245522,150,146100,1
34307.237,1,248116,150,146300,1
34307.474,4,247654,5000,146300,1
34308.696,5,248304,96,146320,1
34309.155,2,247654,5000,146300,1
34309.911,1,249447,1000,146290,1
34311.673,5,248921,45,146580,-1
34311.712,2,241166,1500,145920,1
34311.714,2,241559,1500,146680,-1
34311.915,2,249447,1000,146290,1
34311.931,1,250333,1500,146780,-1
34312.185,1,250462,8155,146300,1
34312.247,2,248116,150,146300,1
34312.562,4,250462,1800,146300,1
34312.695,2,250333,1500,146780,-1
34312.815,1,250843,1500,146680,-1
34313.195,1,251043,1000,146000,1
34313.258,2,250843,1500,146680,-1
34313.387,1,251176,1500,146780,-1
34314.025,2,251176,1500,146780,-1
34314.057,1,251646,1000,146300,1
34314.139,1,251688,1500,146680,-1
34314.216,2,251688,1500,146680,-1
34314.683,1,252010,1500,146680,-1
34315.335,2,246121,2800,147250,-1
34315.375,2,252010,1500,146680,-1
34315.382,1,252376,2800,147330,-1
34315.463,1,252423,1500,146780,-1
34316.196,1,252823,2600,146300,1
34316.8,1,253105,300,146510,1
34316.814,4,253105,220,146510,1
34316.84,4,253105,80,146510,1
34317.268,1,253311,150,146300,1
34317.272,1,253312,150,146300,1
34317.34,1,253349,500,146310,1
34318.02,5,251177,63,146320,1
34318.02,4,253349,500,146310,1
34318.029,4,250462,6355,146300,1
34318.029,4,251646,1000,146300,1
34318.029,4,252823,2600,146300,1
34318.029,4,253311,150,146300,1
34318.029,4,253312,150,146300,1
34318.126,1,253703,1500,146020,1
34318.141,1,253713,500,146990,-1
34318.189,2,245702,1000,146670,-1
34318.243,2,252376,2800,147330,-1
34318.281,1,253776,2800,147250,-1
34318.317,2,253713,500,146990,-1
34318.325,1,253808,1000,146770,-1
34318.378,2,253776,2800,147250,-1
34318.416,1,253862,1400,147250,-1
34318.622,2,253862,1400,147250,-1
34318.663,1,253996,2800,147330,-1
34318.684,2,253996,2800,147330,-1
34318.737,1,254056,1400,147250,-1
34318.823,1,254124,700,146590,-1
34319.129,2,254124,700,146590,-1
34319.363,2,254056,1400,147250,-1
34319.367,1,254444,700,146490,-1
34319.4,1,254466,2800,147250,-1
34319.494,2,254444,700,146490,-1
34319.559,2,254466,2800,147250,-1
34319.599,1,254586,2800,147330,-1
34319.959,1,254849,700,146400,-1
34320.008,5,254860,1000,146380,-1
34320.146,5,254860,200,146380,-1
34320.146,5,254861,600,146390,-1
34320.152,4,254849,700,146400,-1
34320.2,1,254999,14000,146300,1
34320.438,2,254586,2800,147330,-1
34320.481,1,255177,1400,147250,-1
34320.699,2,255177,1400,147250,-1
34320.72,1,255362,100,146390,-1
34320.738,1,255385,2800,147250,-1
34320.782,2,255362,100,146390,-1
34320.951,1,255522,73,146600,1
34320.96,4,255522,73,146600,1
34321.139,2,255385,2800,147250,-1
34321.178,1,255686,1400,147250,-1
34321.282,1,255771,100,146590,-1
34321.581,1,255944,2000,146900,-1
34321.823,1,256100,100,146310,1
34321.856,2,255686,1400,147250,-1
34321.894,1,256144,2800,147250,-1
34324.954,1,258018,150,146400,1
34324.975,4,258018,150,146400,1
34326.537,1,258952,500,146760,-1
34326.9,2,255771,100,146590,-1
34326.954,2,253808,1000,146770,-1
34326.969,1,259228,1000,146750,-1
34326.976,2,256100,100,146310,1
34327.388,1,259525,100,146490,-1
34327.593,2,253703,1500,146020,1
34327.595,2,252423,1500,146780,-1
34327.808,1,259809,1500,146680,-1
34327.871,2,259809,1500,146680,-1
34327.954,1,259918,100,146210,1
34328.37,1,260204,1500,146680,-1
34328.686,5,259241,1200,146320,1
34328.686,5,259243,600,146310,1
34328.686,4,254999,2200,146300,1
34328.936,2,258952,500,146760,-1
34328.944,2,259918,100,146210,1
34328.946,2,259525,100,146490,-1
34328.954,2,221970,5000,146000,1
34328.988,2,259228,1000,146750,-1
34329.002,1,260684,1000,146670,-1
34329.118,1,260754,100,146110,1
34329.341,2,260754,100,146110,1
34329.644,4,254999,200,146300,1
34329.653,1,261023,100,146400,-1
34329.684,1,261034,10000,146400,-1
34330.199,1,261439,100,146010,1
34330.211,5,261448,35,146380,-1
34331.298,2,261439,100,146010,1
34331.438,1,262264,300,146110,1
34332.034,2,261023,100,146400,-1
34332.311,1,262821,200,146400,-1
34332.534,2,256144,2800,147250,-1
34332.557,2,260204,1500,146680,-1
34332.574,1,263020,2800,147330,-1
34332.59,4,261034,150,146400,-1
34332.643,1,263065,1500,146780,-1
34333.648,4,261034,200,146400,-1
34334.079,2,262821,200,146400,-1
34334.149,1,263977,500,146890,-1
34334.996,2,263020,2800,147330,-1
34335.038,1,264489,2800,147250,-1
34335.104,1,264534,1500,146300,1
34335.127,2,263065,1500,146780,-1
34335.272,1,264625,1500,146680,-1
34335.81,4,261034,200,146400,-1
34335.976,4,261034,200,146400,-1
34336.122,4,261034,5000,146400,-1
34339.389,2,262264,300,146110,1
34339.816,1,267239,500,146210,1
34340.035,5,267247,39,146380,-1
34340.189,2,267239,500,146210,1
34340.468,1,267665,500,146110,1
34341.216,5,267673,10,146380,-1
34341.43,2,255944,2000,146900,-1
34341.57,4,261034,150,146400,-1
34342.793,2,264489,2800,147250,-1
34342.833,1,269321,1400,147180,-1
34343.888,2,269321,1400,147180,-1
34343.965,1,269983,2800,147180,-1
34344.146,2,263977,500,146890,-1
34344.237,1,270146,500,146890,-1
34345.095,1,270604,500,146400,-1
34345.853,4,254999,11600,146300,1
34345.853,4,264534,1500,146300,1
34346.05,2,270146,500,146890,-1
34346.367,2,267665,500,146110,1
34346.477,1,271303,200,144500,1
34346.61,1,271367,500,146010,1
34347.153,1,271663,500,146790,-1
34347.456,2,271663,500,146790,-1
34347.596,2,269983,2800,147180,-1
34347.644,1,271964,2800,147250,-1
34347.707,1,272008,500,146690,-1
34348.491,2,271964,2800,147250,-1
34348.533,1,272502,2800,147180,-1
34350.449,2,270604,500,146400,-1
34351.441,1,274133,400,146300,1
34352.547,1,274764,500,146400,-1
34353.139,2,274764,500,146400,-1
34353.246,1,275273,500,146400,-1
34353.442,2,272502,2800,147180,-1
34353.484,1,275434,2800,147250,-1
34353.494,2,275273,500,146400,-1
34353.601,2,275434,2800,147250,-1
34353.641,1,275574,1400,147180,-1
34354.295,2,275574,1400,147180,-1
34354.319,1,276056,150,146300,1
34354.337,1,276074,2800,147180,-1
34355.936,2,276074,2800,147180,-1
34355.977,1,277322,2800,147110,-1
34356.099,2,264625,1500,146680,-1
34356.213,1,277513,1500,146580,-1
34356.616,2,271367,500,146010,1
34356.749,1,277902,500,146010,1
34356.755,4,274133,400,146300,1
34356.755,4,276056,150,146300,1
34357.175,2,272008,500,146690,-1
34357.313,1,278318,500,146790,-1
34357.969,2,277902,500,146010,1
34358.078,1,278810,500,146110,1
34358.772,1,279284,500,146400,-1
34360.165,2,277513,1500,146580,-1
34360.383,1,280411,1500,146480,-1
34360.856,1,280735,150,146300,1
34360.887,4,280735,150,146300,1
34361.037,2,280411,1500,146480,-1
34361.147,1,280896,1000,146100,1
34361.234,2,247575,1000,146110,1
34361.261,1,280952,1500,146480,-1
34361.316,2,280952,1500,146480,-1
34361.472,2,279284,500,146400,-1
34361.516,2,278810,500,146110,1
34361.595,1,281127,1000,146110,1
34361.642,2,281127,1000,146110,1
34361.703,1,281216,500,146010,1
34361.823,1,281300,1500,146580,-1
34362.155,1,281524,1390,147500,-1
34362.634,1,281807,5000,146300,-1
34362.792,2,281216,500,146010,1
34362.966,1,282048,500,146010,1
34363.104,2,282048,500,146010,1
34363.202,2,277322,2800,147110,-1
34363.241,1,282212,1400,147110,-1
34363.53,1,282390,500,146110,1
34363.862,2,282212,1400,147110,-1
34363.912,1,282657,2800,147180,-1
34363.981,2,282657,2800,147180,-1
34364.023,1,282738,2800,147110,-1
34364.269,2,244351,100,146100,1
34364.694,2,170218,200,132000,1
34365.111,2,282390,500,146110,1
34365.327,1,283583,500,146010,1
34365.364,1,283598,200,142000,1
34365.724,1,283855,700,146300,-1
34366.563,2,282738,2800,147110,-1
34366.6,1,284380,1400,147110,-1
34367.138,2,284380,1400,147110,-1
34367.178,1,284772,2800,147180,-1
34367.317,2,278318,500,146790,-1
34367.671,1,285082,500,146690,-1
34368.721,5,285348,51,146180,-1
34368.721,1,285862,99,146200,1
34368.755,4,285862,99,146200,1
34369.246,2,283583,500,146010,1
34369.495,1,286414,500,145910,1
34369.51,2,285082,500,146690,-1
34369.969,1,286765,1050,149400,-1
34370.047,1,286826,500,146590,-1
34370.759,1,287309,2000,147100,-1
34370.951,2,286414,500,145910,1
34371.028,1,287500,500,145810,1
34371.333,2,287500,500,145810,1
34371.838,1,288092,500,145810,1
34372.022,2,281300,1500,146580,-1
34373.117,1,288901,1500,145920,1
34373.355,2,288901,1500,145920,1
34373.668,1,289233,1500,145920,1
34375.31,2,288092,500,145810,1
34375.714,5,281821,300,146280,-1
34375.797,5,281821,10,146280,-1
34375.862,2,289233,1500,145920,1
34375.926,2,284772,2800,147180,-1
34375.968,1,290940,500,145910,1
34375.973,1,290950,2800,147110,-1
34376.039,5,281821,806,146280,-1
34376.039,5,285912,600,146290,-1
34376.039,4,281807,3594,146300,-1
34376.284,2,286826,500,146590,-1
34376.399,1,291294,1500,146580,-1
34376.501,1,291375,500,146690,-1
34376.522,2,290940,500,145910,1
34377.065,1,291853,500,146010,1
34377.618,1,292266,150,146200,1
34377.642,2,291375,500,146690,-1
34377.943,1,292623,500,146790,-1
34379.431,2,290950,2800,147110,-1
34379.474,1,293776,1400,147040,-1
34379.475,2,293776,1400,147040,-1
34379.516,1,293817,2800,147040,-1
34380.225,5,293762,2100,146260,-1
34380.807,2,292623,500,146790,-1
34380.924,1,294957,500,146690,-1
34382.688,2,292266,150,146200,1
34382.688,2,280896,1000,146100,1
34383.439,2,293817,2800,147040,-1
34383.478,1,296795,2800,147110,-1
34384.633,2,291853,500,146010,1
34384.637,2,294957,500,146690,-1
34384.983,1,297879,500,146690,-1
34385.499,5,298199,42,146250,-1
34385.504,5,298199,285,146250,-1
34385.504,5,297444,1000,146270,-1
34385.504,5,297698,815,146270,-1
34385.686,1,298376,500,146010,1
34385.754,2,298376,500,146010,1
34385.895,1,298540,150,146100,1
34386.104,5,298428,185,146290,-1
34386.104,4,281807,1406,146300,-1
34386.104,4,283855,700,146300,-1
34386.34,1,298854,500,146010,1
34386.706,1,299115,150,146200,1
34388.041,2,298854,500,146010,1
34388.172,2,296795,2800,147110,-1
34388.213,1,300163,1400,147040,-1
34388.242,5,300132,1000,146290,-1
34388.256,1,300206,500,145910,1
34388.656,2,300163,1400,147040,-1
34388.699,1,300529,2800,147110,-1
34388.809,2,300529,2800,147110,-1
34388.85,1,300699,1400,147040,-1
34388.877,2,300699,1400,147040,-1
34388.917,1,300773,2800,147040,-1
34389.201,1,300967,100,146200,1
34389.278,2,300773,2800,147040,-1
34389.316,1,301055,1400,147040,-1
34389.55,1,301190,1000,146200,1
34389.595,2,301055,1400,147040,-1
34389.638,1,301245,2800,147040,-1
34389.765,5,301246,600,146320,1
34389.95,5,301176,1000,146380,-1
34389.95,5,301308,1000,146390,-1
34389.95,4,261034,4100,146400,-1
34390.157,2,260684,1000,146670,-1
34390.721,2,300206,500,145910,1
34390.91,2,298540,150,146100,1
34391.031,1,302201,500,146010,1
34391.093,1,302239,150,146400,1
34391.125,5,302257,32,146420,1
34391.265,2,302201,500,146010,1
34391.499,5,302257,300,146420,1
34391.592,1,302572,500,145910,1
34391.656,2,299115,150,146200,1
34391.867,1,302785,150,146400,1
34393.031,1,303503,8000,146300,1
34393.135,5,302257,100,146420,1
34394.04,2,301245,2800,147040,-1
34394.08,1,304242,2800,146970,-1
34394.187,2,291294,1500,146580,-1
34394.399,1,304519,1500,146480,-1
34394.881,2,302572,500,145910,1
34394.988,2,297879,500,146690,-1
34395.209,1,305227,500,146690,-1
34395.315,5,304995,500,146420,1
34395.75,1,305653,500,146010,1
34395.865,4,302239,150,146400,1
34395.865,4,302785,150,146400,1
34395.865,1,305757,600,146400,-1
34396.004,2,304242,2800,146970,-1
34396.043,1,305897,2800,146900,-1
34396.049,2,305757,600,146400,-1
34396.133,2,305653,500,146010,1
34396.338,1,306135,500,145910,1
34396.572,2,303503,8000,146300,1
34396.648,1,306395,150,146400,1
34396.671,4,306395,150,146400,1
34396.737,2,306135,500,145910,1
34396.816,2,304519,1500,146480,-1
34396.89,1,306624,1000,146680,-1
34396.924,1,306648,500,146010,1
34396.976,1,306689,1000,146020,1
34397.046,2,306648,500,146010,1
34397.541,1,307130,500,146480,-1
34397.69,1,307252,500,145910,1
34397.816,2,305897,2800,146900,-1
34397.865,1,307409,2800,146970,-1
34398.15,2,306689,1000,146020,1
34398.153,1,307605,1000,146120,1
34398.196,1,307643,2500,146200,1
34398.323,2,305227,500,146690,-1
34398.456,1,307854,500,146590,-1
34398.635,2,307130,500,146480,-1
34398.765,5,307733,100,146400,-1
34398.765,1,308129,700,146420,1
34398.807,1,308155,500,146580,-1
34400.022,2,307854,500,146590,-1
34400.146,1,309001,500,146590,-1
34400.929,2,307643,2500,146200,1
34402.308,1,310513,500,146400,1
34402.333,1,310528,8000,146300,1
34402.642,2,306624,1000,146680,-1
34403.151,2,308129,700,146420,1
34404.834,2,310528,8000,146300,1
34405.613,2,309001,500,146590,-1
34405.968,1,313001,500,146690,-1
34407.243,2,307605,1000,146120,1
34407.247,1,313845,1000,146220,1
34407.657,1,314064,500,146500,1
34407.688,2,307252,500,145910,1
34407.844,1,314186,500,146010,1
34408.225,2,308155,500,146580,-1
34408.264,1,314448,1000,146680,-1
34408.34,1,314504,500,146680,-1
34408.612,1,314645,700,146520,1
34408.625,2,307409,2800,146970,-1
34408.67,1,314704,2800,147040,-1
34408.932,4,314645,396,146520,1
34409.296,4,314645,304,146520,1
34409.296,4,314064,500,146500,1
34409.296,1,315160,2696,146500,-1
34409.381,1,315217,304,146420,1
34409.522,2,315217,304,146420,1
34409.801,2,315160,2696,146500,-1
34409.827,2,310513,500,146400,1
34409.922,1,315597,1000,146230,1
34409.953,2,315597,1000,146230,1
34410.203,1,315815,1000,146230,1
34410.321,5,314454,500,146630,-1
34410.321,5,315527,300,146660,-1
34410.568,2,314504,500,146680,-1
34410.573,2,313845,1000,146220,1
34410.575,1,316058,1500,146320,1
34410.937,2,314448,1000,146680,-1
34411.578,2,315815,1000,146230,1
34411.996,2,314186,500,146010,1
34411.997,2,313001,500,146690,-1
34412.14,1,317123,1000,146990,-1
34412.16,1,317140,500,146110,1
34412.294,2,314704,2800,147040,-1
34412.294,2,316058,1500,146320,1
34412.322,1,317254,1500,146220,1
34412.335,1,317272,1400,146970,-1
34412.359,1,317291,1000,146230,1
34412.377,2,317123,1000,146990,-1
34412.389,1,317323,1000,146960,-1
34412.764,1,317611,500,146790,-1
34412.812,2,317323,1000,146960,-1
34412.823,2,317272,1400,146970,-1
34412.827,1,317659,1000,146780,-1
34412.853,2,317254,1500,146220,1
34412.87,1,317701,2800,147040,-1
34412.874,1,317709,1500,146320,1
34412.922,2,317291,1000,146230,1
34413.001,1,317817,5000,146300,1
34413.313,2,317709,1500,146320,1
34413.321,2,317701,2800,147040,-1
34413.361,1,318046,2800,146970,-1
34413.396,1,318073,2500,146200,1
34413.415,1,318087,1500,146220,1
34414.894,2,318046,2800,146970,-1
34414.935,1,319189,2800,147040,-1
34414.998,2,318087,1500,146220,1
34415.059,1,319315,1500,146320,1
34415.148,2,319189,2800,147040,-1
34415.207,1,319433,1400,146970,-1
34416.43,2,319433,1400,146970,-1
34416.476,1,320463,2800,147040,-1
34418.754,2,320463,2800,147040,-1
34418.811,1,322337,1400,146970,-1
34419.222,5,317915,100,146500,1
34419.337,2,319315,1500,146320,1
34419.446,1,322819,1500,146680,-1
34419.537,2,287309,2000,147100,-1
34420.063,1,323258,150,146500,1
34420.066,1,323261,150,146500,1
34420.191,5,323279,900,146510,1
34420.213,5,323279,100,146510,1
34420.213,4,323258,150,146500,1
34420.213,4,323261,150,146500,1
34420.325,2,322337,1400,146970,-1
34420.364,1,323483,2800,147040,-1
34420.373,2,317611,500,146790,-1
34420.412,2,317140,500,146110,1
34420.522,2,323483,2800,147040,-1
34420.562,1,323645,1400,146970,-1
34420.614,1,323691,300,146500,-1
34420.917,5,323697,41,146480,-1
34421.061,2,323645,1400,146970,-1
34421.101,1,324116,2800,147040,-1
34421.168,1,324177,500,146010,1
34421.254,5,323719,1000,146410,1
34421.254,5,317733,1000,146370,1
34421.283,2,323691,300,146500,-1
34421.518,2,324177,500,146010,1
34421.583,5,323356,568,146320,1
34421.583,5,323360,600,146310,1
34421.583,5,324439,832,146310,1
34421.606,5,324439,168,146310,1
34421.606,4,317817,1332,146300,1
34421.638,4,317817,100,146300,1
34422.133,5,324806,46,146490,-1
34422.406,2,317659,1000,146780,-1
34422.427,1,325217,1000,146670,-1
34422.781,2,325217,1000,146670,-1
34423.653,1,326121,500,146600,-1
34424.06,5,325890,100,146350,1
34424.06,5,324893,300,146330,1
34424.411,4,317817,16,146300,1
34424.649,1,326849,200,146310,1
34424.997,5,326467,35,146490,-1
34425.247,1,327375,500,146590,-1
34427.817,2,326849,200,146310,1
34427.836,2,327375,500,146590,-1
34428.152,1,329887,200,146310,1
34428.273,2,329887,200,146310,1
34428.717,1,330347,200,146410,1
34428.846,2,322819,1500,146680,-1
34428.91,1,330582,1500,146580,-1
34429.245,2,330582,1500,146580,-1
34429.391,1,331020,500,146690,-1
34429.489,1,331149,1500,146680,-1
34430.463,5,330989,300,146490,-1
34430.838,2,331020,500,146690,-1
34430.96,5,330989,400,146490,-1
34431.104,1,332562,500,146690,-1
34432.442,1,333718,150,146400,1
34432.496,5,330989,70,146490,-1
34432.633,4,330347,100,146410,1
34432.648,2,324116,2800,147040,-1
34432.692,1,333972,2800,146970,-1
34432.701,2,333972,2800,146970,-1
34432.738,1,334040,2800,147040,-1
34433.038,2,330347,100,146410,1
34433.049,2,332562,500,146690,-1
34433.232,2,334040,2800,147040,-1
34433.234,1,334567,100,146310,1
34433.274,1,334610,1400,146970,-1
34433.477,1,334803,150,146400,1
34433.559,1,334881,800,146590,-1
34433.768,1,335092,700,146500,-1
34433.81,1,335145,500,146590,-1
34434.017,5,335119,1000,146480,-1
34434.111,1,335401,800,146110,1
34434.598,5,335119,159,146480,-1
34434.598,4,335092,700,146500,-1
34434.733,2,334610,1400,146970,-1
34434.772,1,336009,2800,146970,-1
34435.039,2,334567,100,146310,1
34435.19,2,335145,500,146590,-1
34435.208,1,336394,100,146410,1
34435.779,1,336910,500,146690,-1
34436.195,5,330590,41,146530,-1
34436.99,2,336394,100,146410,1
34436.992,2,336910,500,146690,-1
34437.139,1,337978,100,146510,1
34437.169,4,337978,100,146510,1
34437.248,2,26777,200,153500,-1
34437.508,2,334881,800,146590,-1
34437.613,1,338369,800,146690,-1
34437.735,1,338479,500,146690,-1
34438.287,1,338946,500,146110,1
34438.554,1,339115,2000,146400,1
34439.11,2,335401,800,146110,1
34439.359,1,339747,800,146110,1
34439.467,2,334803,150,146400,1
34439.769,1,340066,154,146500,1
34439.911,5,340083,500,146520,1
34439.94,5,340083,700,146520,1
34439.94,4,340066,154,146500,1
34440.026,2,336009,2800,146970,-1
34440.068,1,340316,2800,146900,-1
34440.234,2,331149,1500,146680,-1
34440.291,1,340505,1500,146580,-1
34440.298,2,340316,2800,146900,-1
34440.337,1,340558,1400,146900,-1
34440.437,2,340558,1400,146900,-1
34440.477,1,340672,2800,146970,-1
34440.481,2,340505,1500,146580,-1
34440.82,1,340966,150,146500,1
34440.849,4,340966,146,146500,1
34440.861,4,340966,4,146500,1
34440.967,1,341096,1500,146680,-1
34441.398,1,341426,50,145700,1
34442.287,5,342276,38,146570,-1
34442.445,1,342431,100,146500,-1
34442.609,2,338369,800,146690,-1
34442.859,1,342825,800,146690,-1
34444.048,4,342431,11,146500,-1
34444.304,2,339747,800,146110,1
34444.395,1,344111,800,146210,1
34445.113,2,340672,2800,146970,-1
34445.152,1,344747,1400,146970,-1
34445.463,2,344747,1400,146970,-1
34445.504,1,344978,2800,147040,-1
34446.033,5,344857,46,146440,1
34446.033,5,341034,354,146410,1
34446.228,2,338946,500,146110,1
34446.473,2,338479,500,146690,-1
34446.536,1,345916,500,146010,1
34447.216,1,346561,500,146590,-1
34447.233,5,341034,25,146410,1
34447.787,1,346969,150,146400,1
34447.86,2,342825,800,146690,-1
34448.094,2,344978,2800,147040,-1
34448.112,1,347241,800,146690,-1
34448.143,1,347262,1400,146970,-1
34448.777,2,347262,1400,146970,-1
34448.814,1,347824,2800,146970,-1
34449.292,2,344111,800,146210,1
34449.64,1,348439,800,146210,1
34449.728,1,348514,150,146400,1
34450.201,2,347824,2800,146970,-1
34450.237,1,348903,1400,146970,-1
34450.488,2,318073,2500,146200,1
34450.875,2,348903,1400,146970,-1
34450.918,1,349414,2800,147040,-1
34451.403,2,341096,1500,146680,-1
34452.34,2,348439,800,146210,1
34452.485,1,350663,800,146110,1
34452.725,2,350663,800,146110,1
34452.808,2,346969,150,146400,1
34453.032,1,351176,800,146210,1
34453.11,2,347241,800,146690,-1
34453.579,1,351613,800,146690,-1
34453.827,1,351848,150,146400,1
34453.941,4,342431,35,146500,-1
34454.175,2,346561,500,146590,-1
34454.389,1,352305,500,146690,-1
34454.462,2,345916,500,146010,1
34454.729,2,348514,150,146400,1
34454.934,1,352791,500,146110,1
34455.387,1,353158,150,146400,1
34455.614,2,352305,500,146690,-1
34455.779,1,353483,500,146790,-1
34455.86,2,352791,500,146110,1
34455.992,2,351613,800,146690,-1
34456.108,1,353774,800,146790,-1
34456.143,4,342431,44,146500,-1
34456.311,1,353964,500,146210,1
34457.307,2,353964,500,146210,1
34457.403,1,354844,500,146110,1
34457.761,4,342431,10,146500,-1
34457.881,1,355194,1500,146780,-1
34458.03,2,351176,800,146210,1
34458.172,1,355450,800,146210,1
34458.184,2,349414,2800,147040,-1
34458.224,1,355503,2800,147110,-1
34458.915,1,356024,150,146500,1
34459.119,2,168148,3000,145100,1
34459.746,2,355194,1500,146780,-1
34459.852,1,356798,1500,146880,-1
34460.711,2,354844,500,146110,1
34460.85,1,357711,500,146210,1
34461.111,2,353774,800,146790,-1
34461.235,1,358053,800,146790,-1
34461.484,2,301190,1000,146200,1
34462.021,5,357736,1000,146580,-1
34462.143,5,357736,200,146580,-1
34462.143,4,326121,500,146600,-1
34462.263,2,333718,150,146400,1
34462.329,2,351848,150,146400,1
34462.342,2,353158,150,146400,1
34462.428,1,359241,150,146600,1
34462.5,1,359290,150,146600,1
34462.504,1,359294,150,146600,1
34462.833,2,353483,500,146790,-1
34463.132,2,357711,500,146210,1
34463.171,2,355450,800,146210,1
34463.283,1,360062,500,146890,-1
34463.326,1,360105,800,146210,1
34463.52,2,133330,100,145200,1
34463.856,1,360638,500,146310,1
34464.195,2,360105,800,146210,1
34464.247,2,356798,1500,146880,-1
34464.341,1,361065,1500,146980,-1
34464.407,1,361126,800,146310,1
34466.24,2,358053,800,146790,-1
34466.358,1,362837,1000,146880,-1
34466.381,1,362859,800,146790,-1
34466.502,1,362985,1000,146400,1
34466.646,5,362753,500,146620,1
34467.3,2,362837,1000,146880,-1
34467.723,2,355503,2800,147110,-1
34467.761,1,364163,2800,147180,-1
34467.778,2,356024,150,146500,1
34467.784,1,364186,150,146700,1
34467.83,4,364186,150,146700,1
34467.847,5,364253,700,146620,1
34467.847,5,359400,100,146610,1
34467.847,4,359241,150,146600,1
34467.847,4,359290,50,146600,1
34467.955,1,364382,150,146700,1
34468.105,2,360062,500,146890,-1
34468.318,1,364644,39,146700,1
34468.382,1,364701,500,146990,-1
34468.525,5,364809,10,146710,1
34468.552,2,364163,2800,147180,-1
34468.591,1,364876,1400,147110,-1
34468.624,2,364876,1400,147110,-1
34468.661,1,364927,2800,147110,-1
34468.771,4,364382,50,146700,1
34468.906,2,362985,1000,146400,1
34469.08,4,364382,100,146700,1
34469.08,4,364644,39,146700,1
34469.302,1,365524,78,146700,1
34469.411,2,361126,800,146310,1
34469.546,1,365755,800,146310,1
34469.957,4,365524,78,146700,1
34470.729,5,366501,800,146690,-1
34471.38,2,362859,800,146790,-1
34471.53,1,367324,1000,146970,-1
34471.626,1,367403,800,146790,-1
34471.635,2,359290,100,146600,1
34471.64,2,359294,150,146600,1
34471.674,1,367443,1000,146410,1
34472.082,1,367764,100,146600,1
34472.087,1,367770,150,146600,1
34473.394,2,364701,500,146990,-1
34473.498,1,368955,500,146890,-1
34473.618,5,368301,1000,146630,1
34473.752,2,364927,2800,147110,-1
34473.792,1,369203,1400,147110,-1
34473.861,2,360638,500,146310,1
34473.981,4,367764,100,146600,1
34473.981,4,367770,150,146600,1
34473.981,5,366480,750,146600,1
34474.0,2,369203,1400,147110,-1
34474.017,5,366480,300,146600,1
34474.093,1,369459,2800,147110,-1
34474.113,2,367443,1000,146410,1
34474.178,2,361065,1500,146980,-1
34474.183,1,369527,500,146310,1
34474.275,1,369629,1500,146880,-1
34474.303,2,369459,2800,147110,-1
34474.34,1,369691,2800,147040,-1
34474.52,5,366480,550,146600,1
34474.52,5,369559,750,146600,1
34474.533,5,369559,500,146600,1
34474.545,1,369859,1000,146410,1
34474.551,2,365755,800,146310,1
34474.798,1,370090,800,146310,1
34474.855,2,369691,2800,147040,-1
34474.892,1,370180,2800,147110,-1
34475.044,2,369527,500,146310,1
34475.16,1,370411,500,146210,1
34475.576,2,369859,1000,146410,1
34475.626,1,370821,1000,146410,1
34475.814,2,370821,1000,146410,1
34475.863,5,370309,150,146590,-1
34476.227,2,370090,800,146310,1
34476.33,1,371390,800,146210,1
34476.361,2,368955,500,146890,-1
34476.474,1,371498,500,146790,-1
34476.633,2,367403,800,146790,-1
34476.686,1,371671,1000,146410,1
34476.876,1,371895,800,146790,-1
34477.587,2,370180,2800,147110,-1
34477.668,1,372513,2800,147040,-1
34477.959,2,372513,2800,147040,-1
34477.989,2,371390,800,146210,1
34477.998,1,372813,1400,147040,-1
34478.079,1,372890,800,146310,1
34478.233,2,372813,1400,147040,-1
34478.275,1,373036,2800,147040,-1
34478.291,2,372890,800,146310,1
34478.624,1,373300,800,146210,1
34478.906,2,373036,2800,147040,-1
34478.945,1,373572,2800,147110,-1
34479.179,2,373300,800,146210,1
34479.283,1,373872,800,146310,1
34479.757,2,373872,800,146310,1
34479.829,1,374319,800,146210,1
34480.531,2,370411,500,146210,1
34480.687,1,375166,500,146110,1
34480.748,2,375166,500,146110,1
34481.265,2,369629,1500,146880,-1
34481.357,1,375781,500,146210,1
34481.367,1,375793,1500,146980,-1
34481.619,1,375995,1000,146500,1
34481.808,2,373572,2800,147110,-1
34481.845,1,376176,1400,147110,-1
34481.881,2,371895,800,146790,-1
34482.016,1,376307,800,146790,-1
34482.247,2,371498,500,146790,-1
34482.473,1,376627,500,146890,-1
34482.579,2,376176,1400,147110,-1
34482.618,1,376760,2800,147110,-1
34482.755,2,376627,500,146890,-1
34482.953,2,376760,2800,147110,-1
34482.992,1,377091,1400,147110,-1
34483.029,1,377115,500,146790,-1
34483.079,2,377091,1400,147110,-1
34483.125,1,377204,2800,147180,-1
34483.882,2,374319,800,146210,1
34483.986,1,377943,800,146310,1
34484.037,2,377204,2800,147180,-1
34484.046,2,377943,800,146310,1
34484.075,1,378009,1400,147110,-1
34484.345,2,377115,500,146790,-1
34484.53,1,378437,800,146310,1
34484.591,1,378492,500,146890,-1
34484.804,1,378699,150,146600,1
34484.909,2,378009,1400,147110,-1
34484.916,2,378492,500,146890,-1
34484.973,1,378827,2800,147110,-1
34485.155,1,378956,500,146790,-1
34485.521,2,378827,2800,147110,-1
34485.561,1,379242,1400,147110,-1
34485.821,2,378956,500,146790,-1
34485.871,2,379242,1400,147110,-1
34485.912,1,379550,2800,147180,-1
34485.924,2,375793,1500,146980,-1
34485.929,2,379550,2800,147180,-1
34485.93,1,379563,500,146890,-1
34485.961,1,379587,1500,146880,-1
34485.977,1,379601,1400,147110,-1
34486.071,2,379587,1500,146880,-1
34486.193,2,379601,1400,147110,-1
34486.232,1,379777,2800,147180,-1
34487.02,2,376307,800,146790,-1
34487.157,1,380448,800,146790,-1
34487.164,1,380451,1500,146980,-1
34487.988,2,84205,2500,144700,1
34488.123,2,367324,1000,146970,-1
34488.92,2,380448,800,146790,-1
34489.015,1,381812,800,146890,-1
34489.531,2,378437,800,146310,1
34489.561,1,382130,380,140400,1
34489.673,1,382216,800,146310,1
34489.757,2,381812,800,146890,-1
34489.785,2,379563,500,146890,-1
34489.791,2,378699,150,146600,1
34489.904,1,382432,500,146790,-1
34489.964,1,382484,150,146700,1
34490.043,2,382432,500,146790,-1
34490.171,5,382586,300,146730,1
34490.171,4,382484,150,146700,1
34490.233,1,382686,800,146790,-1
34490.464,1,382873,500,146890,-1
34490.467,2,375781,500,146210,1
34490.615,2,382216,800,146310,1
34490.617,2,382686,800,146790,-1
34490.623,2,371671,1000,146410,1
34490.641,1,382994,1000,146510,1
34490.885,1,383220,300,146510,1
34490.99,2,382873,500,146890,-1
34491.028,1,383315,500,146310,1
34491.077,2,382994,1000,146510,1
34491.423,1,383595,800,146890,-1
34491.576,1,383707,500,146990,-1
34493.018,5,381259,38,146630,1
34493.018,5,383679,162,146630,1
34493.768,2,383707,500,146990,-1
34493.784,1,385315,150,146600,1
34493.872,1,385380,500,146890,-1
34495.22,5,386136,70,146630,1
34495.228,2,383315,500,146310,1
34495.433,1,386528,500,146210,1
34495.891,2,383220,300,146510,1
34496.015,1,386908,300,146510,1
34496.42,2,383595,800,146890,-1
34496.562,1,387306,800,146890,-1
34496.595,5,386700,39,146640,1
34496.782,5,387352,61,146650,1
34496.795,1,387473,2000,147100,-1
34497.224,2,386528,500,146210,1
34497.545,1,387980,500,146310,1
34501.02,2,386908,300,146510,1
34501.156,1,390572,300,146510,1
34501.562,2,387306,800,146890,-1
34501.703,1,390966,800,146890,-1
34502.848,1,391838,150,146700,1
34503.502,2,339115,2000,146400,1
34503.783,2,385380,500,146890,-1
34503.892,1,392630,500,146890,-1
34503.956,2,392630,500,146890,-1
34504.439,1,392986,500,146990,-1
34505.057,1,393486,8100,146400,1
34505.445,5,385352,71,146840,-1
34505.564,2,375995,1000,146500,1
34506.162,2,390572,300,146510,1
34506.296,1,394579,300,146510,1
34506.708,2,390966,800,146890,-1
34506.811,1,395080,1000,146970,-1
34506.828,2,379777,2800,147180,-1
34506.846,1,395136,800,146890,-1
34506.867,1,395168,2800,147180,-1
34507.174,2,395168,2800,147180,-1
34507.191,2,387980,500,146310,1
34507.217,1,395536,1400,147110,-1
34507.296,1,395626,500,146410,1
34507.334,4,391838,100,146700,1
34507.412,2,395536,1400,147110,-1
34507.452,1,395794,2800,147110,-1
34507.472,2,393486,8100,146400,1
34507.618,4,391838,50,146700,1
34507.908,1,396246,1000,146600,1
34508.949,5,396879,67,146700,-1
34509.188,2,395626,500,146410,1
34509.444,2,392986,500,146990,-1
34509.513,1,397607,500,146890,-1
34509.933,2,385315,150,146600,1
34510.059,1,398059,500,146310,1
34510.479,2,395794,2800,147110,-1
34510.517,1,398401,1400,147110,-1
34511.302,2,394579,300,146510,1
34511.552,1,399233,300,146410,1
34511.592,2,395080,1000,146970,-1
34511.622,1,399275,1000,146880,-1
34511.634,2,398401,1400,147110,-1
34511.673,1,399317,2800,147110,-1
34511.852,2,395136,800,146890,-1
34511.871,1,399474,150,146600,1
34512.094,1,399671,800,146890,-1
34512.314,2,380451,1500,146980,-1
34512.379,1,399861,1500,146880,-1
34512.432,2,399233,300,146410,1
34512.64,1,400084,300,146510,1
34513.303,2,400084,300,146510,1
34513.406,1,400719,300,146410,1
34514.244,4,396246,1000,146600,1
34514.244,4,399474,150,146600,1
34514.961,2,398059,500,146310,1
34514.965,2,397607,500,146890,-1
34515.172,1,402082,500,146790,-1
34515.343,2,387473,2000,147100,-1
34515.732,1,402524,500,146210,1
34515.924,2,399317,2800,147110,-1
34516.196,2,400719,300,146410,1
34516.296,1,403067,1000,146310,1
34516.308,1,403082,2800,147040,-1
34516.577,2,403067,1000,146310,1
34516.581,1,403318,300,146510,1
34516.937,4,403318,200,146510,1
34516.946,4,403318,100,146510,1
34516.997,1,403655,1000,146310,1
34517.082,2,399671,800,146890,-1
34517.137,2,402524,500,146210,1
34517.138,2,402082,500,146790,-1
34517.174,2,399861,1500,146880,-1
34517.211,1,403801,1500,146780,-1
34517.234,1,403817,800,146210,1
34517.294,2,403655,1000,146310,1
34517.419,1,403946,1000,146310,1
34517.519,1,404034,500,146110,1
34517.622,2,399275,1000,146880,-1
34517.658,1,404147,1000,146770,-1
34517.747,2,403946,1000,146310,1
34517.791,1,404275,600,146590,-1
34518.089,1,404517,500,146690,-1
34519.157,2,404034,500,146110,1
34519.312,1,405431,500,146210,1
34520.497,1,406350,150,146300,1
34520.83,1,406630,150,146400,1
34520.88,4,406630,150,146400,1
34522.232,2,403817,800,146210,1
34522.385,1,407640,800,146210,1
34522.532,5,406709,500,146330,1
34522.793,2,404275,600,146590,-1
34522.799,2,300967,100,146200,1
34522.842,2,404147,1000,146770,-1
34522.854,2,405431,500,146210,1
34522.872,1,407964,1000,146680,-1
34522.923,1,407992,600,146590,-1
34523.277,1,408330,500,146110,1
34524.24,2,407640,800,146210,1
34524.354,1,409241,800,146110,1
34524.606,2,403082,2800,147040,-1
34524.653,1,409437,1400,146970,-1
34524.669,2,409437,1400,146970,-1
34524.708,1,409491,2800,146970,-1
34524.76,2,403801,1500,146780,-1
34525.486,2,406350,150,146300,1
34526.029,2,407964,1000,146680,-1
34526.059,1,410582,1000,146580,-1
34526.085,1,410597,1500,146680,-1
34526.232,2,410582,1000,146580,-1
34526.325,2,407992,600,146590,-1
34526.334,1,410762,200,146990,-1
34526.356,1,410780,1000,146670,-1
34526.422,1,410849,600,146590,-1
34526.876,2,78676,500,145800,1
34527.531,4,317817,1900,146300,1
34527.674,4,317817,1652,146300,1
34527.726,2,409491,2800,146970,-1
34527.765,1,411857,1400,146970,-1
34527.826,2,411857,1400,146970,-1
34527.864,1,411943,2800,147040,-1
34527.891,1,411971,200,145710,1
34527.905,2,410597,1500,146680,-1
34527.934,2,410849,600,146590,-1
34527.96,1,412033,1500,146020,1
34528.093,2,404517,500,146690,-1
34528.172,1,412245,600,146590,-1
34528.218,1,412295,500,146690,-1
34528.23,2,412245,600,146590,-1
34528.376,2,411971,200,145710,1
34528.494,1,412513,1500,146780,-1
34528.617,1,412608,100,146380,-1
34528.717,1,412719,600,146490,-1
34529.149,2,251043,1000,146000,1
34529.228,5,413003,2000,146310,1
34529.352,2,409241,800,146110,1
34529.491,1,413368,800,146110,1
34530.133,2,412033,1500,146020,1
34530.135,2,412513,1500,146780,-1
34530.3,1,413986,200,145810,1
34530.424,2,411943,2800,147040,-1
34530.466,1,414103,1400,146970,-1
34530.646,2,413986,200,145810,1
34530.912,2,414103,1400,146970,-1
34530.95,1,414507,2800,146970,-1
34531.119,2,414507,2800,146970,-1
34531.126,1,414615,200,145710,1
34531.146,2,410762,200,146990,-1
34531.158,1,414647,1400,146970,-1
34531.18,2,414647,1400,146970,-1
34531.218,1,414704,2800,146970,-1
34531.706,1,415079,200,146890,-1
34531.856,2,415079,200,146890,-1
34531.937,1,415284,150,146200,1
34531.941,1,415287,150,146200,1
34531.966,4,415284,48,146200,1
34532.019,2,414704,2800,146970,-1
34532.058,1,415364,1400,146970,-1
34532.097,2,412295,500,146690,-1
34532.274,1,415498,200,146990,-1
34532.421,1,415605,500,146790,-1
34532.53,2,415364,1400,146970,-1
34532.566,1,415717,2800,147040,-1
34532.619,2,415498,200,146990,-1
34532.835,2,414615,200,145710,1
34532.894,2,415605,500,146790,-1
34532.986,1,416052,500,146690,-1
34532.993,1,416060,200,146990,-1
34533.044,2,416052,500,146690,-1
34533.282,2,408330,500,146110,1
34533.527,1,416453,500,146110,1
34533.722,2,412719,600,146490,-1
34533.881,1,416786,1500,146780,-1
34533.916,1,416805,100,146200,1
34533.97,1,416850,600,146490,-1
34534.08,1,416946,500,146790,-1
34534.145,2,416453,500,146110,1
34534.492,2,413368,800,146110,1
34534.555,1,417238,1500,146020,1
34534.624,1,417286,500,146210,1
34534.627,1,417290,800,146110,1
34535.063,2,417286,500,146210,1
34535.171,1,417684,500,146110,1
34535.758,2,417238,1500,146020,1
34535.76,2,416786,1500,146780,-1
34536.734,2,416060,200,146990,-1
34536.759,1,418836,200,146890,-1
34536.985,2,415284,102,146200,1
34536.989,2,415287,150,146200,1
34537.166,2,415717,2800,147040,-1
34537.209,1,419188,2800,146970,-1
34537.89,2,419188,2800,146970,-1
34537.929,1,419749,1400,146970,-1
34538.074,2,419749,1400,146970,-1
34538.114,1,419886,2800,147040,-1
34538.522,2,130745,250,149900,-1
34538.532,1,420204,250,149500,-1
34538.972,2,416850,600,146490,-1
34539.103,5,420309,643,146230,1
34539.103,4,416805,100,146200,1
34539.103,5,416812,857,146200,1
34539.11,1,420673,43,146200,1
34539.111,1,420675,600,146490,-1
34539.149,1,420717,1500,146680,-1
34539.208,2,418836,200,146890,-1
34539.327,2,416946,500,146790,-1
34539.412,1,420874,200,146790,-1
34539.44,1,420896,500,146690,-1
34539.63,2,420896,500,146690,-1
34539.632,2,417290,800,146110,1
34539.763,1,421123,800,146110,1
34539.981,1,421287,500,146790,-1
34540.004,2,419886,2800,147040,-1
34540.047,1,421349,1400,146970,-1
34540.445,2,421287,500,146790,-1
34540.64,1,421800,500,146690,-1
34541.27,2,421349,1400,146970,-1
34541.314,1,422361,2800,147040,-1
34541.522,2,421123,800,146110,1
34541.623,1,422565,800,146010,1
34543.05,2,420874,200,146790,-1
34543.395,1,423983,100,146270,-1
34543.479,2,422361,2800,147040,-1
34543.521,1,424119,2800,146970,-1
34543.521,4,420673,43,146200,1
34544.112,2,420675,600,146490,-1
34544.16,5,415973,100,146120,1
34544.25,1,424708,600,146490,-1
34544.754,2,417684,500,146110,1
34544.842,1,425165,500,146010,1
34544.865,5,415973,500,146120,1
34544.865,4,78470,674,146100,1
34544.962,1,425255,200,145810,1
34545.005,1,425293,1500,145920,1
34545.215,1,425441,200,146000,1
34545.24,2,424708,600,146490,-1
34545.355,1,425558,600,146390,-1
34545.368,2,421800,500,146690,-1
34545.637,1,425792,300,146290,-1
34546.282,2,425255,200,145810,1
34546.573,1,426637,1600,146300,-1
34546.622,2,422565,800,146010,1
34546.668,1,426711,200,146590,-1
34546.747,4,425165,500,146010,1
34546.834,4,161959,250,146000,1
34546.875,1,426944,800,146010,1
34546.941,2,424119,2800,146970,-1
34546.979,2,425293,1500,145920,1
34546.984,2,420717,1500,146680,-1
34546.988,1,427061,2800,146900,-1
34547.117,4,426944,800,146010,1
34547.135,4,161959,550,146000,1
34547.135,4,425441,200,146000,1
34547.193,1,427244,1500,145820,1
34547.297,1,427343,200,145710,1
34547.691,2,425558,600,146390,-1
34547.734,2,425792,300,146290,-1
34547.748,1,427698,800,146290,-1
34547.923,2,426637,1600,146300,-1
34548.194,1,428081,700,146190,-1
34548.624,2,412608,100,146380,-1
34548.812,2,427061,2800,146900,-1
34548.817,2,427244,1500,145820,1
34548.853,1,428608,1400,146830,-1
34548.914,1,428668,1500,145720,1
34549.187,2,426711,200,146590,-1
34549.459,1,429119,102,146100,1
34549.462,1,429121,150,146100,1
34549.465,1,429127,150,146100,1
34549.503,4,429119,102,146100,1
34549.503,4,429121,150,146100,1
34549.503,4,429127,150,146100,1
34549.516,1,429165,200,146490,-1
34550.04,4,128555,200,145900,1
34550.398,1,429944,1600,146200,-1
34550.434,2,429944,1600,146200,-1
34550.797,2,428608,1400,146830,-1
34550.838,1,430322,2800,146900,-1
34551.371,2,428668,1500,145720,1
34551.438,1,430853,1500,145820,1
34551.45,2,430322,2800,146900,-1
34551.489,1,430902,2800,146830,-1
34551.525,2,430853,1500,145820,1
34551.767,2,410780,1000,146670,-1
34551.794,1,431133,1000,146180,-1
34551.992,1,431273,1500,145720,1
34552.027,2,431133,1000,146180,-1
34552.032,1,431304,3000,146100,-1
34552.427,2,428081,700,146190,-1
34552.434,1,431584,1000,146090,-1
34552.753,2,427698,800,146290,-1
34552.762,1,431888,700,146090,-1
34552.889,1,431994,800,146290,-1
34553.184,2,431584,1000,146090,-1
34553.483,2,429165,200,146490,-1
34553.662,2,431994,800,146290,-1
34553.694,1,432670,200,146390,-1
34553.766,1,432754,800,146190,-1
34555.12,2,133898,300,141400,1
34555.711,1,434353,200,145800,1
34556.25,2,427343,200,145710,1
34556.278,1,434821,200,145610,1
34556.316,1,434860,50,145900,-1
34556.399,2,430902,2800,146830,-1
34556.436,1,434978,300,140800,1
34556.438,1,434979,1400,146830,-1
34556.777,1,435235,150,145800,1
34556.861,2,434821,200,145610,1
34556.883,1,435319,200,146290,-1
34556.981,2,432670,200,146390,-1
34557.021,2,434979,1400,146830,-1
34557.055,2,431273,1500,145720,1
34557.061,1,435471,2800,146830,-1
34557.08,2,435471,2800,146830,-1
34557.134,1,435531,2800,146750,-1
34557.147,2,435319,200,146290,-1
34557.2,1,435587,1500,145620,1
34557.319,1,435681,200,145610,1
34557.426,1,435768,200,146190,-1
34557.465,2,435531,2800,146750,-1
34557.503,1,435821,1400,146750,-1
34557.567,2,435821,1400,146750,-1
34557.606,1,435880,2800,146750,-1
34558.589,1,436654,100,145880,-1
34558.667,2,435768,200,146190,-1
34558.669,1,436709,200,146090,-1
34558.763,2,432754,800,146190,-1
34558.788,4,436654,100,145880,-1
34558.835,2,435880,2800,146750,-1
34558.874,1,436908,1400,146750,-1
34558.909,1,436945,800,146190,-1
34558.919,2,436709,200,146090,-1
34559.235,1,437211,200,146690,-1
34559.467,2,436908,1400,146750,-1
34559.507,1,437431,2800,146830,-1
34560.131,2,435587,1500,145620,1
34560.243,1,438099,1500,145720,1
34560.787,2,438099,1500,145720,1
34560.891,1,438707,200,146190,-1
34561.647,1,439361,5000,145600,1
34561.663,1,439374,1500,145720,1
34562.153,2,438707,200,146190,-1
34562.212,2,439374,1500,145720,1
34562.763,2,431888,700,146090,-1
34562.872,1,440458,700,146090,-1
34563.003,2,435681,200,145610,1
34563.102,1,440669,200,145710,1
34563.197,1,440739,1500,145720,1
34563.393,2,423983,100,146270,-1
34563.655,1,441064,200,146290,-1
34563.659,2,440669,200,145710,1
34563.74,2,440739,1500,145720,1
34563.807,1,441223,4000,145800,1
34563.913,2,436945,800,146190,-1
34563.932,2,437211,200,146690,-1
34563.934,1,441310,200,146190,-1
34563.96,1,441332,1500,145620,1
34564.046,1,441397,800,146190,-1
34564.203,1,441508,200,145610,1
34565.892,1,442849,150,145800,1
34566.161,2,441332,1500,145620,1
34566.275,1,443162,1500,145720,1
34566.491,1,443326,320,145900,-1
34566.503,2,441508,200,145610,1
34566.832,2,441310,200,146190,-1
34566.844,2,437431,2800,146830,-1
34566.869,1,443652,200,145710,1
34566.882,1,443667,2800,146900,-1
34567.036,1,443806,200,145710,1
34567.877,2,443162,1500,145720,1
34567.901,5,443798,100,145840,1
34567.901,4,434353,200,145800,1
34567.901,4,435235,150,145800,1
34567.901,4,441223,4000,145800,1
34567.901,4,442849,150,145800,1
34568.03,2,443806,200,145710,1
34568.04,1,444585,1500,146080,-1
34568.168,1,444695,200,139700,1
34568.362,5,444462,200,145880,-1
34568.995,5,444462,1000,145880,-1
34569.043,2,441397,800,146190,-1
34569.185,1,445549,800,146190,-1
34570.493,2,434860,50,145900,-1
34572.711,1,448165,500,143500,1
34572.873,2,440458,700,146090,-1
34572.879,5,445237,68,145880,-1
34573.091,1,448481,700,146090,-1
34573.24,1,448604,100,145800,1
34573.322,1,448669,200,145610,1
34573.653,2,441064,200,146290,-1
34574.164,1,449447,10000,145900,-1
34574.184,2,445549,800,146190,-1
34574.25,2,448669,200,145610,1
34574.313,1,449592,200,145710,1
34574.316,1,449595,200,146290,-1
34574.327,1,449602,800,146190,-1
34574.424,2,448481,700,146090,-1
34574.524,1,449784,700,146190,-1
34575.321,2,449592,200,145710,1
34575.413,1,450507,200,146090,-1
34575.491,2,449595,200,146290,-1
34575.826,2,448604,100,145800,1
34576.03,2,443667,2800,146900,-1
34576.07,1,451050,2800,146830,-1
34576.873,2,443652,200,145710,1
34577.078,1,451937,200,145610,1
34578.201,5,451767,600,145890,-1
34578.201,4,443326,320,145900,-1
34578.201,4,449447,80,145900,-1
34578.727,2,451050,2800,146830,-1
34578.763,1,453281,1400,146830,-1
34579.029,2,451937,200,145610,1
34579.263,2,453281,1400,146830,-1
34579.293,2,450507,200,146090,-1
34579.3,1,453664,2800,146900,-1
34579.334,2,449602,800,146190,-1
34579.469,1,453801,200,145710,1
34579.48,1,453807,800,146190,-1
34579.574,2,453664,2800,146900,-1
34579.617,1,453902,1400,146830,-1
34579.676,1,453953,200,146090,-1
34579.799,2,453902,1400,146830,-1
34579.84,1,454110,2800,146900,-1
34580.88,2,454110,2800,146900,-1
34580.921,1,454948,2800,146830,-1
34581.035,2,453801,200,145710,1
34581.113,1,455124,200,145610,1
34581.13,5,453181,300,145830,1
34581.263,1,455259,100,145800,1
34581.441,2,449784,700,146190,-1
34581.582,2,453953,200,146090,-1
34581.753,1,455647,200,146190,-1
34581.762,1,455658,700,146090,-1
34581.823,2,455647,200,146190,-1
34581.831,1,455707,200,146090,-1
34582.01,4,449447,72,145900,-1
34582.304,1,456136,200,146090,-1
34582.319,2,444585,1500,146080,-1
34582.32,2,454948,2800,146830,-1
34582.363,1,456222,1400,146750,-1
34582.39,1,456264,1500,145980,-1
34582.44,2,456222,1400,146750,-1
34582.48,1,456397,2800,146750,-1
34582.594,2,455124,200,145610,1
34582.825,1,456820,150,145800,1
34582.83,1,456825,150,145800,1
34582.956,1,456976,200,145510,1
34583.2,2,455658,700,146090,-1
34583.342,1,457415,700,146190,-1
34583.868,5,456467,200,145890,-1
34584.065,5,456467,100,145890,-1
34584.065,4,449447,100,145900,-1
34584.256,2,456976,200,145510,1
34584.258,2,456136,200,146090,-1
34584.357,1,458453,200,145610,1
34584.412,1,458496,150,145800,1
34584.484,2,453807,800,146190,-1
34584.812,4,449447,200,145900,-1
34585.14,4,449447,200,145900,-1
34585.609,2,457415,700,146190,-1
34585.709,1,459541,800,146190,-1
34585.76,1,459609,200,146190,-1
34585.794,1,459649,700,146090,-1
34585.869,4,449447,69,145900,-1
34586.113,2,459649,700,146090,-1
34586.469,1,460225,700,146190,-1
34586.647,5,456948,50,145850,1
34586.833,2,455707,200,146090,-1
34586.995,2,460225,700,146190,-1
34587.042,1,460798,200,146090,-1
34587.121,1,460876,700,146090,-1
34587.328,4,449447,1500,145900,-1
34588.113,2,460876,700,146090,-1
34588.233,1,461824,700,146190,-1
34588.378,1,461931,100,145890,-1
34588.389,4,461931,34,145890,-1
34588.492,2,460798,200,146090,-1
34588.496,1,462025,200,145990,-1
34589.237,2,459609,200,146190,-1
34589.344,2,456397,2800,146750,-1
34589.352,1,462886,200,146090,-1
34589.382,1,462911,2800,146680,-1
34589.404,2,456264,1500,145980,-1
34589.507,1,463026,1500,145880,-1
34589.592,2,458453,200,145610,1
34589.815,2,455259,100,145800,1
34589.952,1,463441,200,145510,1
34590.488,2,461824,700,146190,-1
34590.558,1,463923,700,146090,-1
34590.636,2,459541,800,146190,-1
34591.395,4,456820,72,145800,1
34591.845,4,456820,78,145800,1
34591.845,4,456825,150,145800,1
34591.845,4,458496,150,145800,1
34592.706,2,463923,700,146090,-1
34592.813,1,465756,700,145990,-1
34592.897,1,465816,150,145700,1
34593.027,2,465756,700,145990,-1
34593.184,2,462886,200,146090,-1
34593.361,1,466115,700,146090,-1
34593.494,2,462025,200,145990,-1
34593.576,1,466324,800,146090,-1
34593.582,1,466332,200,145990,-1
34594.346,2,466115,700,146090,-1
34594.567,1,467077,700,146090,-1
34594.571,1,467083,400,149000,-1
34594.677,2,462911,2800,146680,-1
34594.742,1,467263,2800,146750,-1
34594.91,2,467077,700,146090,-1
34594.958,2,463441,200,145510,1
34595.073,1,467570,200,145610,1
34595.115,5,465669,1000,145800,-1
34595.115,1,467592,1000,145800,1
34595.135,1,467606,700,145990,-1
34595.2,2,467570,200,145610,1
34595.632,1,467968,200,145510,1
34596.097,2,467263,2800,146750,-1
34596.135,1,468327,2800,146680,-1
34596.154,1,468351,200,145990,-1
34596.19,2,467968,200,145510,1
34596.461,5,468533,388,145840,1
34596.583,2,468327,2800,146680,-1
34596.621,1,468691,1400,146680,-1
34596.737,1,468782,200,145510,1
34596.922,2,468691,1400,146680,-1
34596.964,1,468961,2800,146750,-1
34597.111,2,467606,700,145990,-1
34597.122,2,463026,1500,145880,-1
34597.208,2,468351,200,145990,-1
34597.433,1,469284,200,146090,-1
34597.448,1,469295,700,146090,-1
34598.575,2,466324,800,146090,-1
34598.584,2,466332,200,145990,-1
34598.662,1,470253,1500,145980,-1
34598.716,1,470308,800,146090,-1
34598.72,1,470310,200,145990,-1
34599.187,2,468961,2800,146750,-1
34599.225,1,470739,2800,146680,-1
34599.248,2,470253,1500,145980,-1
34599.321,1,470820,1500,145880,-1
34600.363,2,470308,800,146090,-1
34600.477,1,471683,800,145990,-1
34600.542,1,471733,100,145600,1
34601.95,2,470739,2800,146680,-1
34601.991,1,472848,1400,146610,-1
34602.508,2,472848,1400,146610,-1
34602.548,1,473299,2800,146680,-1
34602.604,2,473299,2800,146680,-1
34602.648,1,473401,1400,146610,-1
34602.709,2,473401,1400,146610,-1
34602.754,1,473519,2800,146610,-1
34602.959,2,465816,150,145700,1
34602.978,2,473519,2800,146610,-1
34603.02,1,473756,1400,146610,-1
34603.117,1,473841,150,145800,1
34603.404,1,474086,100,145890,-1
34603.725,2,470310,200,145990,-1
34603.825,2,473756,1400,146610,-1
34603.864,1,474560,2800,146610,-1
34603.892,1,474590,200,145990,-1
34603.984,5,474181,100,145840,1
34604.25,2,474560,2800,146610,-1
34604.289,1,474959,1400,146610,-1
34604.54,2,469295,700,146090,-1
34604.664,1,475225,700,146190,-1
34605.041,2,475225,700,146190,-1
34605.465,1,476011,700,146090,-1
34605.474,2,471683,800,145990,-1
34605.556,2,474959,1400,146610,-1
34605.587,2,476011,700,146090,-1
34605.595,1,476105,2800,146680,-1
34605.606,1,476121,800,145990,-1
34605.678,2,476105,2800,146680,-1
34605.716,1,476229,1400,146610,-1
34606.016,1,476489,700,146190,-1
34606.483,5,476020,1200,145820,1
34606.577,2,476489,700,146190,-1
34606.682,1,476884,700,146090,-1
34606.734,2,468782,200,145510,1
34606.856,1,477062,200,145510,1
34606.874,2,476229,1400,146610,-1
34606.912,1,477120,2800,146680,-1
34607.074,2,476121,800,145990,-1
34607.144,1,477308,800,145890,-1
34607.436,2,469284,200,146090,-1
34607.439,4,467592,900,145800,1
34608.171,4,467592,100,145800,1
34608.171,4,473841,100,145800,1
34608.375,2,461931,66,145890,-1
34608.894,2,474590,200,145990,-1
34609.033,1,478831,200,145990,-1
34609.235,4,473841,50,145800,1
34609.383,1,479088,100,145800,1
34609.725,5,474678,1900,145840,-1
34609.725,5,479028,1000,145840,-1
34609.725,5,479327,1000,145840,-1
34609.725,5,478744,1200,145860,-1
34609.725,4,470820,1500,145880,-1
34609.725,4,474086,100,145890,-1
34609.725,4,477308,800,145890,-1
34609.725,4,449447,1900,145900,-1
34609.809,2,478831,200,145990,-1
34609.876,1,479492,800,145890,-1
34609.884,1,479498,200,146090,-1
34610.42,1,479858,800,145510,1
34610.732,2,477062,200,145510,1
34610.751,2,477120,2800,146680,-1
34610.791,1,480109,2800,146680,-1
34610.821,1,480136,200,145610,1
34610.915,1,480223,150,145800,1
34611.488,5,480027,500,145840,1
34611.488,4,479088,100,145800,1
34611.488,4,480223,150,145800,1
34611.488,5,479090,400,145800,1
34611.784,2,480136,200,145610,1
34611.795,1,480920,200,145510,1
34612.202,2,480109,2800,146680,-1
34612.242,1,481296,1400,146610,-1
34612.523,2,481296,1400,146610,-1
34612.562,1,481563,2800,146610,-1
34613.266,2,479492,800,145890,-1
34613.485,1,482397,600,145990,-1
34614.034,2,479858,800,145510,1
34614.258,1,483052,800,145610,1
34614.312,2,479498,200,146090,-1
34614.426,2,476884,700,146090,-1
34614.49,2,481563,2800,146610,-1
34614.494,1,483210,200,145990,-1
34614.528,1,483235,1400,146610,-1
34614.688,1,483337,700,145990,-1
34614.716,1,483376,2000,145800,-1
34614.729,2,480920,200,145510,1
34614.731,2,483235,1400,146610,-1
34614.754,2,483210,200,145990,-1
34614.772,1,483451,2800,146680,-1
34614.974,1,483629,200,145610,1
34615.712,2,483629,200,145610,1
34615.718,1,484169,200,145990,-1
34615.991,2,483451,2800,146680,-1
34616.031,1,484406,1400,146610,-1
34616.23,2,484406,1400,146610,-1
34616.236,1,484566,200,145510,1
34616.271,1,484589,2800,146680,-1
34617.2,4,483376,1150,145800,-1
34618.485,2,482397,600,145990,-1
34618.626,1,486600,600,145990,-1
34618.66,4,483376,40,145800,-1
34619.027,4,483376,810,145800,-1
34619.255,2,483052,800,145610,1
34619.388,1,487234,800,145610,1
34619.408,2,484589,2800,146680,-1
34619.447,1,487285,1400,146610,-1
34619.723,2,487285,1400,146610,-1
34619.763,1,487566,2800,146610,-1
34620.958,2,487566,2800,146610,-1
34620.997,1,488469,2800,146610,-1
34621.614,1,488867,150,145800,1
34622.666,1,489705,2000,145820,1
34623.005,2,484566,200,145510,1
34623.007,2,484169,200,145990,-1
34623.036,1,490046,200,145610,1
34623.173,2,490046,200,145610,1
34623.575,1,490444,200,145990,-1
34623.625,2,486600,600,145990,-1
34623.872,1,490726,600,145990,-1
34623.899,5,489721,120,145840,1
34624.214,1,491013,180,150000,-1
34624.25,2,483337,700,145990,-1
34624.395,2,487234,800,145610,1
34624.417,1,491192,1000,147000,-1
34624.442,2,488469,2800,146610,-1
34624.482,1,491237,2800,146540,-1
34624.515,1,491270,200,145510,1
34624.605,1,491368,700,146090,-1
34624.639,1,491390,800,145610,1
34625.116,4,449447,5879,145900,-1
34625.242,5,489721,1080,145840,1
34625.242,5,491872,320,145830,1
34625.308,1,492021,5000,145900,1
34626.514,4,492021,5000,145900,1
34628.875,2,490726,600,145990,-1
34629.014,1,494518,600,145990,-1
34629.408,2,489705,2000,145820,1
34629.645,2,491390,800,145610,1
34629.778,1,494970,800,145610,1
34630.286,5,493004,1000,145830,1
34630.919,2,491237,2800,146540,-1
34630.959,1,495775,2800,146610,-1
34631.328,2,491270,200,145510,1
34631.331,2,490444,200,145990,-1
34631.338,2,491368,700,146090,-1
34631.412,1,496094,1500,146180,-1
34631.544,1,496201,700,145990,-1
34631.692,1,496299,200,145610,1
34632.242,1,496725,200,146090,-1
34632.56,5,495346,1000,145820,1
34633.078,2,171789,1000,145500,1
34633.415,1,497526,100,145850,1
34633.61,2,496299,200,145610,1
34633.612,2,496725,200,146090,-1
34633.744,1,497769,1000,145800,1
34634.015,2,494518,600,145990,-1
34634.153,1,498047,600,145990,-1
34634.295,1,498140,200,145990,-1
34634.299,1,498143,200,145610,1
34634.361,2,498140,200,145990,-1
34634.775,2,494970,800,145610,1
34634.887,1,498594,200,146090,-1
34634.918,1,498621,800,145610,1
34635.334,2,498143,200,145610,1
34635.335,2,498594,200,146090,-1
34635.65,1,499127,200,145990,-1
34635.754,2,499127,200,145990,-1
34636.219,1,499621,200,146090,-1
34636.758,2,495775,2800,146610,-1
34636.776,1,500120,200,145610,1
34636.802,1,500153,1400,146540,-1
34637.078,5,500162,100,145860,1
34637.195,4,497526,100,145850,1
34637.195,4,488867,150,145800,1
34637.195,4,497769,860,145800,1
34637.478,2,500120,200,145610,1
34637.48,2,499621,200,146090,-1
34637.684,1,500843,200,145990,-1
34638.142,5,500996,50,145880,-1
34638.272,1,501339,200,145510,1
34638.458,2,500153,1400,146540,-1
34638.496,1,501542,2800,146610,-1
34638.833,2,501339,200,145510,1
34638.835,2,500843,200,145990,-1
34638.938,1,501885,200,146090,-1
34639.155,2,498047,600,145990,-1
34639.296,1,502121,600,145990,-1
34639.348,2,496201,700,145990,-1
34639.585,1,502357,700,146090,-1
34639.589,1,502361,200,145610,1
34639.629,5,501806,180,145810,1
34639.629,4,497769,140,145800,1
34639.824,2,502357,700,146090,-1
34639.926,2,498621,800,145610,1
34640.059,1,502725,800,145610,1
34640.137,1,502770,700,145990,-1
34640.264,2,501885,200,146090,-1
34640.268,2,502361,200,145610,1
34640.372,1,502952,200,145990,-1
34640.567,1,503087,15000,147700,-1
34640.63,1,503120,200,145310,1
34640.802,2,503120,200,145310,1
34641.063,1,503467,200,145510,1
34641.3,4,341426,50,145700,1
34641.608,2,502770,700,145990,-1
34641.965,1,504097,700,145890,-1
34643.927,1,505674,18,145800,-1
34643.968,5,505382,4000,145650,1
34643.968,5,505588,3000,145650,1
34643.968,4,502725,800,145610,1
34643.968,5,503686,1400,145610,1
34643.968,4,103760,2500,145600,1
34643.968,4,212330,1400,145600,1
34644.009,2,501542,2800,146610,-1
34644.009,2,171226,5000,144000,1
34644.047,1,505778,2800,146540,-1
34644.052,1,505786,200,146090,-1
34644.056,2,496094,1500,146180,-1
34644.178,2,502121,600,145990,-1
34644.246,2,503467,200,145510,1
34644.311,2,502952,200,145990,-1
34644.315,1,505998,200,145410,1
34644.326,1,506009,800,145890,-1
34644.366,1,506039,1500,145320,1
34644.909,1,506447,200,145890,-1
34645.792,1,507155,2000,145700,-1
34645.909,2,505786,200,146090,-1
34645.913,1,507263,200,145990,-1
34646.391,1,507629,1200,145700,-1
34646.88,5,507169,150,145680,-1
34647.485,2,507155,2000,145700,-1
34648.859,1,509662,450,147000,-1
34649.326,2,506009,800,145890,-1
34649.351,5,507169,400,145680,-1
34649.472,1,510113,800,145890,-1
34649.837,2,505778,2800,146540,-1
34649.875,1,510447,1400,146540,-1
34650.132,2,510447,1400,146540,-1
34650.171,1,510682,2800,146610,-1
34650.255,1,510736,50,145700,-1
34650.534,2,507263,200,145990,-1
34650.675,1,511031,200,145310,1
34650.688,2,505998,200,145410,1
34650.69,2,506447,200,145890,-1
34650.891,1,511210,200,145510,1
34651.19,2,507629,1200,145700,-1
34651.342,2,511031,200,145310,1
34651.344,1,511529,200,145410,1
34651.391,1,511570,200,145990,-1
34651.533,2,510682,2800,146610,-1
34651.575,1,511680,1400,146610,-1
34651.86,2,511680,1400,146610,-1
34651.897,1,511943,2800,146680,-1
34651.966,2,504097,700,145890,-1
34652.026,2,511943,2800,146680,-1
34652.066,1,512057,1400,146610,-1
34652.083,2,506039,1500,145320,1
34652.126,1,512111,700,145890,-1
34654.132,4,510736,50,145700,-1
34654.132,5,513476,1302,145770,-1
34654.132,4,505674,18,145800,-1
34654.224,2,511529,200,145410,1
34654.227,1,513629,200,145310,1
34654.245,2,512057,1400,146610,-1
34654.283,1,513673,2800,146610,-1
34654.476,2,510113,800,145890,-1
34654.607,1,513937,800,145890,-1
34654.71,2,512111,700,145890,-1
34654.779,1,514106,1000,145610,1
34654.832,1,514169,700,145990,-1
34654.885,2,513629,200,145310,1
34654.887,1,514226,200,145410,1
34655.581,2,514169,700,145990,-1
34655.727,1,514866,700,146090,-1
34655.95,2,511210,200,145510,1
34655.955,2,511570,200,145990,-1
34656.054,1,515100,200,145610,1
34656.132,2,514226,200,145410,1
34656.135,1,515160,200,145310,1
34656.609,1,515541,200,146090,-1
34656.76,2,514106,1000,145610,1
34657.262,5,516064,150,145790,-1
34658.679,2,513673,2800,146610,-1
34658.719,1,517188,2800,146680,-1
34658.818,1,517296,1500,145520,1
34658.9,2,517296,1500,145520,1
34659.365,1,517659,1500,145520,1
34659.606,2,513937,800,145890,-1
34659.669,1,517908,1000,146080,-1
34659.721,1,517983,200,145410,1
34659.725,2,515160,200,145310,1
34659.729,2,517908,1000,146080,-1
34659.75,1,518021,800,145890,-1
34659.969,2,517983,200,145410,1
34660.025,2,517659,1500,145520,1
34660.156,2,517188,2800,146680,-1
34660.195,1,518413,1400,146610,-1
34660.248,1,518469,200,145510,1
34660.271,2,518413,1400,146610,-1
34660.31,1,518524,2800,146610,-1
34660.312,1,518527,150,145700,1
34660.316,1,518530,150,145700,1
34660.392,1,518586,150,145700,1
34660.579,2,518469,200,145510,1
34660.814,1,518956,200,145610,1
34660.906,2,514866,700,146090,-1
34661.017,5,518055,400,145870,-1
34661.032,1,519138,700,146090,-1
34661.717,1,519660,800,145510,1
34662.433,5,518055,116,145870,-1
34663.412,1,520901,100,145830,1
34664.2,4,520901,100,145830,1
34664.496,2,518956,200,145610,1
34664.756,2,518021,800,145890,-1
34664.838,1,521966,1500,146180,-1
34664.893,1,522001,800,145890,-1
34664.978,1,522073,150,145800,1
34665.526,2,518527,150,145700,1
34665.544,2,518530,150,145700,1
34665.548,2,518586,150,145700,1
34666.057,2,515100,200,145610,1
34666.249,1,523001,200,145610,1
34666.395,2,518524,2800,146610,-1
34666.434,1,523153,1400,146540,-1
34666.616,2,515541,200,146090,-1
34666.717,2,519660,800,145510,1
34666.743,2,523153,1400,146540,-1
34666.753,1,523442,200,146090,-1
34666.783,1,523478,2800,146610,-1
34666.859,1,523558,800,145510,1
34667.184,2,519138,700,146090,-1
34667.329,1,523900,700,145990,-1
34667.996,2,523478,2800,146610,-1
34668.036,1,524421,1400,146540,-1
34668.584,2,524421,1400,146540,-1
34668.621,1,524860,2800,146610,-1
34669.797,2,524860,2800,146610,-1
34669.836,1,525778,1400,146540,-1
34669.859,2,523001,200,145610,1
34669.86,2,523442,200,146090,-1
34669.896,2,522001,800,145890,-1
34669.902,2,525778,1400,146540,-1
34669.943,1,525871,2800,146540,-1
34670.043,5,525837,1066,145820,1
34670.043,4,522073,150,145800,1
34670.086,1,526003,200,145990,-1
34670.091,5,525990,800,145790,-1
34670.091,1,526008,200,145800,1
34670.145,4,526008,200,145800,1
34670.466,1,526304,800,145890,-1
34670.617,1,526446,200,145510,1
34670.641,2,27500,1990,155900,-1
34670.643,2,27508,2500,154900,-1
34671.482,1,527153,100,136000,1
34671.694,5,526084,250,145730,1
34671.856,2,523558,800,145510,1
34672.008,1,527590,800,145510,1
34672.178,2,523900,700,145990,-1
34672.45,1,527863,700,145890,-1
34672.588,1,527957,284,145900,-1
34673.259,2,52254,6000,140500,1
34673.401,1,528563,518,145800,-1
34673.537,1,528697,200,145990,-1
34674.533,5,526084,700,145730,1
34674.559,2,525871,2800,146540,-1
34674.609,1,529475,2800,146470,-1
34674.626,2,521966,1500,146180,-1
34674.815,2,526446,200,145510,1
34674.82,2,526003,200,145990,-1
34675.158,1,530026,200,145890,-1
34675.17,1,530039,1000,145800,-1
34675.466,2,526304,800,145890,-1
34675.606,1,530376,600,145890,-1
34675.699,1,530447,200,145410,1
34676.208,2,529475,2800,146470,-1
34676.246,1,530821,2800,146540,-1
34676.847,2,530821,2800,146540,-1
34676.893,1,531414,1400,146470,-1
34676.93,2,531414,1400,146470,-1
34676.969,1,531465,2800,146540,-1
34677.005,2,531465,2800,146540,-1
34677.007,2,527590,800,145510,1
34677.046,1,531524,1400,146470,-1
34677.14,1,531614,800,145510,1
34677.177,2,530039,1000,145800,-1
34677.486,1,531871,2950,145800,-1
34677.976,2,27185,4800,130000,1
34678.534,5,532392,500,145650,1
34678.534,4,212330,1600,145600,1
34678.534,4,439361,4500,145600,1
34678.537,2,528697,200,145990,-1
34678.596,1,532638,4800,127700,1
34678.782,1,532834,200,145990,-1
34678.988,1,533008,2000,145800,-1
34679.39,2,527863,700,145890,-1
34679.433,2,531524,1400,146470,-1
34679.471,1,533441,2800,146470,-1
34679.75,2,530447,200,145410,1
34679.76,2,530026,200,145890,-1
34679.95,1,533870,700,145800,-1
34679.968,1,533883,200,145310,1
34680.025,4,439361,500,145600,1
34680.025,4,471733,100,145600,1
34680.304,2,531614,800,145510,1
34680.409,2,528563,518,145800,-1
34680.422,1,534254,800,145410,1
34680.429,1,534262,1500,145220,1
34680.446,2,531871,2950,145800,-1
34680.446,2,533008,2000,145800,-1
34680.448,2,533870,700,145800,-1
34680.452,1,534276,2000,145700,-1
34680.607,2,530376,600,145890,-1
34680.653,1,534429,2950,145700,-1
34680.744,1,534507,200,145790,-1
34680.789,2,532834,200,145990,-1
34680.89,5,534390,1000,145510,1
34680.89,4,65843,600,145500,1
34680.928,2,534429,2950,145700,-1
34680.97,1,534688,800,145890,-1
34681.028,2,534254,800,145410,1
34681.621,1,535155,800,145510,1
34681.676,1,535201,200,145990,-1
34681.686,2,535155,800,145510,1
34682.005,2,535201,200,145990,-1
34682.167,1,535576,800,145510,1
34682.225,1,535608,200,145990,-1
34682.444,1,535780,500,10000,1
34682.748,1,535988,100,145400,1
34682.877,1,536134,700,145790,-1
34682.96,1,536212,150,145500,1
34683.992,2,533441,2800,146470,-1
34684.035,1,536988,1400,146470,-1
34684.195,4,535576,800,145510,1
34684.195,5,535819,200,145510,1
34684.304,2,535608,200,145990,-1
34684.326,2,534688,800,145890,-1
34684.362,1,537209,200,145890,-1
34684.453,1,537284,900,145600,-1
34684.479,1,537313,800,145790,-1
34684.586,2,537209,200,145890,-1
34684.677,4,65843,600,145500,1
34684.928,1,537708,200,145990,-1
34685.126,4,65843,6200,145500,1
34685.126,4,162616,50,145500,1
34685.126,4,164836,100,145500,1
34685.126,4,169268,1000,145500,1
34685.126,4,536212,150,145500,1
34685.21,2,537708,200,145990,-1
34685.347,2,536988,1400,146470,-1
34685.391,1,538056,2800,146540,-1
34685.464,2,538056,2800,146540,-1
34685.488,1,538125,200,145590,-1
34685.504,1,538145,1400,146470,-1
34685.761,2,538145,1400,146470,-1
34685.797,1,538408,2800,146470,-1
34685.801,5,538152,1000,145570,-1
34686.938,5,538152,200,145570,-1
34686.938,5,539294,950,145570,-1
34686.938,5,538157,600,145580,-1
34686.938,5,539045,600,145580,-1
34686.938,4,538125,200,145590,-1
34686.938,4,537284,900,145600,-1
34686.992,5,538422,200,145420,1
34688.581,1,540653,2000,145600,1
34689.477,2,537313,800,145790,-1
34689.726,1,541494,800,145790,-1
34689.967,2,533883,200,145310,1
34690.103,1,541810,200,145310,1
34690.159,4,540653,500,145600,1
34690.208,1,541879,5000,145900,-1
34690.319,2,538408,2800,146470,-1
34690.358,1,541967,1400,146470,-1
34690.373,5,541878,100,145640,1
34690.617,2,541967,1400,146470,-1
34690.66,1,542224,2800,146540,-1
34690.754,2,534507,200,145790,-1
34691.009,1,542598,200,145790,-1
34691.03,2,536134,700,145790,-1
34691.244,1,542794,700,145890,-1
34691.37,1,542892,200,145500,1
34691.671,5,541878,1900,145640,1
34691.671,4,540653,100,145600,1
34691.688,4,540653,1400,145600,1
34691.714,2,541810,200,145310,1
34691.716,2,542598,200,145790,-1
34691.751,1,543201,200,145790,-1
34691.848,1,543273,200,145310,1
34691.861,2,431304,3000,146100,-1
34692.592,2,542224,2800,146540,-1
34692.631,1,543803,2800,146470,-1
34692.656,1,543817,200,145790,-1
34692.794,1,543960,150,145600,1
34692.818,4,543960,150,145600,1
34693.422,1,544385,134,145550,1
34694.706,5,544411,300,145570,1
34694.726,2,541494,800,145790,-1
34694.793,2,542794,700,145890,-1
34694.855,1,545458,800,145790,-1
34694.903,1,545484,700,145790,-1
34695.45,2,535988,100,145400,1
34696.758,2,543201,200,145790,-1
34696.861,1,546818,200,145790,-1
34699.332,2,534262,1500,145220,1
34699.857,2,545458,800,145790,-1
34700.105,1,549077,800,145790,-1
34700.589,1,549421,100,145500,1
34701.849,2,543273,200,145310,1
34701.849,2,543803,2800,146470,-1
34701.863,2,549077,800,145790,-1
34701.867,2,546818,200,145790,-1
34701.886,1,550359,1400,146470,-1
34701.964,1,550407,800,145690,-1
34701.976,1,550412,1500,145320,1
34701.98,1,550415,200,145310,1
34701.984,5,544411,700,145570,1
34701.984,5,544417,300,145560,1
34702.18,5,544417,300,145560,1
34702.18,5,550182,600,145560,1
34702.381,2,550359,1400,146470,-1
34702.42,1,550730,2800,146470,-1
34702.523,2,550412,1500,145320,1
34702.657,2,543817,200,145790,-1
34703.157,1,551256,200,145790,-1
34703.269,2,535780,500,10000,1
34704.336,4,544385,134,145550,1
34704.336,4,542892,200,145500,1
34704.336,4,549421,100,145500,1
34704.336,5,549422,366,145500,1
34704.343,1,552056,34,145500,1
34704.398,1,552076,1500,145220,1
34704.506,1,552137,3000,145700,-1
34704.604,2,550730,2800,146470,-1
34704.646,1,552237,2800,146540,-1
34704.722,2,552076,1500,145220,1
34704.845,1,552440,200,145610,1
34704.907,2,545484,700,145790,-1
34705.017,4,552440,200,145610,1
34705.031,1,552585,200,145600,1
34705.158,1,552666,700,145790,-1
34705.408,1,552867,200,145210,1
34705.458,4,552585,200,145600,1
34705.458,4,552056,34,145500,1
34705.573,1,552970,1000,145320,1
34705.582,2,552867,200,145210,1
34705.616,1,552993,1500,145320,1
34706.968,2,550407,800,145690,-1
34707.22,1,554152,800,145690,-1
34707.272,2,552993,1500,145320,1
34707.379,1,554282,1500,145220,1
34707.759,2,552970,1000,145320,1
34707.768,2,554152,800,145690,-1
34707.87,1,554668,800,145790,-1
34708.507,2,552237,2800,146540,-1
34708.546,1,555081,1400,146540,-1
34708.562,2,555081,1400,146540,-1
34708.604,1,555113,2800,146610,-1
34708.646,2,554282,1500,145220,1
34708.656,1,555155,1500,145320,1
34708.663,1,555163,200,145550,-1
34708.67,4,555163,14,145550,-1
34708.754,2,550415,200,145310,1
34708.759,2,551256,200,145790,-1
34708.972,2,554668,800,145790,-1
34709.071,1,555617,200,145410,1
34709.083,1,555626,800,145690,-1
34709.657,1,556093,200,145890,-1
34709.881,2,555626,800,145690,-1
34709.953,1,556409,800,145790,-1
34710.186,1,556589,400,145500,1
34710.273,1,556683,200,145210,1
34710.302,5,555185,200,145530,-1
34710.616,5,555185,100,145530,-1
34711.779,2,555113,2800,146610,-1
34711.788,5,557899,900,145540,1
34711.818,1,558124,2800,146540,-1
34711.829,2,556683,200,145210,1
34711.87,1,558160,200,145690,-1
34711.893,2,555155,1500,145320,1
34711.992,1,558309,1500,145220,1
34712.039,2,558160,200,145690,-1
34712.093,2,555617,200,145410,1
34712.096,2,556093,200,145890,-1
34712.386,1,558614,200,145690,-1
34712.403,1,558623,200,145310,1
34713.084,1,559217,200,145790,-1
34713.103,2,556589,400,145500,1
34713.18,2,558614,200,145690,-1
34713.184,1,559311,200,145790,-1
34713.22,5,559249,600,145540,-1
34713.22,4,555163,186,145550,-1
34713.349,5,559353,600,145590,-1
34713.349,1,559429,400,145600,1
34713.447,2,559311,200,145790,-1
34713.752,4,559429,400,145600,1
34713.9,2,556409,800,145790,-1
34714.01,1,560091,800,145690,-1
34714.405,2,560091,800,145690,-1
34714.414,2,552666,700,145790,-1
34714.504,2,558309,1500,145220,1
34714.541,1,560543,800,145790,-1
34714.635,1,560621,1500,145320,1
34714.639,1,560625,700,145890,-1
34714.819,2,560621,1500,145320,1
34715.177,1,561137,1500,145220,1
34715.905,2,558623,200,145310,1
34715.909,2,559217,200,145790,-1
34715.946,1,561762,1000,145230,1
34716.052,2,561137,1500,145220,1
34716.122,1,561899,200,145410,1
34716.16,1,561926,1500,145320,1
34716.173,1,561934,200,145110,1
34716.272,2,561926,1500,145320,1
34716.358,2,561934,200,145110,1
34716.483,5,561480,700,145510,1
34716.708,1,562278,1500,145220,1
34716.736,1,562308,1000,145500,1
34716.796,1,562360,200,145890,-1
34716.847,5,553983,64,145640,-1
34716.969,1,562499,500,145600,1
34717.544,1,562945,200,145690,-1
34717.868,2,562945,200,145690,-1
34718.078,1,563361,200,145310,1
34718.135,5,553983,436,145640,-1
34718.135,5,560627,376,145640,-1
34718.136,5,560627,124,145640,-1
34718.151,2,112598,600,145100,1
34718.379,2,562278,1500,145220,1
34718.527,2,563361,200,145310,1
34718.572,2,558124,2800,146540,-1
34718.61,1,563704,1400,146540,-1
34718.73,2,561899,200,145410,1
34718.739,2,562360,200,145890,-1
34718.751,1,563827,200,145310,1
34718.975,1,564049,200,145100,1
34718.984,1,564057,200,145510,1
34719.272,1,564244,200,146000,-1
34719.34,2,563704,1400,146540,-1
34719.361,2,560543,800,145790,-1
34719.38,1,564314,2800,146540,-1
34719.464,1,564373,800,145690,-1
34719.47,1,564381,200,145990,-1
34720.109,2,564057,200,145510,1
34720.111,2,564381,200,145990,-1
34720.237,1,564925,200,145890,-1
34720.811,1,565324,200,145410,1
34721.98,5,565798,300,145630,1
34721.98,4,562499,500,145600,1
34722.484,1,566601,2000,145500,1
34723.421,1,567189,100,145680,-1
34723.467,2,552137,3000,145700,-1
34723.592,2,563827,200,145310,1
34723.648,1,567383,1500,145320,1
34724.135,2,560625,700,145890,-1
34724.186,1,567749,1000,145500,1
34724.439,1,567923,700,145790,-1
34724.468,2,564373,800,145690,-1
34724.604,1,568030,800,145690,-1
34724.802,2,565324,200,145410,1
34724.805,2,564925,200,145890,-1
34725.024,2,568030,800,145690,-1
34725.05,2,567923,700,145790,-1
34725.309,1,568563,700,145890,-1
34725.37,1,568596,800,145790,-1
34725.454,1,568663,200,145610,1
34725.522,2,568663,200,145610,1
34725.715,2,568563,700,145890,-1
34725.969,1,569138,700,145790,-1
34726.05,1,569210,200,145790,-1
34726.499,1,569550,200,140000,1
34727.44,2,568596,800,145790,-1
34727.561,1,570410,800,145690,-1
34727.724,2,569210,200,145790,-1
34727.797,2,570410,800,145690,-1
34728.108,1,570970,800,145790,-1
34728.158,1,571000,200,145610,1
34728.223,2,571000,200,145610,1
34728.255,2,570970,800,145790,-1
34728.655,1,571394,800,145690,-1
34728.716,1,571456,200,145210,1
34729.109,2,571456,200,145210,1
34729.812,2,564314,2800,146540,-1
34729.854,1,572314,1400,146540,-1
34729.904,5,570670,1000,145670,-1
34729.946,1,572388,200,145210,1
34730.008,2,572314,1400,146540,-1
34730.037,2,569138,700,145790,-1
34730.046,1,572454,2800,146540,-1
34730.199,1,572574,700,145890,-1
34730.778,2,571394,800,145690,-1
34730.882,4,567189,92,145680,-1
34730.948,1,573173,800,145790,-1
34730.959,2,572454,2800,146540,-1
34730.963,2,572388,200,145210,1
34730.968,1,573192,200,145610,1
34730.996,1,573217,2800,146610,-1
34733.192,2,527957,284,145900,-1
34733.288,5,574614,284,145650,1
34734.331,4,567189,8,145680,-1
34735.68,5,574614,19,145650,1
34735.691,4,534276,2000,145700,-1
34735.769,2,573192,200,145610,1
34735.773,1,576883,200,145310,1
34735.949,2,573173,800,145790,-1
34735.992,2,576883,200,145310,1
34736.098,1,577129,800,145790,-1
34736.102,2,561762,1000,145230,1
34736.119,1,577143,1000,145510,1
34736.204,4,577129,71,145790,-1
34736.319,1,577301,200,145210,1
34736.452,2,573217,2800,146610,-1
34736.49,1,577431,1400,146540,-1
34736.717,2,577431,1400,146540,-1
34736.758,1,577658,2800,146610,-1
34736.762,2,577658,2800,146610,-1
34736.801,1,577712,1400,146540,-1
34736.909,2,572574,700,145890,-1
34736.954,2,577712,1400,146540,-1
34736.972,2,577301,200,145210,1
34736.995,1,577918,2800,146610,-1
34737.02,1,577956,700,145990,-1
34737.209,1,578111,200,145790,-1
34737.415,2,578111,200,145790,-1
34737.491,2,577918,2800,146610,-1
34737.531,1,578394,2800,146540,-1
34737.785,1,578675,200,145790,-1
34738.171,2,577956,700,145990,-1
34738.537,5,578656,303,145770,-1
34738.537,5,579359,697,145770,-1
34738.543,1,579371,100,145740,1
34738.823,1,579620,700,145990,-1
34738.891,2,577129,729,145790,-1
34739.043,1,579855,800,145790,-1
34739.337,4,579371,100,145740,1
34739.354,2,577143,1000,145510,1
34739.458,2,578675,200,145790,-1
34739.54,2,579620,700,145990,-1
34739.599,1,580334,800,145410,1
34739.751,1,580483,700,145990,-1
34740.156,2,580483,700,145990,-1
34740.51,1,581120,700,145890,-1
34741.033,2,578394,2800,146540,-1
34741.073,1,581631,1400,146470,-1
34741.156,5,579966,10,145750,-1
34741.255,1,581786,150,145600,1
34741.26,1,581788,150,145600,1
34741.264,1,581790,150,145600,1
34741.266,1,581793,150,145600,1
34741.27,1,581796,150,145600,1
34741.275,1,581798,150,145600,1
34741.28,1,581808,150,145600,1
34741.288,1,581816,150,145600,1
34741.294,1,581825,150,145600,1
34741.322,1,581848,200,145790,-1
34741.395,2,581631,1400,146470,-1
34741.434,1,581970,2800,146540,-1
34741.513,2,581970,2800,146540,-1
34741.553,1,582105,1400,146470,-1
34741.711,2,582105,1400,146470,-1
34741.827,1,582363,2800,146470,-1
34742.505,2,567383,1500,145320,1
34744.048,2,579855,800,145790,-1
34744.194,1,584672,329,145790,-1
34744.599,2,580334,800,145410,1
34744.693,1,585062,1500,145220,1
34744.848,1,585209,800,145410,1
34744.898,5,585055,100,145710,1
34745.814,1,585955,1000,145800,-1
34745.862,2,26691,130,145000,1
34746.319,2,581848,200,145790,-1
34746.457,1,586489,200,145790,-1
34746.734,2,581120,700,145890,-1
34746.863,2,582363,2800,146470,-1
34746.904,1,586897,2800,146540,-1
34746.966,1,586956,700,145790,-1
34747.163,2,585062,1500,145220,1
34747.483,1,587346,400,147500,-1
34748.927,4,584672,329,145790,-1
34748.927,4,586489,200,145790,-1
34748.927,4,586956,171,145790,-1
34749.005,1,588520,200,145790,-1
34749.168,2,585209,800,145410,1
34749.217,1,588654,800,145990,-1
34749.252,2,586956,529,145790,-1
34749.302,1,588709,1500,145320,1
34749.304,2,586897,2800,146540,-1
34749.344,1,588740,1400,146470,-1
34749.347,2,588520,200,145790,-1
34749.364,1,588755,529,145890,-1
34749.37,2,588709,1500,145320,1
34749.567,1,588928,200,145790,-1
34749.628,2,588928,200,145790,-1
34749.661,2,588740,1400,146470,-1
34749.703,1,589030,2800,146540,-1
34749.761,1,589098,800,145510,1
34751.116,1,590102,200,145610,1
34753.425,1,591805,200,145740,1
34753.551,2,590102,200,145610,1
34753.555,1,591907,200,145750,1
34754.218,2,588654,800,145990,-1
34754.354,1,592524,800,145990,-1
34754.759,2,589098,800,145510,1
34754.902,1,592922,800,145510,1
34755.307,4,585955,150,145800,-1
34756.678,2,591907,200,145750,1
34759.359,2,592524,800,145990,-1
34759.369,2,588755,529,145890,-1
34759.439,5,594260,200,145760,1
34759.495,1,596504,800,145990,-1
34759.625,1,596592,529,145890,-1
34759.911,2,592922,800,145510,1
34760.041,1,596984,800,145510,1
34760.548,2,596504,800,145990,-1
34760.81,1,597618,800,146090,-1
34761.109,1,597850,1000,145100,1
34762.711,1,599052,200,145750,1
34763.514,2,589030,2800,146540,-1
34763.553,1,599748,2800,146610,-1
34765.039,2,596984,800,145510,1
34765.192,1,601260,800,145510,1
34765.517,2,601260,800,145510,1
34765.67,1,601656,1200,146100,-1
34765.776,2,222674,200,138400,1
34765.809,2,597618,800,146090,-1
34765.848,1,601818,800,145610,1
34766.385,1,602244,800,146090,-1
34767.709,2,599052,200,145750,1
34767.862,1,603465,200,145710,1
34768.492,1,603893,200,145750,1
34769.629,2,596592,529,145890,-1
34769.965,1,605052,529,145890,-1
34770.653,4,585955,13,145800,-1
34770.689,2,599748,2800,146610,-1
34770.735,1,605622,2800,146540,-1
34770.735,2,603465,200,145710,1
34770.85,2,601818,800,145610,1
34770.978,1,605890,800,145610,1
34771.052,1,605967,200,145790,-1
34771.111,2,605967,200,145790,-1
34771.389,2,602244,800,146090,-1
34771.528,1,606376,800,146090,-1
34771.607,2,605622,2800,146540,-1
34771.646,1,606461,1400,146540,-1
34771.76,2,606461,1400,146540,-1
34771.809,1,606644,1400,146540,-1
34772.007,2,606644,1400,146540,-1
34772.048,1,606856,2800,146610,-1
34772.13,1,606938,200,145710,1
34772.625,2,605890,800,145610,1
34772.955,1,607634,800,145510,1
34773.055,2,606856,2800,146610,-1
34773.097,1,607775,1400,146540,-1
34773.127,2,606938,200,145710,1
34773.335,2,607775,1400,146540,-1
34773.376,1,608029,2800,146540,-1
34773.429,2,591805,200,145740,1
34773.929,1,608577,200,145990,-1
34775.828,1,610504,400,145800,-1
34775.873,5,606014,1000,145770,1
34775.97,2,608577,200,145990,-1
34776.158,1,610819,200,145890,-1
34776.529,2,606376,800,146090,-1
34776.674,1,611191,800,146090,-1
34776.739,2,607634,800,145510,1
34776.835,2,610819,200,145890,-1
34777.121,4,603893,200,145750,1
34777.214,1,611623,800,145610,1
34777.272,1,611674,1500,145320,1
34777.395,2,608029,2800,146540,-1
34777.447,1,611796,1400,146540,-1
34777.681,2,611796,1400,146540,-1
34777.721,1,611999,2800,146610,-1
34777.891,1,612160,200,145710,1
34777.944,4,612160,200,145710,1
34778.444,1,612602,200,145310,1
34778.472,2,611674,1500,145320,1
34778.508,2,612602,200,145310,1
34778.834,2,610504,400,145800,-1
34779.046,2,611999,2800,146610,-1
34779.086,1,613161,1400,146610,-1
34779.156,2,613161,1400,146610,-1
34779.203,1,613252,2800,146610,-1
34779.415,2,564049,200,145100,1
34779.459,2,613252,2800,146610,-1
34779.504,1,613453,1400,146610,-1
34779.857,2,613453,1400,146610,-1
34779.898,1,613802,2800,146680,-1
34779.969,2,605052,529,145890,-1
34780.041,1,613919,400,145100,1
34780.093,1,613958,529,145890,-1
34781.012,2,613802,2800,146680,-1
34781.049,1,614828,2800,146610,-1
34781.679,2,611191,800,146090,-1
34781.817,1,615562,800,146090,-1
34782.068,2,179943,200,151890,-1
34782.221,2,611623,800,145610,1
34782.357,1,616014,800,145610,1
34782.366,1,616024,1500,145420,1
34782.61,1,616223,150,145700,1
34782.744,1,616361,200,145510,1
34783.361,5,611571,700,145780,-1
34783.434,1,616847,200,145750,-1
34783.535,2,616361,200,145510,1
34783.538,1,616918,200,145610,1
34783.58,4,616847,200,145750,-1
34783.681,5,616972,200,145780,-1
34783.787,2,616918,200,145610,1
34784.095,1,617391,200,145510,1
34784.695,4,585955,700,145800,-1
34784.772,2,617391,200,145510,1
34784.776,1,617966,200,145610,1
34785.113,2,616024,1500,145420,1
34785.207,2,617966,200,145610,1
34785.268,4,585955,137,145800,-1
34786.301,2,597850,1000,145100,1
34786.82,2,615562,800,146090,-1
34786.947,1,619573,800,146090,-1
34787.011,2,614828,2800,146610,-1
34787.059,1,619633,2800,146540,-1
34787.144,1,619707,200,145990,-1
34787.359,2,616014,800,145610,1
34787.472,2,619707,200,145990,-1
34787.504,1,619961,800,145610,1
34788.052,2,619633,2800,146540,-1
34788.099,1,620466,1400,146540,-1
34788.386,2,620466,1400,146540,-1
34788.424,1,620694,2800,146540,-1
34788.711,1,620933,200,145990,-1
34788.94,1,621151,500,145800,-1
34789.095,2,620933,200,145990,-1
34789.252,1,621450,200,145890,-1
34790.1,2,613958,529,145890,-1
34790.233,1,622230,429,145890,-1
34791.157,2,621450,200,145890,-1
34791.95,2,619573,800,146090,-1
34791.995,2,620694,2800,146540,-1
34792.039,1,623600,2800,146610,-1
34792.1,1,623646,800,146090,-1
34792.51,2,619961,800,145610,1
34792.634,1,624005,800,145610,1
34792.693,1,624057,200,145310,1
34793.25,2,624057,200,145310,1
34793.743,4,621151,500,145800,-1
34793.837,2,616223,150,145700,1
34794.02,1,625245,150,145800,1
34795.183,2,623600,2800,146610,-1
34795.222,1,626142,2800,146750,-1
34795.223,4,625245,150,145800,1
34795.404,5,626169,86,145870,-1
34795.542,1,626486,1500,145520,1
34796.4,1,627404,400,145800,1
34796.459,2,581786,150,145600,1
34796.468,2,581788,150,145600,1
34796.475,2,581790,150,145600,1
34796.48,2,581793,150,145600,1
34796.489,1,627518,200,145610,1
34796.491,2,581796,150,145600,1
34796.497,2,581798,150,145600,1
34796.505,2,581808,150,145600,1
34796.513,2,581816,150,145600,1
34796.519,2,581825,150,145600,1
34796.525,1,627564,150,145700,1
34796.533,1,627576,150,145700,1
34796.539,1,627588,150,145700,1
34796.571,5,627497,214,145870,-1
34796.571,4,622230,429,145890,-1
34796.571,4,541879,657,145900,-1
34796.64,1,627704,150,145700,1
34796.648,1,627714,150,145700,1
34796.653,1,627723,150,145700,1
34796.659,1,627727,150,145700,1
34796.662,1,627729,150,145700,1
34796.67,1,627736,300,145890,-1
34796.733,1,627784,150,145700,1
34796.743,1,627794,150,145700,1
34796.748,1,627799,150,145700,1
34796.752,1,627805,150,145700,1
34797.1,2,623646,800,146090,-1
34797.231,1,628190,800,146090,-1
34797.64,2,624005,800,145610,1
34797.891,1,628880,800,145610,1
34798.197,2,626142,2800,146750,-1
34798.237,1,629188,1400,146680,-1
34798.702,2,629188,1400,146680,-1
34798.726,2,627736,300,145890,-1
34798.742,1,629600,2800,146680,-1
34798.744,1,629603,100,145810,1
34798.885,1,629734,130,143000,1
34798.986,2,601656,1200,146100,-1
34799.359,2,629600,2800,146680,-1
34799.397,1,630177,1400,146680,-1
34799.455,1,630231,1200,146200,-1
34800.16,2,627404,400,145800,1
34800.405,5,629940,8,145860,1
34801.49,2,627518,200,145610,1
34801.669,1,632140,200,145610,1
34801.767,2,630177,1400,146680,-1
34801.805,1,632313,2800,146680,-1
34802.09,2,627704,150,145700,1
34802.094,2,627714,150,145700,1
34802.179,2,627723,150,145700,1
34802.182,2,627727,150,145700,1
34802.186,2,627729,150,145700,1
34802.191,2,627784,150,145700,1
34802.198,2,627794,150,145700,1
34802.202,2,627799,150,145700,1
34802.205,2,627805,150,145700,1
34802.212,2,627564,150,145700,1
34802.215,2,627576,150,145700,1
34802.219,2,627588,150,145700,1
34802.23,2,628190,800,146090,-1
34802.374,1,632786,800,146090,-1
34802.89,2,628880,800,145610,1
34803.025,1,633383,800,145610,1
34803.295,1,633618,5000,145800,1
34803.308,1,633634,250,144900,1
34804.307,5,632509,100,145850,1
34804.333,5,633628,100,145830,1
34804.358,5,633628,100,145830,1
34804.376,5,633628,100,145830,1
34804.4,5,633628,100,145830,1
34804.434,5,633628,100,145830,1
34804.451,5,633628,100,145830,1
34804.485,5,633628,100,145830,1
34804.499,5,633628,100,145830,1
34804.522,5,633628,100,145830,1
34804.55,5,633628,100,145830,1
34804.761,2,108742,2900,155900,-1
34805.254,1,635296,900,145900,-1
34805.357,1,635395,3100,155900,-1
34805.803,2,632140,200,145610,1
34806.458,1,636372,200,145610,1
34806.794,2,636372,200,145610,1
34806.798,1,636655,437,145880,-1
34807.039,2,629603,100,145810,1
34807.067,2,632786,800,146090,-1
34807.134,1,636973,1600,146300,-1
34807.136,1,636977,2300,145400,1
34807.191,1,637036,800,146190,-1
34807.197,2,626486,1500,145520,1
34807.201,5,636696,200,145860,-1
34807.959,1,637766,1500,145520,1
34808.032,2,633383,800,145610,1
34808.165,1,637968,800,145610,1
34808.499,5,636897,1000,145830,1
34808.499,4,633618,4000,145800,1
34808.867,4,633618,300,145800,1
34809.209,2,632313,2800,146680,-1
34809.25,1,638957,2800,146750,-1
34809.265,1,638975,200,145510,1
34809.372,1,639080,150,145800,1
34809.496,2,638975,200,145510,1
34809.787,1,639453,200,145610,1
34809.799,2,637036,800,146190,-1
34809.917,1,639573,800,146090,-1
34811.254,4,633618,700,145800,1
34811.254,4,639080,150,145800,1
34811.348,2,639453,200,145610,1
34813.17,2,637968,800,145610,1
34813.191,1,642315,1000,145800,1
34813.216,4,642315,50,145800,1
34813.307,1,642408,800,145610,1
34813.441,1,642520,100,145880,-1
34813.58,1,642662,200,145510,1
34814.187,2,639573,800,146090,-1
34814.412,1,643306,800,146190,-1
34814.633,2,638957,2800,146750,-1
34814.659,2,642662,200,145510,1
34814.675,1,643531,1400,146680,-1
34814.825,2,643531,1400,146680,-1
34814.864,1,643702,2800,146750,-1
34814.94,1,643775,200,145510,1
34815.148,2,643702,2800,146750,-1
34815.186,1,643949,1400,146750,-1
34815.867,2,643949,1400,146750,-1
34815.905,1,644622,2800,146750,-1
34816.088,4,642315,37,145800,1
34816.159,2,643775,200,145510,1
34816.162,1,644839,200,145610,1
34816.242,2,636655,437,145880,-1
34816.368,2,644839,200,145610,1
34816.709,1,645316,200,145510,1
34817.193,5,645290,100,145870,-1
34818.225,5,645290,79,145870,-1
34818.268,1,646498,150,145800,1
34818.31,2,642408,800,145610,1
34818.382,2,645316,200,145510,1
34818.384,1,646567,200,145610,1
34818.448,1,646605,800,145610,1
34818.497,1,646649,2000,145700,1
34819.41,2,643306,800,146190,-1
34819.456,4,642520,100,145880,-1
34819.457,2,644622,2800,146750,-1
34819.496,1,647344,2800,146830,-1
34819.516,2,637766,1500,145520,1
34819.517,5,647336,911,145890,-1
34819.517,4,541879,989,145900,-1
34819.543,1,647383,800,146190,-1
34819.594,4,541879,1000,145900,-1
34819.598,2,646567,200,145610,1
34819.601,1,647445,200,145510,1
34819.618,2,647344,2800,146830,-1
34819.66,1,647492,1400,146750,-1
34820.172,2,647492,1400,146750,-1
34820.211,1,648027,2800,146750,-1
34821.675,2,648027,2800,146750,-1
34821.694,2,647445,200,145510,1
34821.716,1,649130,2800,146830,-1
34822.903,1,650170,800,145800,1
34822.936,4,541879,300,145900,-1
34823.004,1,650287,150,145800,1
34823.009,1,650291,150,145800,1
34823.012,1,650294,150,145800,1
34823.015,1,650296,150,145800,1
34823.018,1,650303,150,145800,1
34823.024,1,650311,150,145800,1
34823.027,1,650315,150,145800,1
34823.03,1,650317,150,145800,1
34823.094,1,650354,150,145800,1
34823.098,1,650357,150,145800,1
34823.103,1,650358,150,145800,1
34823.451,2,646605,800,145610,1
34823.568,1,650790,1500,145620,1
34823.598,1,650808,800,145610,1
34823.677,2,630231,1200,146200,-1
34823.897,4,541879,1000,145900,-1
34823.927,4,541879,500,145900,-1
34824.043,1,651235,200,145610,1
34824.083,1,651265,200,145500,1
34824.541,2,647383,800,146190,-1
34824.572,4,541879,554,145900,-1
34824.572,4,635296,900,145900,-1
34824.66,1,651712,1500,146380,-1
34824.685,1,651747,800,146190,-1
34824.951,2,650808,800,145610,1
