34200.056,4,168480,45,150800,1
34200.087,4,168480,300,150800,1
34200.091,1,175961,15,175000,-1
34200.095,4,168480,500,150800,1
34200.139,4,168480,35,150800,1
34200.153,4,168480,220,150800,1
34200.153,4,174332,500,150800,1
34200.344,1,176103,200,151100,-1
34200.39,2,175577,2800,150500,1
34200.47,1,176213,1400,150500,1
34200.737,2,176213,1400,150500,1
34200.798,5,176008,90,150750,1
34200.814,1,176498,81,110000,1
34200.817,1,176502,2800,150500,1
34201.36,2,176502,2800,150500,1
34201.362,2,175744,1400,151290,-1
34201.443,1,176862,2800,150570,1
34201.448,1,176869,2800,151360,-1
34202.421,2,172686,500,151400,-1
34203.202,2,176862,2800,150570,1
34203.205,2,176869,2800,151360,-1
34203.282,1,178030,1400,150640,1
34203.285,1,178034,2800,151430,-1
34203.362,2,178030,1400,150640,1
34203.428,1,178103,500,152800,-1
34203.441,1,178114,2800,150640,1
34204.018,1,178445,500,150700,1
34204.46,5,176127,1000,151080,-1
34204.529,5,176127,149,151080,-1
34204.529,5,176797,851,151080,-1
34204.698,5,178505,1000,151080,-1
34204.698,5,176130,600,151090,-1
34204.698,4,176103,200,151100,-1
34204.763,2,178114,2800,150640,1
34204.765,2,178034,2800,151430,-1
34204.796,1,178891,150,151100,1
34204.847,1,178949,1400,150710,1
34204.849,1,178951,2800,151500,-1
34205.141,1,179169,1000,151490,-1
34205.641,5,179194,100,151220,1
34205.689,2,178445,500,150700,1
34205.697,1,179646,500,151100,1
34205.793,1,179711,3500,152090,-1
34205.975,1,179872,1000,151040,1
34206.203,2,178949,1400,150710,1
34206.206,2,178951,2800,151500,-1
34206.283,1,180073,2800,150640,1
34206.288,1,180074,1400,151430,-1
34206.312,2,179169,1000,151490,-1
34206.329,1,180109,1000,151420,-1
34206.35,2,180074,1400,151430,-1
34206.428,1,180141,1400,151430,-1
34206.732,2,180141,1400,151430,-1
34206.813,1,180421,2800,151430,-1
34207.485,1,180884,200,2104200,-1
34207.782,2,179872,1000,151040,1
34208.273,2,180421,2800,151430,-1
34208.355,1,181359,1400,151430,-1
34208.393,2,180073,2800,150640,1
34208.395,2,181359,1400,151430,-1
34208.475,1,181464,2800,150710,1
34208.477,1,181468,2800,151500,-1
34208.657,1,181584,900,151200,1
34210.367,1,182571,5000,151000,1
34211.051,2,181464,2800,150710,1
34211.055,2,181468,2800,151500,-1
34211.137,1,183221,2800,150640,1
34211.139,1,183223,2800,151430,-1
34211.42,2,183223,2800,151430,-1
34211.499,1,183486,2800,151500,-1
34211.59,2,183221,2800,150640,1
34211.659,2,179646,500,151100,1
34211.66,5,181740,751,151320,1
34211.66,5,181749,249,151320,1
34211.683,1,183652,1400,150710,1
34211.703,2,183652,1400,150710,1
34211.712,1,183679,2000,151200,1
34211.787,1,183751,2800,150640,1
34211.874,2,183486,2800,151500,-1
34211.956,1,183859,2800,151430,-1
34212.251,2,183859,2800,151430,-1
34212.329,1,184104,2800,151430,-1
34212.541,2,74880,5900,150010,1
34212.61,2,184104,2800,151430,-1
34212.689,1,184355,1400,151430,-1
34212.747,2,183751,2800,150640,1
34212.749,2,184355,1400,151430,-1
34212.826,1,184500,2800,150710,1
34212.828,1,184501,2800,151500,-1
34212.946,5,181749,751,151320,1
34212.946,5,181595,1200,151220,1
34212.946,5,181600,149,151210,1
34212.987,5,181600,451,151210,1
34212.987,4,181584,449,151200,1
34213.384,2,184500,2800,150710,1
34213.385,2,184501,2800,151500,-1
34213.462,1,184915,2800,150640,1
34213.464,1,184917,2800,151430,-1
34215.412,4,181584,451,151200,1
34215.412,4,183679,2000,151200,1
34215.412,1,186056,1049,151200,-1
34216.068,2,184917,2800,151430,-1
34216.079,2,184915,2800,150640,1
34216.125,1,186443,9400,151200,-1
34216.148,1,186456,2800,151580,-1
34216.161,1,186466,2800,150710,1
34216.385,5,186450,200,151180,-1
34216.602,5,186450,1000,151180,-1
34216.602,4,186056,500,151200,-1
34216.714,2,186056,549,151200,-1
34216.936,2,178891,150,151100,1
34216.955,1,186934,3000,151200,-1
34216.958,2,186456,2800,151580,-1
34217.029,1,186969,5800,150510,1
34217.037,1,186976,2800,151500,-1
34217.045,5,186930,150,151190,-1
34217.186,5,186930,450,151190,-1
34217.186,4,186443,1450,151200,-1
34217.504,4,186443,5000,151200,-1
34217.629,2,186443,2950,151200,-1
34219.404,4,186934,3000,151200,-1
34220.185,5,187904,100,151100,1
34220.185,5,188105,100,151100,1
34221.612,2,186976,2800,151500,-1
34221.691,1,189420,1400,151500,-1
34221.716,1,189440,150,151100,1
34221.835,2,189420,1400,151500,-1
34221.914,1,189530,2800,151500,-1
34222.33,1,189716,1000,151100,1
34222.501,2,189716,1000,151100,1
34222.697,2,180884,200,2104200,-1
34223.676,1,190391,500,90000,1
34223.678,1,190393,500,80000,1
34223.729,1,190429,1000,151100,1
34224.291,2,186466,2800,150710,1
34224.372,1,190749,1400,150710,1
34225.771,2,190749,1400,150710,1
34225.772,2,189530,2800,151500,-1
34225.853,1,191416,2800,150640,1
34225.855,1,191420,1400,151430,-1
34226.311,2,191416,2800,150640,1
34226.313,2,191420,1400,151430,-1
34226.392,1,191648,1400,150710,1
34226.395,1,191651,2800,151500,-1
34226.491,2,191648,1400,150710,1
34226.492,2,191651,2800,151500,-1
34226.57,1,191743,2800,150640,1
34226.572,1,191746,1400,151430,-1
34227.169,1,191987,600,150920,1
34227.396,2,191746,1400,151430,-1
34227.476,1,192093,2800,151430,-1
34227.714,1,192236,600,151880,-1
34227.973,5,189448,1150,151120,1
34228.075,1,192423,2100,152200,-1
34228.077,1,192424,2200,151100,1
34228.122,5,189448,50,151120,1
34228.122,5,189449,600,151110,1
34228.122,5,191505,1900,151110,1
34228.122,4,189440,150,151100,1
34228.122,4,190429,650,151100,1
34228.136,4,190429,350,151100,1
34228.136,4,192424,2200,151100,1
34228.474,2,191743,2800,150640,1
34228.476,2,192093,2800,151430,-1
34228.553,1,192716,2800,150710,1
34228.555,1,192718,2800,151500,-1
34229.51,1,193273,140,279800,-1
34229.824,1,193431,2200,149400,1
34229.998,5,193346,400,151100,1
34231.103,2,192716,2800,150710,1
34231.104,2,192718,2800,151500,-1
34231.185,1,194123,1400,150780,1
34231.187,1,194126,2800,151580,-1
34231.623,2,194123,1400,150780,1
34231.702,1,194435,2800,150780,1
34231.944,1,194612,32,151300,1
34231.951,4,194612,32,151300,1
34232.072,2,193273,140,279800,-1
34232.563,1,194904,500,151500,-1
34233.995,1,195691,1000,151100,1
34234.03,4,195691,50,151100,1
34234.18,1,195775,50,151100,1
34234.257,1,195817,549,151190,-1
34234.457,2,195691,950,151100,1
34234.484,2,195775,50,151100,1
34234.593,2,194435,2800,150780,1
34234.597,2,194126,2800,151580,-1
34234.61,2,191987,600,150920,1
34234.613,2,192236,600,151880,-1
34234.617,2,192423,2100,152200,-1
34234.621,1,196017,1400,151900,-1
34234.625,1,196021,600,150820,1
34234.675,1,196064,2800,150710,1
34234.68,1,196069,2800,151500,-1
34235.2,1,196449,600,151780,-1
34236.51,4,195817,500,151190,-1
34236.571,4,195817,32,151190,-1
34236.574,4,195817,17,151190,-1
34236.989,1,197644,83,151300,1
34237.003,4,197644,83,151300,1
34238.533,2,196069,2800,151500,-1
34238.62,1,198599,1400,151500,-1
34239.571,2,196064,2800,150710,1
34239.572,2,198599,1400,151500,-1
34239.65,1,199198,1400,150780,1
34239.652,1,199201,2800,151580,-1
34239.678,2,199198,1400,150780,1
34239.757,1,199287,2800,150780,1
34239.918,2,199287,2800,150780,1
34239.997,1,199390,1400,150780,1
34240.129,2,199390,1400,150780,1
34240.207,1,199474,1400,150780,1
34240.637,1,199675,4000,153400,-1
34240.878,2,199474,1400,150780,1
34240.957,1,199819,2800,150780,1
34241.006,2,199819,2800,150780,1
34241.108,1,199901,1400,150780,1
34241.697,1,200180,150,151200,1
34241.852,1,200249,5000,151100,1
34242.024,2,196021,600,150820,1
34242.027,2,196449,600,151780,-1
34242.137,1,200390,600,150920,1
34242.246,2,199901,1400,150780,1
34242.309,2,200390,600,150920,1
34242.324,1,200461,2800,150710,1
34242.512,2,200461,2800,150710,1
34242.562,1,200610,1000,150100,1
34242.591,1,200636,2800,150780,1
34242.699,1,200723,600,150920,1
34243.248,1,200995,600,151880,-1
34243.813,2,200723,600,150920,1
34243.815,2,200995,600,151880,-1
34243.919,1,201375,600,151020,1
34244.467,1,201684,600,151980,-1
34245.792,2,200636,2800,150780,1
34245.794,2,199201,2800,151580,-1
34245.873,1,202463,2800,150850,1
34245.875,1,202465,2800,151650,-1
34245.951,2,180109,1000,151420,-1
34245.968,1,202523,1000,151490,-1
34246.725,1,202985,500,150800,1
34246.931,2,202463,2800,150850,1
34246.948,2,202465,2800,151650,-1
34247.011,1,203098,2800,150780,1
34247.026,1,203106,1400,151580,-1
34247.092,2,203098,2800,150780,1
34247.093,2,203106,1400,151580,-1
34247.17,1,203187,1400,150850,1
34247.172,1,203189,2800,151650,-1
34247.186,2,203187,1400,150850,1
34247.264,1,203226,2800,150850,1
34247.54,4,200180,100,151200,1
34247.767,2,194904,500,151500,-1
34248.287,1,203813,5000,151200,1
34248.714,2,203226,2800,150850,1
34248.717,2,203189,2800,151650,-1
34248.798,1,204054,2800,150780,1
34248.801,1,204058,2800,151580,-1
34250.947,2,204054,2800,150780,1
34251.025,1,205128,1400,150780,1
34251.066,2,205128,1400,150780,1
34251.068,2,204058,2800,151580,-1
34251.111,2,201375,600,151020,1
34251.113,2,201684,600,151980,-1
34251.115,1,205188,600,151880,-1
34251.145,1,205208,2800,150710,1
34251.147,1,205212,2800,151500,-1
34251.42,5,203557,525,151250,1
34251.42,5,203394,200,151240,1
34251.42,4,200180,50,151200,1
34251.42,4,203813,4225,151200,1
34251.65,1,205449,600,150920,1
34252.196,2,200249,5000,151100,1
34252.222,2,203813,775,151200,1
34252.248,1,205727,1000,151010,1
34252.549,2,205212,2800,151500,-1
34252.627,1,205890,1400,151500,-1
34252.921,2,205208,2800,150710,1
34252.922,2,205890,1400,151500,-1
34252.999,1,206097,1400,150780,1
34253.001,1,206098,2800,151580,-1
34253.156,2,206097,1400,150780,1
34253.235,1,206204,2800,150780,1
34255.668,5,202942,100,151200,1
34255.668,1,207357,100,151200,-1
34255.933,2,205449,600,150920,1
34255.935,2,205188,600,151880,-1
34256.043,1,207566,600,150820,1
34256.588,1,207773,600,151780,-1
34256.895,1,207918,200,141500,1
34257.838,2,193431,2200,149400,1
34257.84,1,208312,2200,150700,1
34257.974,4,207357,100,151200,-1
34259.997,1,209235,700,151300,1
34260.46,2,206204,2800,150780,1
34260.461,2,206098,2800,151580,-1
34260.505,2,207566,600,150820,1
34260.509,2,207773,600,151780,-1
34260.538,1,209506,1400,150850,1
34260.541,1,209508,2800,151650,-1
34260.591,1,209551,600,150920,1
34261.136,1,209810,600,151880,-1
34261.464,2,209551,600,150920,1
34261.465,2,209810,600,151880,-1
34261.697,1,210071,600,151020,1
34261.906,2,210071,600,151020,1
34261.907,2,209506,1400,150850,1
34261.91,2,209508,2800,151650,-1
34261.97,2,202523,1000,151490,-1
34261.987,1,210177,2800,150780,1
34261.989,1,210180,2800,151580,-1
34262.232,1,210312,150,151300,1
34262.243,1,210316,600,151880,-1
34262.634,5,209867,500,151340,1
34262.817,1,210624,600,150920,1
34263.012,2,210624,600,150920,1
34263.015,2,210316,600,151880,-1
34263.091,4,209235,200,151300,1
34263.211,4,209235,200,151300,1
34263.369,1,210833,600,151980,-1
34263.964,1,211076,600,151020,1
34264.903,1,211495,2000,151300,1
34265.753,1,211873,400,151200,1
34267.195,2,202985,500,150800,1
34268.348,2,210177,2800,150780,1
34268.35,2,210180,2800,151580,-1
34268.36,1,213053,1000,151590,-1
34268.427,1,213109,2800,150850,1
34268.431,1,213113,2800,151650,-1
34269.575,1,213696,1000,151300,1
34271.397,2,182571,5000,151000,1
34271.784,2,213053,1000,151590,-1
34272.239,1,214820,2000,151300,1
34272.244,2,210312,150,151300,1
34272.339,1,214846,150,151400,1
34272.366,2,211495,2000,151300,1
34272.94,1,215127,1000,152300,-1
34273.373,2,210833,600,151980,-1
34273.467,1,215332,600,151980,-1
34273.57,5,215264,500,151450,-1
34273.57,5,215151,400,151480,-1
34273.963,2,211076,600,151020,1
34274.028,1,215570,600,151020,1
34274.181,2,213109,2800,150850,1
34274.275,1,215682,1400,150850,1
34274.411,5,215464,200,151480,-1
34274.473,4,214846,100,151400,1
34274.481,2,215682,1400,150850,1
34274.484,2,213113,2800,151650,-1
34274.567,1,215843,2800,150780,1
34274.569,1,215845,2800,151580,-1
34274.623,1,215886,1000,151400,1
34275.707,1,216420,500,151300,1
34276.029,2,215570,600,151020,1
34276.033,2,215332,600,151980,-1
34276.135,1,216643,600,151120,1
34276.142,1,216648,400,151500,1
34276.307,2,216643,600,151120,1
34276.337,5,216617,100,151530,-1
34276.337,5,207495,900,151570,-1
34276.71,1,216940,600,151980,-1
34276.729,1,216956,1490,150800,1
34276.874,2,215845,2800,151580,-1
34276.879,2,215843,2800,150780,1
34276.905,1,217030,2800,151650,-1
34276.91,5,216808,100,151540,-1
34276.91,5,207495,1000,151570,-1
34276.916,1,217044,2800,150850,1
34276.996,5,217051,100,151550,-1
34276.996,4,133149,100,151600,-1
34277.254,4,133149,260,151600,-1
34277.266,1,217185,600,151020,1
34277.28,5,217182,500,151600,-1
34277.353,2,215886,1000,151400,1
34277.808,2,217185,600,151020,1
34277.81,2,216940,600,151980,-1
34277.915,1,217413,600,152080,-1
34278.461,1,217621,600,151120,1
34278.816,2,217044,2800,150850,1
34278.818,2,217030,2800,151650,-1
34278.847,1,217772,2800,150920,1
34278.849,1,217775,2800,151720,-1
34280.133,5,218414,40,151600,-1
34280.549,2,217772,2800,150920,1
34280.585,1,218632,1400,150920,1
34280.873,1,218796,500,151200,1
34281.16,2,218632,1400,150920,1
34281.162,2,217775,2800,151720,-1
34281.173,1,218923,1000,151790,-1
34281.195,1,218944,2800,150850,1
34281.197,1,218949,1400,151650,-1
34281.235,2,218949,1400,151650,-1
34281.27,1,219008,2800,151650,-1
34281.471,2,217621,600,151120,1
34281.474,2,217413,600,152080,-1
34281.595,1,219136,600,151980,-1
34281.713,5,218414,150,151600,-1
34282.151,1,219373,600,151020,1
34282.281,2,214846,50,151400,1
34282.381,5,218414,50,151600,-1
34284.389,2,218944,2800,150850,1
34284.392,2,219008,2800,151650,-1
34284.422,1,220302,2800,150780,1
34284.423,1,220303,1400,151580,-1
34284.427,2,175705,94,150700,1
34284.507,4,220303,94,151580,-1
34284.688,2,220303,1306,151580,-1
34284.719,1,220467,2706,151580,-1
34285.827,1,221029,1000,151500,1
34286.485,2,220467,2706,151580,-1
34286.516,1,221315,1400,151580,-1
34287.157,2,220302,2800,150780,1
34287.158,2,221315,1400,151580,-1
34287.188,1,221601,1400,150850,1
34287.189,1,221602,2706,151650,-1
34287.373,2,221601,1400,150850,1
34287.403,1,221685,2800,150850,1
34287.605,2,219373,600,151020,1
34287.606,2,219136,600,151980,-1
34287.712,1,221808,600,152080,-1
34288.259,1,221999,600,151120,1
34288.845,2,23876,400,139100,1
34289.528,1,222437,5000,151600,-1
34289.712,2,216648,400,151500,1
34290.582,2,211873,400,151200,1
34291.595,2,221808,600,152080,-1
34291.598,1,223210,600,151980,-1
34291.6,2,221999,600,151120,1
34291.734,2,214820,2000,151300,1
34292.137,1,223428,600,151020,1
34292.378,4,221029,1000,151500,1
34292.39,2,205727,1000,151010,1
34292.404,5,223044,200,151420,1
34292.405,1,223527,1000,151310,1
34292.752,1,223695,200,151600,-1
34294.281,2,223527,1000,151310,1
34294.308,1,224308,200,151500,-1
34294.311,1,224309,500,151310,1
34294.343,1,224328,400,150810,1
34294.607,2,224309,500,151310,1
34294.793,1,224484,500,151590,-1
34294.808,2,223428,600,151020,1
34294.81,2,223210,600,151980,-1
34294.828,2,223695,200,151600,-1
34294.902,2,222437,5000,151600,-1
34294.914,1,224513,600,150920,1
34295.009,1,224537,5000,151400,-1
34295.095,1,224573,200,151500,-1
34295.463,1,224673,600,151880,-1
34295.796,2,179711,3500,152090,-1
34295.974,1,224869,3500,152090,-1
34296.156,4,224537,3000,151400,-1
34296.333,2,224573,200,151500,-1
34296.343,2,224484,500,151590,-1
34296.633,1,225100,200,151400,-1
34296.849,5,225068,5600,151390,-1
34296.945,2,225100,200,151400,-1
34297.14,4,224537,2000,151400,-1
34297.367,2,224328,400,150810,1
34298.222,1,225706,57,151320,1
34298.761,5,225902,100,151450,-1
34298.999,5,225312,1200,151480,-1
34298.999,5,225316,600,151490,-1
34298.999,4,224308,200,151500,-1
34299.652,2,221685,2800,150850,1
34299.654,2,221602,2706,151650,-1
34299.696,1,226294,2800,150780,1
34299.698,1,226295,1400,151580,-1
34299.732,2,224513,600,150920,1
34299.735,2,224673,600,151880,-1
34299.738,1,226329,600,151780,-1
34299.763,1,226340,400,151990,-1
34299.941,2,226329,600,151780,-1
34299.984,2,226294,2800,150780,1
34299.984,2,226295,1400,151580,-1
34300.014,1,226430,1400,150850,1
34300.017,1,226431,2706,151650,-1
34300.279,1,226576,600,151880,-1
34300.285,1,226581,400,150810,1
34300.531,2,226340,400,151990,-1
34300.699,2,226430,1400,150850,1
34300.729,1,226800,2800,150850,1
34300.825,1,226845,600,150920,1
34301.248,2,226800,2800,150850,1
34301.249,2,226431,2706,151650,-1
34301.279,1,227001,2800,150780,1
34301.28,1,227004,2706,151580,-1
34302.287,4,227004,57,151580,-1
34303.032,1,227697,150,151500,1
34304.036,2,227004,2649,151580,-1
34304.07,1,228067,1400,151580,-1
34304.145,2,226845,600,150920,1
34304.147,2,226576,600,151880,-1
34304.247,1,228158,600,151980,-1
34304.318,2,228067,1400,151580,-1
34304.349,1,228201,2649,151650,-1
34304.551,2,228201,2649,151650,-1
34304.584,1,228313,1400,151580,-1
34304.614,2,228313,1400,151580,-1
34304.647,1,228348,2649,151650,-1
34304.754,2,226581,400,150810,1
34304.808,1,228421,400,150910,1
34304.81,1,228422,600,151020,1
34304.851,5,227705,400,151520,1
34305.141,5,227705,100,151520,1
34305.51,2,228348,2649,151650,-1
34305.545,1,228750,2649,151580,-1
34305.559,2,228421,400,150910,1
34306.937,2,227001,2800,150780,1
34306.94,2,228750,2649,151580,-1
34306.977,1,229412,2800,150710,1
34306.981,5,229383,700,151520,1
34306.981,5,229387,600,151510,1
34306.981,4,227697,100,151500,1
34306.993,2,228422,600,151020,1
34307.01,2,228158,600,151980,-1
34307.033,1,229469,600,151880,-1
34307.041,4,227697,50,151500,1
34307.041,1,229473,1199,151500,-1
34307.129,1,229517,400,151990,-1
34307.623,1,229821,600,150920,1
34307.645,2,229517,400,151990,-1
34307.648,1,229842,400,151890,-1
34307.942,2,229842,400,151890,-1
34308.156,1,230109,400,150810,1
34308.677,1,230377,375,134100,1
34309.329,2,229412,2800,150710,1
34309.33,2,229473,1199,151500,-1
34309.362,1,230658,1400,150780,1
34309.365,1,230660,1199,151580,-1
34311.241,2,230658,1400,150780,1
34311.271,1,231489,2800,150780,1
34311.299,1,231506,400,151890,-1
34311.327,2,230109,400,150810,1
34311.375,2,231506,400,151890,-1
34311.858,1,231729,400,150910,1
34312.746,1,232074,700,151500,1
34313.023,2,161794,300,149000,1
34313.026,2,161882,300,157000,-1
34313.381,1,232293,30,160000,-1
34313.542,2,231489,2800,150780,1
34313.576,1,232362,1400,150780,1
34313.723,5,230674,500,151560,-1
34314.322,5,230674,700,151560,-1
34314.322,4,230660,300,151580,-1
34315.483,2,232362,1400,150780,1
34315.514,1,233058,2800,150780,1
34315.666,2,233058,2800,150780,1
34315.697,1,233145,1400,150780,1
34316.485,1,233456,10000,152000,-1
34316.617,2,229821,600,150920,1
34316.619,2,229469,600,151880,-1
34316.714,1,233591,600,151980,-1
34316.801,1,233616,400,151890,-1
34317.023,2,233145,1400,150780,1
34317.056,1,233698,2800,150780,1
34317.091,2,233616,400,151890,-1
34317.271,1,233790,600,151020,1
34317.589,2,233698,2800,150780,1
34317.59,2,230660,899,151580,-1
34317.619,1,233924,2800,150710,1
34317.622,5,233048,899,151520,1
34317.704,2,233790,600,151020,1
34317.706,2,233591,600,151980,-1
34317.811,2,233924,2800,150710,1
34317.827,1,234045,600,151880,-1
34317.842,1,234052,2800,150850,1
34317.936,2,231729,400,150910,1
34317.954,2,234052,2800,150850,1
34317.963,2,234045,600,151880,-1
34317.975,1,234146,400,151990,-1
34318.13,1,234223,2800,151210,1
34318.131,1,234225,2800,152000,-1
34318.384,1,234348,600,152080,-1
34318.554,1,234423,600,151200,1
34318.727,1,234516,500,151500,1
34318.829,2,234223,2800,151210,1
34318.832,2,234225,2800,152000,-1
34318.844,2,234348,600,152080,-1
34318.868,1,234586,2800,151140,1
34318.869,1,234589,2800,151930,-1
34318.964,1,234642,600,151980,-1
34319.516,1,234913,600,151020,1
34320.934,2,234913,600,151020,1
34320.936,2,234642,600,151980,-1
34321.041,1,235478,600,152080,-1
34321.27,2,235478,600,152080,-1
34321.592,1,235678,600,152080,-1
34321.857,2,234586,2800,151140,1
34321.858,2,234589,2800,151930,-1
34321.865,1,235781,150,151600,1
34321.887,1,235786,1400,151210,1
34321.889,1,235787,2800,152000,-1
34321.906,2,235786,1400,151210,1
34321.939,1,235820,2800,151210,1
34322.182,1,235927,600,151120,1
34322.626,2,234146,400,151990,-1
34323.042,1,236398,400,151990,-1
34323.354,2,236398,400,151990,-1
34323.801,4,235781,150,151600,1
34323.978,2,213696,1000,151300,1
34325.723,1,237499,16500,151500,1
34326.085,2,215127,1000,152300,-1
34326.703,1,237874,1000,151510,1
34326.943,1,237990,1000,152800,-1
34327.163,2,235820,2800,151210,1
34327.165,2,235787,2800,152000,-1
34327.197,1,238095,2800,151140,1
34327.199,1,238098,1400,151930,-1
34327.302,2,225706,57,151320,1
34327.419,1,238240,400,151990,-1
34327.784,2,238098,1400,151930,-1
34327.815,1,238442,2800,151930,-1
34328.098,5,237899,301,151530,1
34328.098,5,237992,399,151520,1
34328.535,4,237874,800,151510,1
34328.662,1,238836,800,151510,1
34328.944,2,238240,400,151990,-1
34328.976,2,237874,200,151510,1
34329.004,2,238836,800,151510,1
34329.007,1,239034,400,151890,-1
34329.137,2,238095,2800,151140,1
34329.138,2,238442,2800,151930,-1
34329.174,1,239136,2800,151070,1
34329.176,1,239139,2800,151860,-1
34329.219,2,235678,600,152080,-1
34329.221,1,239173,600,151980,-1
34329.225,2,235927,600,151120,1
34329.703,4,232074,700,151500,1
34329.703,4,234516,500,151500,1
34329.703,4,237499,3600,151500,1
34329.739,1,239488,600,151020,1
34332.269,4,237499,1200,151500,1
34333.629,2,239136,2800,151070,1
34333.661,1,241594,1400,151070,1
34333.697,2,239034,400,151890,-1
34333.825,1,241713,400,151790,-1
34334.035,2,241594,1400,151070,1
34334.037,2,239139,2800,151860,-1
34334.07,1,241888,2800,151000,1
34334.073,1,241892,2800,151790,-1
34334.11,2,239173,600,151980,-1
34334.113,2,239488,600,151020,1
34334.123,1,241939,600,151880,-1
34334.651,1,242227,600,150920,1
34334.739,1,242274,800,151600,-1
34336.052,2,241892,2800,151790,-1
34336.082,1,242953,1400,151790,-1
34336.565,1,243154,10000,149000,1
34338.441,2,241888,2800,151000,1
34338.443,2,242953,1400,151790,-1
34338.478,1,244081,1400,151070,1
34338.479,1,244082,2800,151860,-1
34338.506,1,244105,400,150910,1
34338.636,2,244105,400,150910,1
34338.728,5,242586,1000,151510,1
34338.743,2,244081,1400,151070,1
34338.775,1,244246,2800,151070,1
34339.007,1,244388,400,151010,1
34340.291,1,245092,3000,154500,-1
34340.369,2,216956,1490,150800,1
34340.616,2,244246,2800,151070,1
34340.619,2,244082,2800,151860,-1
34340.65,1,245286,2800,151000,1
34340.652,1,245287,2800,151790,-1
34340.985,1,245462,1000,151600,-1
34341.003,1,245474,4490,151000,1
34343.042,1,246539,3000,151580,-1
34343.513,5,246569,100,151530,-1
34343.513,5,246549,200,151560,-1
34343.825,2,241713,400,151790,-1
34344.126,2,241939,600,151880,-1
34344.223,1,247089,400,151790,-1
34344.244,1,247097,600,151880,-1
34344.494,2,245287,2800,151790,-1
34344.525,1,247222,1400,151790,-1
34344.587,4,237499,1000,151500,1
34344.655,2,242227,600,150920,1
34344.832,1,247415,600,150920,1
34344.876,4,237499,10700,151500,1
34344.889,1,247431,1000,151310,1
34345.161,2,247089,400,151790,-1
34345.259,2,247415,600,150920,1
34345.261,2,247097,600,151880,-1
34345.329,2,247431,1000,151310,1
34345.367,1,247660,600,151780,-1
34345.385,1,247669,400,151890,-1
34345.476,2,245286,2800,151000,1
34345.478,2,247222,1400,151790,-1
34345.507,1,247737,1400,151070,1
34345.511,1,247742,2800,151860,-1
34345.696,5,247484,44,151480,-1
34345.945,5,247484,355,151480,-1
34345.945,5,247625,645,151500,-1
34345.951,1,247981,600,150820,1
34346.366,2,245462,1000,151600,-1
34346.454,1,248276,100,151500,-1
34346.631,1,248399,1000,151500,-1
34346.708,1,248452,800,151500,-1
34346.931,2,247737,1400,151070,1
34346.961,1,248579,2800,151070,1
34347.946,2,246539,3000,151580,-1
34348.442,2,247669,400,151890,-1
34348.569,1,249301,400,151790,-1
34349.006,2,244388,400,151010,1
34349.082,1,249562,400,151010,1
34349.914,2,242274,800,151600,-1
34351.411,2,248579,2800,151070,1
34351.442,1,250596,1400,151070,1
34352.006,1,250873,1500,151680,-1
34352.083,2,250596,1400,151070,1
34352.115,1,250919,2800,151070,1
34352.835,1,251295,150,151300,1
34353.064,2,250919,2800,151070,1
34353.099,1,251432,1400,151070,1
34354.101,2,248276,100,151500,-1
34354.189,1,251961,100,151400,-1
34354.264,2,251432,1400,151070,1
34354.265,2,247742,2800,151860,-1
34354.295,1,252001,2800,151000,1
34354.298,1,252003,2800,151790,-1
34354.534,2,252003,2800,151790,-1
34354.564,1,252154,1400,151790,-1
34354.628,2,251961,100,151400,-1
34354.7,1,252240,100,151500,-1
34354.878,2,252240,100,151500,-1
34355.099,1,252417,100,151400,-1
34355.366,2,247660,600,151780,-1
34355.512,1,252600,600,151780,-1
34355.956,2,247981,600,150820,1
34356.054,1,252807,600,150820,1
34356.926,2,252001,2800,151000,1
34356.929,2,252154,1400,151790,-1
34356.959,1,253290,1400,151070,1
34356.963,1,253298,2800,151860,-1
34357.449,2,253290,1400,151070,1
34357.48,1,253595,2800,151070,1
34357.52,2,253595,2800,151070,1
34357.551,1,253653,1400,151070,1
34357.802,2,251295,150,151300,1
34357.909,1,253850,150,151300,1
34358.576,2,249301,400,151790,-1
34358.675,2,253653,1400,151070,1
34358.677,2,253298,2800,151860,-1
34358.712,1,254258,2800,151000,1
34358.714,1,254260,1400,151790,-1
34358.955,2,254260,1400,151790,-1
34358.986,1,254419,2800,151790,-1
34359.086,2,249562,400,151010,1
34359.323,1,254577,400,151010,1
34359.796,2,254258,2800,151000,1
34359.797,2,254419,2800,151790,-1
34359.813,2,224869,3500,152090,-1
34359.827,1,254900,2800,151070,1
34359.828,1,254902,2800,151860,-1
34360.094,2,250873,1500,151680,-1
34361.312,2,252417,100,151400,-1
34361.409,1,255763,100,151500,-1
34361.432,1,255772,400,151790,-1
34361.998,1,256036,500,151010,1
34362.0,5,252846,400,151350,1
34362.0,5,253269,200,151320,1
34362.0,4,209235,300,151300,1
34362.551,1,256304,500,151590,-1
34362.567,1,256317,150,151300,1
34362.641,2,255763,100,151500,-1
34362.747,1,256450,100,151400,-1
34362.946,2,256450,100,151400,-1
34362.976,2,216420,500,151300,1
34363.22,2,254900,2800,151070,1
34363.223,2,254902,2800,151860,-1
34363.255,1,256678,2800,151000,1
34363.257,1,256679,1400,151790,-1
34363.351,1,256738,100,151500,-1
34363.37,2,256679,1400,151790,-1
34363.402,1,256779,2800,151790,-1
34363.46,2,254577,400,151010,1
34363.463,2,255772,400,151790,-1
34363.546,2,256738,100,151500,-1
34363.809,1,256972,400,150910,1
34363.997,2,253850,150,151300,1
34364.354,1,257307,400,151690,-1
34364.556,1,257431,100,151500,-1
34364.559,2,256304,500,151590,-1
34364.687,1,257500,500,151490,-1
34364.784,4,256317,150,151300,1
34364.941,2,257431,100,151500,-1
34365.031,1,257646,100,151400,-1
34365.481,2,248452,800,151500,-1
34365.516,2,252600,600,151780,-1
34365.713,1,257934,600,151780,-1
34365.788,2,256036,500,151010,1
34365.903,1,258007,500,150910,1
34366.043,2,252807,600,150820,1
34366.045,2,257934,600,151780,-1
34366.171,1,258127,800,151400,-1
34366.259,1,258149,600,150720,1
34366.838,1,258513,600,151680,-1
34368.707,2,256678,2800,151000,1
34368.708,2,256779,2800,151790,-1
34368.737,1,259550,2800,150920,1
34368.739,1,259551,1400,151720,-1
34369.08,2,259551,1400,151720,-1
34369.112,1,259751,2800,151790,-1
34369.223,2,259550,2800,150920,1
34369.256,1,259848,1400,151000,1
34369.978,2,259848,1400,151000,1
34370.008,1,260324,2800,151000,1
34373.398,2,260324,2800,151000,1
34373.399,2,259751,2800,151790,-1
34373.428,1,262308,2800,150920,1
34373.43,1,262311,2800,151720,-1
34373.653,2,256972,400,150910,1
34373.655,2,257307,400,151690,-1
34373.864,1,262580,400,151590,-1
34374.41,1,262889,400,150810,1
34374.431,2,262580,400,151590,-1
34374.475,2,262889,400,150810,1
34374.686,2,257500,500,151490,-1
34374.83,1,263128,500,151490,-1
34374.909,1,263162,400,150910,1
34375.435,1,263374,400,151690,-1
34375.812,2,258007,500,150910,1
34375.922,1,263611,500,151010,1
34376.257,2,258149,600,150720,1
34376.382,1,263807,600,150720,1
34376.836,2,258513,600,151680,-1
34376.93,1,264026,600,151680,-1
34377.15,2,263128,500,151490,-1
34377.261,2,263807,600,150720,1
34377.263,2,264026,600,151680,-1
34377.477,1,264255,600,150820,1
34377.697,1,264364,500,151590,-1
34377.718,2,262308,2800,150920,1
34377.722,2,262311,2800,151720,-1
34377.751,1,264400,1400,151000,1
34377.755,1,264403,2800,151790,-1
34377.842,2,264400,1400,151000,1
34377.872,1,264496,2800,151000,1
34377.936,2,264364,500,151590,-1
34378.04,1,264614,600,151780,-1
34378.142,2,257646,100,151400,-1
34378.195,1,264696,150,151200,1
34378.255,1,264727,500,151590,-1
34378.295,1,264748,1500,151300,-1
34378.317,5,249302,3000,151210,1
34378.317,4,218796,500,151200,1
34378.317,4,234423,600,151200,1
34378.317,4,264696,150,151200,1
34378.333,1,264787,100,151300,-1
34378.554,2,263611,500,151010,1
34378.559,2,264727,500,151590,-1
34378.576,1,264932,1000,151010,1
34378.799,1,265084,500,150910,1
34378.826,2,264932,1000,151010,1
34378.879,2,264255,600,150820,1
34378.882,2,264614,600,151780,-1
34378.976,1,265204,600,150820,1
34379.123,2,265204,600,150820,1
34379.21,1,265332,1500,151200,-1
34379.223,2,265084,500,150910,1
34379.357,1,265419,500,151010,1
34379.531,1,265496,600,150720,1
34379.692,1,265614,500,151200,-1
34379.904,1,265743,500,151490,-1
34380.07,1,265850,600,151680,-1
34380.156,2,264787,100,151300,-1
34380.25,1,265926,100,151200,-1
34380.286,5,265247,1000,151110,1
34380.503,2,265926,100,151200,-1
34380.559,2,264748,1500,151300,-1
34380.679,2,265419,500,151010,1
34380.796,1,266251,500,151010,1
34381.793,1,266919,100,151200,-1
34382.04,5,264438,300,151030,1
34382.04,4,266251,500,151010,1
34382.04,4,245474,4200,151000,1
34382.061,1,267116,150,151100,1
34382.116,4,267116,150,151100,1
34382.224,2,265743,500,151490,-1
34382.518,1,267420,300,151290,-1
34382.556,2,265614,500,151200,-1
34382.854,4,245474,290,151000,1
34382.854,4,264496,310,151000,1
34382.88,2,264496,2490,151000,1
34382.91,1,267717,1400,151000,1
34383.061,1,267812,500,150910,1
34383.097,2,263162,400,150910,1
34383.1,2,263374,400,151690,-1
34383.13,2,267717,1400,151000,1
34383.13,2,264403,2800,151790,-1
34383.16,1,267884,2490,150920,1
34383.164,1,267887,2800,151720,-1
34383.381,1,268070,400,150810,1
34383.617,2,265332,1500,151200,-1
34383.897,1,268467,200,151200,-1
34384.193,2,258127,800,151400,-1
34384.243,1,268687,1500,151200,-1
34384.612,2,265496,600,150720,1
34384.616,2,265850,600,151680,-1
34384.732,1,269089,600,150620,1
34384.791,5,267893,500,150970,1
34384.791,5,268703,1900,150930,1
34384.855,4,267884,1700,150920,1
34384.895,2,268070,400,150810,1
34385.037,2,267420,300,151290,-1
34385.088,2,268687,1500,151200,-1
34385.156,1,269414,500,151190,-1
34385.272,1,269493,350,156800,-1
34385.306,1,269508,600,151580,-1
34385.607,1,269706,400,150710,1
34385.845,5,269732,500,150940,1
34385.902,2,267884,790,150920,1
34385.904,2,267887,2800,151720,-1
34385.933,1,269940,790,150850,1
34385.936,1,269943,2800,151650,-1
34386.141,2,266919,100,151200,-1
34386.203,5,269904,1000,151090,-1
34386.255,1,270214,400,151490,-1
34386.308,1,270248,100,151100,-1
34386.626,5,270338,100,151010,1
34388.629,2,269706,400,150710,1
34388.739,1,271863,400,150610,1
34389.188,1,272091,1500,151000,-1
34389.965,1,272547,1000,151200,-1
34389.999,4,272091,1500,151000,-1
34389.999,5,272374,500,151050,-1
34389.999,5,272357,1000,151060,-1
34389.999,5,270243,2000,151090,-1
34390.286,2,270248,100,151100,-1
34390.458,1,272804,200,150900,1
34390.666,2,268467,200,151200,-1
34390.709,1,272959,100,151000,-1
34391.138,2,208312,2200,150700,1
34391.141,1,273172,2200,150600,1
34391.982,2,267812,500,150910,1
34392.629,2,269940,790,150850,1
34392.633,2,269943,2800,151650,-1
34392.665,1,274063,790,150920,1
34392.667,1,274064,2800,151720,-1
34393.001,2,272547,1000,151200,-1
34393.263,2,271863,400,150610,1
34393.271,2,270214,400,151490,-1
34393.61,1,274787,400,150710,1
34394.107,1,275228,400,151590,-1
34394.737,2,269089,600,150620,1
34394.887,1,275801,600,150620,1
34395.04,5,273084,2000,150950,1
34395.04,5,273142,1500,150950,1
34395.04,4,274063,790,150920,1
34395.04,5,271404,710,150920,1
34395.053,5,271404,290,150920,1
34395.053,5,274604,900,150910,1
34395.053,4,272804,200,150900,1
34395.075,2,274064,2800,151720,-1
34395.157,2,269414,500,151190,-1
34395.257,1,276063,2800,150570,1
34395.26,1,276066,2800,151360,-1
34395.307,2,269508,600,151580,-1
34395.43,1,276187,600,151580,-1
34395.525,1,276242,700,151190,-1
34396.048,2,276066,2800,151360,-1
34396.079,1,276682,1400,151360,-1
34396.824,1,277203,700,150900,1
34397.171,2,276682,1400,151360,-1
34397.204,1,277491,2800,151360,-1
34397.488,2,276242,700,151190,-1
34397.592,1,277699,700,151090,-1
34397.673,2,277491,2800,151360,-1
34397.705,1,277802,1400,151360,-1
34398.028,2,277802,1400,151360,-1
34398.059,1,278047,2800,151360,-1
34398.206,2,278047,2800,151360,-1
34398.238,1,278153,1400,151360,-1
34398.526,2,278153,1400,151360,-1
34398.561,1,278373,2800,151360,-1
34398.638,2,274787,400,150710,1
34398.758,1,278529,400,150610,1
34398.764,2,277699,700,151090,-1
34398.939,1,278660,700,151190,-1
34399.779,2,276063,2800,150570,1
34399.812,1,279193,1400,150570,1
34399.985,5,278667,1200,150980,-1
34399.985,5,272957,2800,150990,-1
34400.151,2,272959,100,151000,-1
34400.809,2,279193,1400,150570,1
34400.84,1,279995,2800,150570,1
34400.925,2,278373,2800,151360,-1
34400.956,1,280084,2800,151360,-1
34401.687,2,275228,400,151590,-1
34401.789,1,280660,400,151690,-1
34401.936,2,279995,2800,150570,1
34401.941,1,280764,150,150900,1
34401.966,1,280786,1400,150570,1
34402.013,2,280660,400,151690,-1
34402.118,1,280899,5000,150900,1
34402.29,2,280786,1400,150570,1
34402.324,1,281058,400,151590,-1
34402.324,1,281059,2800,150570,1
34402.675,2,281058,400,151590,-1
34402.942,1,281501,400,151690,-1
34403.438,2,275801,600,150620,1
34403.441,2,276187,600,151580,-1
34403.545,1,281923,600,150720,1
34403.648,2,281923,600,150720,1
34404.083,2,281059,2800,150570,1
34404.085,2,280084,2800,151360,-1
34404.09,1,282349,600,150720,1
34404.115,1,282375,2800,150640,1
34404.119,1,282378,2800,151430,-1
34404.363,2,278529,400,150610,1
34404.631,1,282790,600,151680,-1
34404.769,1,282923,400,150710,1
34405.005,1,283111,500,151200,-1
34406.971,2,282923,400,150710,1
34406.973,1,284601,400,150610,1
34407.28,2,277203,700,150900,1
34407.291,2,280764,150,150900,1
34407.385,1,284885,150,151000,1
34407.414,1,284914,100,151100,-1
34407.617,1,285076,5000,151000,1
34407.904,1,285280,500,150910,1
34408.038,2,284914,100,151100,-1
34408.038,1,285362,5000,151000,1
34408.254,1,285522,5000,151000,1
34408.362,2,282349,600,150720,1
34408.364,1,285597,600,150820,1
34408.367,2,282790,600,151680,-1
34408.552,2,285597,600,150820,1
34408.86,2,282375,2800,150640,1
34408.894,1,286016,1400,150640,1
34408.899,1,286025,600,150920,1
34408.937,2,278660,700,151190,-1
34409.003,1,286117,600,151190,-1
34409.46,1,286465,600,151580,-1
34409.87,2,286016,1400,150640,1
34409.906,1,286797,2800,150640,1
34409.933,1,286826,900,151180,-1
34410.117,2,286797,2800,150640,1
34410.148,1,287008,1400,150640,1
34410.233,1,287092,100,151200,-1
34410.246,2,287008,1400,150640,1
34410.277,1,287130,2800,150640,1
34410.611,5,287037,1000,151170,-1
34410.611,4,286826,400,151180,-1
34410.969,4,286826,200,151180,-1
34411.089,4,286826,300,151180,-1
34411.089,5,279599,1700,151180,-1
34411.297,5,279599,200,151180,-1
34411.297,1,288050,1800,151180,1
34411.383,2,284601,400,150610,1
34411.385,2,281501,400,151690,-1
34411.429,4,288050,1800,151180,1
34411.493,2,286117,600,151190,-1
34411.572,1,288273,500,151590,-1
34411.617,1,288313,400,150710,1
34412.136,2,283111,500,151200,-1
34412.269,1,288796,5000,151100,1
34412.313,2,284885,150,151000,1
34412.404,5,287069,150,151190,-1
34412.71,2,285362,5000,151000,1
34413.43,1,289565,500,151280,-1
34413.778,1,289813,1000,151120,1
34415.149,5,290368,500,151160,1
34415.27,2,280899,5000,150900,1
34415.297,2,285076,5000,151000,1
34415.298,2,285522,5000,151000,1
34415.3,2,288796,5000,151100,1
34415.391,2,288313,400,150710,1
34415.5,1,291045,400,150610,1
34417.327,1,292435,100,151200,-1
34417.503,2,237990,1000,152800,-1
34417.646,2,287130,2800,150640,1
34417.652,2,282378,2800,151430,-1
34417.68,1,292755,2800,150570,1
34417.685,1,292762,2800,151360,-1
34417.831,1,292911,1000,152000,-1
34417.892,5,292927,300,151170,-1
34417.892,5,287069,700,151190,-1
34417.909,2,285280,500,150910,1
34418.037,1,293061,1500,150820,1
34418.063,1,293084,500,150910,1
34418.115,2,289565,500,151280,-1
34418.558,5,287069,100,151190,-1
34418.605,1,293579,500,151340,-1
34418.781,5,287069,500,151190,-1
34418.898,2,286025,600,150920,1
34418.91,2,287092,100,151200,-1
34418.924,1,293864,500,151180,-1
34419.014,1,293935,600,150920,1
34419.156,4,293864,500,151180,-1
34419.193,5,293221,100,151190,-1
34419.193,4,292435,100,151200,-1
34419.458,2,286465,600,151580,-1
34419.539,1,294266,2900,154600,-1
34419.551,2,293579,500,151340,-1
34419.557,1,294274,600,151580,-1
34419.677,1,294391,400,151690,-1
34419.8,2,291045,400,150610,1
34420.21,1,294760,100,151200,-1
34420.288,2,292755,2800,150570,1
34420.32,1,294827,1400,150570,1
34420.365,2,293935,600,150920,1
34420.366,2,294827,1400,150570,1
34420.371,2,292762,2800,151360,-1
34420.373,2,294274,600,151580,-1
34420.403,1,294913,2800,150500,1
34420.405,1,294917,1400,151290,-1
34420.43,2,294917,1400,151290,-1
34420.435,1,294943,600,151480,-1
34420.466,1,294979,2800,151290,-1
34420.976,1,295466,600,150820,1
34421.577,2,288273,500,151590,-1
34421.738,1,296125,500,151590,-1
34422.843,2,293061,1500,150820,1
34423.599,1,297314,5000,151000,1
34424.163,1,297744,100,150900,1
34426.177,2,294760,100,151200,-1
34426.236,1,299281,1500,151480,-1
34426.855,2,294391,400,151690,-1
34426.958,1,299782,400,151590,-1
34426.988,4,289813,100,151120,1
34427.502,1,300073,4000,151000,1
34427.505,1,300076,4000,151000,1
34427.875,2,299281,1500,151480,-1
34428.068,2,293084,500,150910,1
34428.234,1,300492,500,150910,1
34428.641,2,295466,600,150820,1
34428.643,2,294943,600,151480,-1
34428.732,2,294913,2800,150500,1
34428.734,2,294979,2800,151290,-1
34428.744,1,300805,600,151580,-1
34428.761,2,218923,1000,151790,-1
34428.779,1,300831,1000,151490,-1
34428.89,1,300936,500,151500,-1
34428.998,2,300936,500,151500,-1
34429.109,2,296125,500,151590,-1
34429.222,1,301221,500,151490,-1
34429.294,1,301259,600,150920,1
34429.373,2,299782,400,151590,-1
34429.423,1,301355,400,151690,-1
34433.632,2,301221,500,151490,-1
34433.8,1,304446,100,151200,-1
34433.825,1,304461,500,151590,-1
34434.815,2,304461,500,151590,-1
34434.953,1,305290,500,151490,-1
34435.096,1,305374,150,151100,1
34435.547,2,305290,500,151490,-1
34435.645,1,305823,500,151590,-1
34435.706,2,305823,500,151590,-1
34436.186,1,306180,500,151490,-1
34436.291,2,301259,600,150920,1
34436.294,2,300805,600,151580,-1
34436.397,1,306342,600,151480,-1
34436.945,1,306763,600,150820,1
34437.922,2,300492,500,150910,1
34438.077,1,307578,500,150810,1
34439.149,5,306779,1000,151140,1
34439.428,2,301355,400,151690,-1
34439.59,1,308622,400,151690,-1
34440.191,1,309064,500,150800,1
34440.553,5,308850,1000,151160,-1
34440.707,2,308622,400,151690,-1
34440.797,2,305374,150,151100,1
34440.922,1,309682,400,151590,-1
34441.346,4,289813,900,151120,1
34441.758,2,306763,600,150820,1
34441.762,2,306342,600,151480,-1
34441.867,1,310392,600,151380,-1
34441.876,1,310397,1500,151480,-1
34442.413,1,310786,600,150720,1
34443.841,1,311747,150,151100,1
34443.845,1,311749,150,151100,1
34446.139,2,310786,600,150720,1
34446.14,2,310392,600,151380,-1
34446.188,2,306180,500,151490,-1
34446.242,1,313413,600,150820,1
34446.283,1,313444,500,151490,-1
34446.789,1,313790,600,151480,-1
34447.102,1,313966,500,150900,1
34447.569,2,297314,5000,151000,1
34447.637,1,314242,500,151700,-1
34447.658,5,313858,1000,151150,1
34447.658,5,311760,200,151120,1
34447.658,4,311747,150,151100,1
34447.658,4,311749,150,151100,1
34448.078,2,307578,500,150810,1
34448.321,2,313413,600,150820,1
34448.324,2,313790,600,151480,-1
34448.367,1,314666,500,150810,1
34448.432,1,314697,600,151380,-1
34448.975,1,315074,600,150720,1
34449.877,2,310397,1500,151480,-1
34449.99,1,315903,1500,151380,-1
34450.119,2,314666,500,150810,1
34450.22,1,316102,500,150910,1
34450.3,2,316102,500,150910,1
34450.352,2,309682,400,151590,-1
34450.424,1,316302,400,151490,-1
34450.763,1,316533,500,150810,1
34450.903,2,316302,400,151490,-1
34451.002,1,316717,400,151590,-1
34451.351,2,304446,100,151200,-1
34451.386,2,300831,1000,151490,-1
34451.403,1,317003,1000,151370,-1
34451.432,1,317026,200,151100,-1
34451.899,2,314242,500,151700,-1
34451.901,1,317434,500,151600,-1
34452.061,2,315074,600,150720,1
34452.064,2,314697,600,151380,-1
34452.095,2,316717,400,151590,-1
34452.138,5,316403,100,151020,1
34452.164,1,317595,600,151280,-1
34452.193,1,317612,400,151490,-1
34452.276,5,316403,100,151020,1
34452.396,1,317752,5000,151000,1
34452.438,5,316403,100,151020,1
34452.511,5,316403,300,151020,1
34452.511,4,300073,1200,151000,1
34452.711,1,318019,600,150620,1
34453.923,4,300073,2800,151000,1
34453.923,4,300076,2200,151000,1
34454.339,4,300076,1800,151000,1
34454.339,4,317752,3200,151000,1
34454.493,4,317752,100,151000,1
34455.173,2,313966,500,150900,1
34455.21,1,320140,500,150500,1
34455.291,2,320140,500,150500,1
34455.302,1,320215,500,150800,1
34455.365,4,317752,1700,151000,1
34455.694,1,320571,900,151000,1
34456.113,2,320215,500,150800,1
34456.115,1,320897,500,150700,1
34456.125,4,320571,900,151000,1
34456.163,2,320897,500,150700,1
34456.205,1,320966,500,150700,1
34456.289,2,313444,500,151490,-1
34456.663,1,321332,500,151490,-1
34457.56,2,317026,200,151100,-1
34457.589,2,317003,1000,151370,-1
34457.606,1,322148,1000,151270,-1
34457.747,1,322314,200,151000,-1
34458.299,2,317434,500,151600,-1
34458.302,1,322748,500,151500,-1
34458.977,2,320966,500,150700,1
34458.978,2,315903,1500,151380,-1
34458.997,2,318019,600,150620,1
34459.014,2,317595,600,151280,-1
34459.021,1,323362,500,150400,1
34459.031,1,323371,600,150520,1
34459.098,2,323362,500,150400,1
34459.101,1,323432,500,150800,1
34459.16,1,323492,1500,151280,-1
34459.496,1,323746,600,151180,-1
34459.764,2,273172,2200,150600,1
34459.77,1,324007,2200,150200,1
34459.803,2,323371,600,150520,1
34459.805,2,323746,600,151180,-1
34460.036,2,323492,1500,151280,-1
34460.045,1,324233,600,150620,1
34460.143,5,324304,1000,150910,1
34460.143,4,297744,100,150900,1
34460.144,1,324316,1500,151380,-1
34460.598,1,324691,600,151280,-1
34460.606,2,321332,500,151490,-1
34460.769,2,316533,500,150810,1
34460.781,1,324903,500,151390,-1
34460.792,1,324916,1000,151000,-1
34460.869,5,324018,1900,150810,1
34460.869,5,324427,600,150810,1
34460.912,1,325004,1500,150620,1
34460.914,2,323432,500,150800,1
34460.92,1,325015,500,150700,1
34460.956,2,325015,500,150700,1
34460.989,1,325050,500,150700,1
34461.07,4,309064,500,150800,1
34461.103,1,325120,1000,150710,1
34461.23,2,325120,1000,150710,1
34461.307,1,325250,1000,150710,1
34461.318,1,325258,500,150710,1
34461.525,2,325250,1000,150710,1
34461.782,2,325004,1500,150620,1
34461.785,2,324316,1500,151380,-1
34462.138,1,325959,150,150800,1
34462.142,1,325963,400,150900,1
34462.166,4,325963,400,150900,1
34462.199,2,317612,400,151490,-1
34462.449,1,326201,400,151490,-1
34462.934,2,322314,200,151000,-1
34463.149,1,326793,200,150900,-1
34463.408,2,324233,600,150620,1
34463.411,2,324691,600,151280,-1
34463.417,2,322748,500,151500,-1
34463.42,1,327045,500,151400,-1
34463.432,1,327055,600,150520,1
34463.49,2,326201,400,151490,-1
34463.778,1,327422,400,151390,-1
34463.976,1,327586,600,151180,-1
34464.002,1,327605,500,151180,-1
34464.661,4,325959,150,150800,1
34464.987,2,327605,500,151180,-1
34465.696,2,324903,500,151390,-1
34465.795,1,329046,500,151290,-1
34466.017,2,325050,500,150700,1
34466.02,1,329198,500,150600,1
34466.063,2,329198,500,150600,1
34466.094,1,329249,500,150600,1
34466.228,2,325258,500,150710,1
34466.26,1,329346,1000,150610,1
34466.342,1,329423,500,150610,1
34467.185,1,330040,2000,147500,1
34467.767,1,330526,13560,150000,1
34467.855,2,327422,400,151390,-1
34468.831,1,331394,3500,151210,-1
34468.855,2,329346,1000,150610,1
34468.952,1,331493,2800,150280,1
34468.954,1,331497,2800,151080,-1
34469.644,1,332026,500,151060,-1
34470.121,2,329249,500,150600,1
34470.123,1,332439,500,150500,1
34470.174,2,332439,500,150500,1
34470.216,1,332487,500,150500,1
34470.436,2,327055,600,150520,1
34470.441,2,327586,600,151180,-1
34470.539,1,332678,600,150420,1
34470.671,2,332026,500,151060,-1
34470.865,2,332678,600,150420,1
34471.04,2,329423,500,150610,1
34471.087,1,333153,600,150520,1
34471.216,2,333153,600,150520,1
34471.374,1,333356,500,150510,1
34471.634,1,333560,600,150420,1
34471.741,2,333356,500,150510,1
34471.974,2,326793,200,150900,-1
34471.979,2,322148,1000,151270,-1
34471.996,1,333842,1000,150990,-1
34472.039,2,327045,500,151400,-1
34472.042,1,333883,500,151300,-1
34472.128,1,333927,200,150800,-1
34472.147,1,333943,500,150610,1
34472.18,1,333960,600,151080,-1
34472.402,2,333560,600,150420,1
34472.413,2,333960,600,151080,-1
34472.725,1,334342,600,150420,1
34473.272,1,334679,600,151080,-1
34473.498,2,331497,2800,151080,-1
34473.558,2,331493,2800,150280,1
34473.58,1,334916,2800,151150,-1
34473.597,2,334342,600,150420,1
34473.601,2,334679,600,151080,-1
34473.647,1,334981,2800,150350,1
34473.812,1,335123,6000,150990,-1
34473.821,1,335129,600,150520,1
34474.367,1,335581,600,151180,-1
34474.399,2,334981,2800,150350,1
34474.477,1,335664,2800,150280,1
34475.329,2,335664,2800,150280,1
34475.408,1,336425,1400,150350,1
34475.428,2,336425,1400,150350,1
34475.431,2,334916,2800,151150,-1
34475.463,2,335129,600,150520,1
34475.466,2,335581,600,151180,-1
34475.47,1,336483,600,150420,1
34475.511,1,336522,2800,150280,1
34475.513,1,336524,2800,151080,-1
34475.74,2,332487,500,150500,1
34475.743,1,336763,500,150600,1
34475.785,2,336763,500,150600,1
34475.799,2,329046,500,151290,-1
34475.828,1,336835,500,150600,1
34476.007,1,336988,600,151080,-1
34476.512,5,335208,100,150760,-1
34476.512,5,333945,900,150780,-1
34476.513,2,336524,2800,151080,-1
34476.595,1,337363,1400,151080,-1
34476.731,1,337473,500,151290,-1
34476.783,5,337399,100,150760,-1
34476.783,5,333945,300,150780,-1
34476.783,5,333924,600,150790,-1
34477.011,5,333924,1900,150790,-1
34477.029,2,333943,500,150610,1
34477.1,2,336522,2800,150280,1
34477.102,2,337363,1400,151080,-1
34477.113,2,336483,600,150420,1
34477.117,2,336988,600,151080,-1
34477.188,1,337818,2800,150350,1
34477.19,5,333924,1000,150790,-1
34477.193,1,337828,2800,151150,-1
34477.215,1,337846,600,150520,1
34477.274,2,337846,600,150520,1
34477.284,1,337911,500,150610,1
34477.317,5,333924,1600,150790,-1
34477.317,5,334032,400,150790,-1
34477.409,2,333927,200,150800,-1
34477.739,2,336835,500,150600,1
34477.74,1,338239,500,150500,1
34477.757,1,338251,600,150420,1
34477.783,2,338239,500,150500,1
34477.813,1,338289,1000,150740,1
34477.833,1,338303,500,150500,1
34478.072,2,335123,6000,150990,-1
34478.091,2,338251,600,150420,1
34478.176,2,337818,2800,150350,1
34478.257,1,338585,1400,150350,1
34478.261,2,333842,1000,150990,-1
34478.309,1,338637,600,150520,1
34478.369,1,338704,400,151290,-1
34478.411,1,338739,1500,151180,-1
34478.665,2,338739,1500,151180,-1
34478.675,2,338585,1400,150350,1
34478.755,1,339070,2800,150280,1
34478.847,2,338303,500,150500,1
34478.851,2,337828,2800,151150,-1
34478.853,1,339180,500,150600,1
34478.856,2,333883,500,151300,-1
34478.86,1,339188,500,151400,-1
34478.861,1,339189,600,151180,-1
34478.901,2,339180,500,150600,1
34478.915,2,339188,500,151400,-1
34478.93,1,339259,1400,151080,-1
34478.951,1,339286,500,150600,1
34478.954,1,339287,1500,151180,-1
34478.956,1,339289,500,151400,-1
34479.004,1,339327,5000,150800,1
34479.39,2,339287,1500,151180,-1
34479.549,2,339259,1400,151080,-1
34479.585,2,331394,3500,151210,-1
34479.629,1,339847,2800,151080,-1
34479.666,1,339891,3000,150800,1
34479.934,2,339847,2800,151080,-1
34480.014,1,340170,1400,151080,-1
34480.097,2,338289,1000,150740,1
34480.255,2,339070,2800,150280,1
34480.256,2,340170,1400,151080,-1
34480.335,1,340391,1400,150350,1
34480.338,1,340398,2800,151150,-1
34480.894,2,340391,1400,150350,1
34480.988,1,340943,2800,150350,1
34481.281,1,341236,5000,150800,1
34481.811,2,338637,600,150520,1
34481.814,2,339189,600,151180,-1
34481.826,1,341702,1000,150840,1
34481.913,1,341761,600,150620,1
34482.047,2,339289,500,151400,-1
34482.052,1,341892,500,151500,-1
34482.096,2,341892,500,151500,-1
34482.14,1,341952,500,151500,-1
34482.465,1,342230,600,151280,-1
34483.192,1,342936,5000,150900,1
34483.763,2,337473,500,151290,-1
34483.876,1,343417,500,151390,-1
34484.005,2,337911,500,150610,1
34484.211,1,343645,5000,150900,1
34484.238,2,339286,500,150600,1
34484.244,1,343675,500,150700,1
34484.419,1,343798,500,150710,1
34485.045,2,341702,1000,150840,1
34486.519,2,343645,5000,150900,1
34486.746,1,345470,150,150900,1
34486.759,1,345483,3000,150900,1
34487.012,2,339891,3000,150800,1
34487.514,2,340398,2800,151150,-1
34487.596,1,346073,1400,151150,-1
34487.606,2,341761,600,150620,1
34487.61,2,342230,600,151280,-1
34487.682,2,338704,400,151290,-1
34487.71,1,346195,600,150720,1
34487.829,1,346300,400,151390,-1
34487.879,2,340943,2800,150350,1
34487.884,2,346073,1400,151150,-1
34487.966,1,346406,2800,150420,1
34487.968,1,346408,2800,151220,-1
34488.277,1,346708,600,151380,-1
34488.357,2,341952,500,151500,-1
34488.36,1,346786,500,151600,-1
34488.394,2,346786,500,151600,-1
34488.435,1,346823,500,151600,-1
34488.664,5,345825,1500,150990,-1
34488.664,4,324916,1000,151000,-1
34488.684,1,347069,1000,151210,-1
34489.301,2,339327,5000,150800,1
34489.328,2,341236,5000,150800,1
34489.329,2,342936,5000,150900,1
34489.481,2,345483,3000,150900,1
34489.751,2,343675,500,150700,1
34489.753,1,347862,500,150800,1
34489.776,2,347069,1000,151210,-1
34491.668,2,346823,500,151600,-1
34491.672,1,349415,500,151700,-1
34491.714,2,349415,500,151700,-1
34491.742,1,349469,400,150610,1
34491.753,1,349477,500,151700,-1
34492.086,2,346195,600,150720,1
34492.089,2,346708,600,151380,-1
34492.189,1,349743,1500,151480,-1
34492.194,1,349748,600,151480,-1
34492.743,1,350152,600,150820,1
34493.193,2,345470,150,150900,1
34493.213,1,350457,1000,150830,1
34493.291,1,350505,150,151100,1
34493.653,5,350696,100,151150,1
34493.664,2,343417,500,151390,-1
34493.764,1,350857,500,151490,-1
34493.968,2,343798,500,150710,1
34494.329,2,196017,1400,151900,-1
34494.345,1,351270,2200,151900,-1
34494.481,2,350457,1000,150830,1
34494.652,1,351579,500,150810,1
34495.76,5,350814,1600,151110,1
34495.76,4,350505,150,151100,1
34495.869,2,347862,500,150800,1
34495.872,1,352482,500,150900,1
34496.138,1,352712,1000,150910,1
34496.651,2,351579,500,150810,1
34496.919,1,353353,500,150710,1
34496.96,2,350857,500,151490,-1
34497.182,1,353513,200,151200,-1
34497.467,1,353694,500,151490,-1
34497.789,2,353694,500,151490,-1
34497.83,2,346300,400,151390,-1
34498.034,1,354146,500,151390,-1
34498.12,1,354212,400,151390,-1
34498.675,2,352482,500,150900,1
34498.682,1,354652,500,151000,1
34498.732,2,354652,500,151000,1
34498.772,1,354725,500,151000,1
34499.44,2,349469,400,150610,1
34499.444,2,354212,400,151390,-1
34499.54,1,355340,400,151490,-1
34499.844,2,346406,2800,150420,1
34499.845,2,346408,2800,151220,-1
34499.923,1,355647,2800,150500,1
34499.925,1,355650,2800,151290,-1
34500.093,2,355647,2800,150500,1
34500.172,1,355908,1400,150500,1
34500.327,1,356040,400,150710,1
34500.983,2,355908,1400,150500,1
34501.062,1,356625,2800,150500,1
34501.474,2,356625,2800,150500,1
34501.565,1,356996,1400,150500,1
34501.848,1,357268,150,151100,1
34501.944,2,356996,1400,150500,1
34502.027,1,357405,2800,150420,1
34502.2,2,349748,600,151480,-1
34502.281,1,357685,600,151480,-1
34502.478,2,356040,400,150710,1
34502.481,2,355340,400,151490,-1
34502.589,1,357930,400,151390,-1
34502.609,2,355650,2800,151290,-1
34502.689,1,358060,1400,151220,-1
34502.74,2,350152,600,150820,1
34502.932,5,357514,100,151140,1
34502.932,5,357280,1200,151120,1
34502.932,4,357268,100,151100,1
34502.932,2,357930,400,151390,-1
34503.02,2,358060,1400,151220,-1
34503.041,1,358381,600,150820,1
34503.104,1,358439,2800,151220,-1
34503.196,1,358544,400,151490,-1
34503.628,4,357268,50,151100,1
34503.723,1,358990,400,150710,1
34504.088,2,352712,1000,150910,1
34506.317,2,353513,200,151200,-1
34506.352,1,361116,800,151100,-1
34506.866,2,358439,2800,151220,-1
34506.921,2,353353,500,150710,1
34506.944,1,361623,1400,151220,-1
34507.194,1,361800,500,150710,1
34507.418,1,361967,1000,147000,1
34507.582,2,358381,600,150820,1
34507.586,2,357685,600,151480,-1
34507.663,1,362225,2250,151100,-1
34507.686,1,362250,600,151380,-1
34507.736,1,362295,1500,150720,1
34508.03,2,354146,500,151390,-1
34508.191,1,362641,500,151390,-1
34508.258,1,362678,600,150720,1
34508.745,2,362641,500,151390,-1
34508.995,2,361800,500,150710,1
34508.999,1,363289,500,151290,-1
34509.56,1,363703,500,150610,1
34509.687,2,361623,1400,151220,-1
34509.766,1,363898,2800,151220,-1
34509.922,2,362295,1500,150720,1
34509.927,2,349743,1500,151480,-1
34509.931,2,358544,400,151490,-1
34510.042,1,364120,400,151390,-1
34510.078,2,354725,500,151000,1
34510.08,1,364149,500,150900,1
34510.13,2,364149,500,150900,1
34510.162,1,364209,500,150900,1
34510.165,1,364217,1000,150730,1
34510.465,2,357405,2800,150420,1
34510.544,1,364554,1400,150420,1
34510.607,2,362678,600,150720,1
34510.61,2,362250,600,151380,-1
34510.624,2,363898,2800,151220,-1
34510.626,2,364554,1400,150420,1
34510.73,1,364739,600,151280,-1
34511.253,2,358990,400,150710,1
34511.284,1,365222,600,150620,1
34511.373,1,365299,400,150610,1
34512.83,2,364120,400,151390,-1
34512.933,1,366546,400,151290,-1
34514.318,2,364209,500,150900,1
34514.369,1,367536,500,150500,1
34514.487,2,367536,500,150500,1
34514.49,1,367627,500,150800,1
34514.511,2,364217,1000,150730,1
34514.541,1,367654,1000,150810,1
34514.795,1,367840,3000,151200,-1
34515.099,2,367627,500,150800,1
34515.102,1,368019,500,150700,1
34515.137,2,368019,500,150700,1
34515.169,1,368058,500,150700,1
34515.527,1,368280,100,151020,1
34516.379,2,363703,500,150610,1
34516.593,1,369102,500,150710,1
34516.663,2,248399,1000,151500,-1
34517.048,4,368280,100,151020,1
34517.08,2,165269,200,148010,1
34517.178,2,369102,500,150710,1
34517.252,1,369629,500,150610,1
34517.445,2,366546,400,151290,-1
34517.575,1,369840,400,151390,-1
34518.097,2,369840,400,151390,-1
34518.101,1,370196,400,151290,-1
34518.666,2,367654,1000,150810,1
34518.697,1,370726,1000,150710,1
34518.771,1,370791,500,150700,1
34518.799,1,370824,1000,155000,-1
34518.87,2,365222,600,150620,1
34518.874,2,364739,600,151280,-1
34518.978,1,370961,600,150520,1
34519.001,2,368058,500,150700,1
34519.002,2,363289,500,151290,-1
34519.002,1,370973,500,150800,1
34519.141,2,370791,500,150700,1
34519.149,1,371091,500,150800,1
34519.244,2,167893,200,155590,-1
34519.322,2,370726,1000,150710,1
34519.353,1,371261,1000,150810,1
34519.354,1,371263,500,151290,-1
34519.539,1,371400,600,151180,-1
34519.683,2,365299,400,150610,1
34519.793,1,371629,400,150610,1
34519.858,2,371629,400,150610,1
34520.191,2,349477,500,151700,-1
34520.204,1,371980,500,151600,-1
34521.169,1,372833,400,150610,1
34522.457,2,138613,300,156500,-1
34522.542,2,166943,300,145800,1
34522.985,1,374409,6000,151290,-1
34523.397,2,370973,500,150800,1
34523.411,1,374815,500,150700,1
34523.437,2,374815,500,150700,1
34523.476,1,374873,500,150700,1
34525.996,2,351270,2200,151900,-1
34526.018,1,377053,1400,151500,-1
34526.057,2,361116,800,151100,-1
34526.141,2,374409,6000,151290,-1
34526.785,1,377814,800,151000,-1
34527.214,2,371261,1000,150810,1
34527.252,2,369629,500,150610,1
34527.453,5,377841,150,150980,-1
34527.671,1,378480,500,150610,1
34528.101,2,370196,400,151290,-1
34528.619,2,371980,500,151600,-1
34528.621,1,379097,500,151500,-1
34528.981,2,370961,600,150520,1
34529.274,1,379604,600,150520,1
34529.362,2,371263,500,151290,-1
34529.389,1,379713,400,151190,-1
34529.392,2,378480,500,150610,1
34529.541,2,371400,600,151180,-1
34529.69,1,379987,500,151190,-1
34529.811,1,380100,600,151180,-1
34529.821,2,379713,400,151190,-1
34530.187,2,379604,600,150520,1
34530.189,2,380100,600,151180,-1
34530.208,2,372833,400,150610,1
34530.257,1,380506,400,151190,-1
34530.26,1,380510,500,150610,1
34530.328,1,380567,200,150960,-1
34530.423,1,380652,600,151080,-1
34530.964,1,381223,600,150420,1
34531.521,1,381624,800,150900,-1
34531.656,2,371091,500,150800,1
34531.681,1,381771,1000,150710,1
34532.026,2,380510,500,150610,1
34532.138,1,382140,500,150510,1
34534.661,1,384167,6000,151290,-1
34536.154,2,382140,500,150510,1
34536.627,1,385595,500,150610,1
34536.809,5,381757,800,150880,-1
34537.34,2,381223,600,150420,1
34537.342,2,380652,600,151080,-1
34537.445,1,386267,600,150520,1
34537.708,2,386267,600,150520,1
34537.732,5,381757,250,150880,-1
34537.732,5,381760,600,150890,-1
34537.732,5,384532,400,150890,-1
34537.732,4,381624,800,150900,-1
34538.044,1,386785,600,150420,1
34538.37,2,386785,600,150420,1
34538.534,1,387088,400,150610,1
34538.612,1,387169,600,150520,1
34538.862,2,377814,800,151000,-1
34539.164,1,387637,600,151180,-1
34539.196,2,384167,6000,151290,-1
34539.691,2,379987,500,151190,-1
34539.921,1,388243,500,151190,-1
34540.245,2,380506,400,151190,-1
34541.881,1,389696,150,150900,1
34542.106,5,381135,400,150950,-1
34542.144,2,388243,500,151190,-1
34542.221,5,381135,1000,150950,-1
34542.249,1,389925,500,151290,-1
34542.256,1,389929,400,151190,-1
34542.287,5,381135,200,150950,-1
34542.307,5,381135,200,150950,-1
34542.335,4,380567,100,150960,-1
34542.407,4,380567,100,150960,-1
34542.767,2,379097,500,151500,-1
34542.773,1,390276,500,151600,-1
34542.824,2,390276,500,151600,-1
34542.856,1,390324,1000,150940,1
34542.864,1,390329,500,151600,-1
34543.152,2,387169,600,150520,1
34543.154,2,387637,600,151180,-1
34543.261,1,390598,600,151280,-1
34543.508,2,385595,500,150610,1
34543.575,1,390867,500,150710,1
34543.82,1,391071,600,150620,1
34544.084,2,389929,400,151190,-1
34544.291,1,391432,700,151000,1
34544.309,1,391452,400,151290,-1
34544.713,2,387088,400,150610,1
34544.841,1,391879,400,150710,1
34545.039,2,391071,600,150620,1
34545.041,2,390598,600,151280,-1
34545.15,1,392155,600,151380,-1
34545.532,2,390329,500,151600,-1
34545.538,1,392426,200,151040,1
34545.592,1,392473,500,151700,-1
34545.712,1,392564,600,150720,1
34546.122,2,391452,400,151290,-1
34546.231,1,392950,400,151390,-1
34546.312,2,390324,1000,150940,1
34547.222,5,377615,200,151090,-1
34547.47,2,389925,500,151290,-1
34547.686,1,394028,500,151390,-1
34548.144,2,374873,500,150700,1
34548.153,1,394346,500,150600,1
34548.174,2,391879,400,150710,1
34548.198,2,394346,500,150600,1
34548.24,1,394406,500,150600,1
34548.273,1,394419,400,150810,1
34548.75,2,394406,500,150600,1
34548.769,1,394821,500,150700,1
34548.794,2,394821,500,150700,1
34548.815,2,392564,600,150720,1
34548.824,2,392155,600,151380,-1
34548.836,1,394890,500,150700,1
34548.859,1,394919,600,151480,-1
34549.353,1,395320,600,150820,1
34550.293,1,396131,1000,151020,1
34550.599,2,394919,600,151480,-1
34550.605,2,395320,600,150820,1
34550.785,1,396589,600,151480,-1
34550.851,2,394890,500,150700,1
34550.862,1,396657,500,150900,1
34550.876,2,394419,400,150810,1
34550.892,2,396657,500,150900,1
34550.932,1,396728,500,150900,1
34550.963,2,396589,600,151480,-1
34550.984,2,396131,1000,151020,1
34551.071,1,396839,400,150810,1
34551.193,2,396839,400,150810,1
34551.366,1,397071,600,151380,-1
34551.592,1,397273,400,150810,1
34551.844,2,390867,500,150710,1
34551.947,1,397595,600,150720,1
34552.018,4,362225,1000,151100,-1
34552.019,1,397647,500,150710,1
34552.065,2,367840,3000,151200,-1
34552.42,2,397647,500,150710,1
34552.575,1,397989,500,150810,1
34553.09,2,389696,150,150900,1
34553.183,4,362225,150,151100,-1
34553.599,4,362225,1100,151100,-1
34553.622,1,398722,1000,151370,-1
34553.872,2,397595,600,150720,1
34553.881,2,397071,600,151380,-1
34553.891,1,398990,600,151480,-1
34553.949,2,392473,500,151700,-1
34553.96,1,399068,500,151600,-1
34554.138,2,398722,1000,151370,-1
34554.214,1,399271,1000,151380,-1
34554.235,1,399277,1500,151480,-1
34554.255,2,397989,500,150810,1
34554.423,1,399436,600,150820,1
34554.471,1,399495,500,150710,1
34554.548,2,396728,500,150900,1
34554.554,1,399566,500,150800,1
34554.558,2,399271,1000,151380,-1
34554.587,1,399600,1000,151380,-1
34554.593,2,399566,500,150800,1
34554.601,2,399495,500,150710,1
34554.646,1,399677,500,150800,1
34554.743,2,399600,1000,151380,-1
34555.013,1,400010,500,150710,1
34555.028,2,392950,400,151390,-1
34555.132,2,400010,500,150710,1
34555.149,1,400121,400,151490,-1
34555.448,2,400121,400,151490,-1
34555.689,1,400578,500,150810,1
34555.695,1,400585,400,151390,-1
34555.972,2,399068,500,151600,-1
34555.985,1,400791,500,151700,-1
34556.008,2,400791,500,151700,-1
34556.04,1,400842,500,151700,-1
34556.557,2,399677,500,150800,1
34556.56,1,401234,500,150900,1
34557.682,2,394028,500,151390,-1
34557.937,1,402496,500,151390,-1
34558.503,2,399277,1500,151480,-1
34558.692,1,403105,6000,151290,-1
34559.021,2,399436,600,150820,1
34559.023,2,398990,600,151480,-1
34559.098,1,403596,600,151580,-1
34559.12,2,400585,400,151390,-1
34559.125,1,403621,400,151490,-1
34559.226,2,403621,400,151490,-1
34559.53,5,403139,76,151240,-1
34559.634,1,404160,600,150920,1
34559.688,2,377053,1400,151500,-1
34559.7,1,404245,2200,152000,-1
34559.77,1,404346,400,151490,-1
34559.871,2,397273,400,150810,1
34560.249,5,404354,900,151280,-1
34560.269,1,404885,400,150910,1
34560.284,2,401234,500,150900,1
34560.317,2,402496,500,151390,-1
34560.324,1,404927,500,150600,1
34560.352,1,404963,200,151150,1
34560.468,2,404927,500,150600,1
34560.469,1,405078,500,151000,1
34560.546,2,404346,400,151490,-1
34560.607,2,400578,500,150810,1
34560.711,1,405293,1500,151580,-1
34560.748,1,405333,500,151490,-1
34560.781,1,405356,400,151590,-1
34561.062,4,403105,700,151290,-1
34561.16,2,400842,500,151700,-1
34561.202,1,405921,500,151800,-1
34561.317,1,406095,500,150910,1
34561.408,2,404885,400,150910,1
34561.598,1,406402,400,151010,1
34561.894,1,406757,150,151200,1
34562.157,5,406628,400,151280,-1
34562.487,2,405921,500,151800,-1
34562.491,1,407276,500,151700,-1
34562.728,2,391432,700,151000,1
34562.739,5,407352,100,151250,1
34562.751,2,403105,5300,151290,-1
34563.564,2,407276,500,151700,-1
34563.58,1,408229,500,151800,-1
34563.604,2,408229,500,151800,-1
34563.681,1,408358,500,151800,-1
34565.437,2,324007,2200,150200,1
34565.444,1,409986,2200,150900,1
34565.549,2,392426,200,151040,1
34565.931,1,410436,5000,151200,1
34566.753,1,411143,100,151300,-1
34566.938,2,405293,1500,151580,-1
34567.23,1,411465,1100,151200,1
34567.748,5,410769,3000,151240,1
34567.748,5,409656,900,151230,1
34567.748,5,409711,400,151230,1
34567.748,5,406785,1200,151220,1
34567.748,4,406757,150,151200,1
34567.748,4,410436,350,151200,1
34568.042,5,411037,100,151290,-1
34568.884,2,410436,4650,151200,1
34569.102,2,403596,600,151580,-1
34569.196,1,413265,600,151580,-1
34569.318,1,413381,1600,145000,1
34569.633,2,404160,600,150920,1
34569.855,1,413925,600,150920,1
34569.881,5,411037,100,151290,-1
34570.307,5,411037,100,151290,-1
34570.667,5,413897,100,151240,1
34570.753,2,405333,500,151490,-1
34570.782,2,405356,400,151590,-1
34570.86,1,414816,400,151590,-1
34570.865,1,414819,500,151490,-1
34570.875,1,414832,1500,151580,-1
34570.967,5,411037,100,151290,-1
34571.196,1,415068,5000,151210,1
34571.322,2,406095,500,150910,1
34571.35,5,411037,100,151290,-1
34571.532,1,415259,500,150910,1
34571.602,2,406402,400,151010,1
34571.727,1,415408,400,151010,1
34571.79,5,411037,1100,151290,-1
34572.494,5,411037,1000,151290,-1
34572.773,2,411143,100,151300,-1
34574.198,2,408358,500,151800,-1
34574.239,1,417307,500,151900,-1
34574.551,1,417489,1000,151220,1
34575.0,2,415408,400,151010,1
34575.425,1,418141,200,151250,1
34575.544,1,418220,1000,151000,1
34575.989,1,418636,1000,150600,1
34576.107,2,415068,5000,151210,1
34576.396,1,419020,1200,151700,-1
34576.596,2,417489,1000,151220,1
34576.601,2,418220,1000,151000,1
34576.705,2,414816,400,151590,-1
34576.805,1,419459,400,151490,-1
34577.149,1,419741,600,156000,-1
34577.32,2,413925,600,150920,1
34577.322,2,413265,600,151580,-1
34577.324,1,419889,600,146000,1
34577.442,1,420005,600,151480,-1
34577.568,1,420108,1000,151000,1
34577.587,1,420130,1000,151300,1
34578.005,1,420556,600,150820,1
34579.598,5,420151,600,151310,1
34579.689,1,422062,100,151400,-1
34580.16,2,420556,600,150820,1
34580.168,2,420005,600,151480,-1
34580.215,1,422471,600,151580,-1
34580.355,2,404963,200,151150,1
34580.37,2,422471,600,151580,-1
34580.398,4,420130,45,151300,1
34580.406,2,419459,400,151490,-1
34580.416,4,420130,955,151300,1
34580.452,2,422062,100,151400,-1
34580.588,1,422815,400,151590,-1
34580.738,2,422815,400,151590,-1
34580.773,1,423014,600,151480,-1
34580.863,2,414819,500,151490,-1
34580.927,1,423162,5000,151300,-1
34581.004,1,423197,500,151490,-1
34581.014,2,423014,600,151480,-1
34581.135,1,423293,400,151490,-1
34581.318,5,423205,300,151260,-1
34581.32,1,423470,600,151580,-1
34581.533,2,415259,500,150910,1
34581.67,1,423758,500,150910,1
34581.706,2,414832,1500,151580,-1
34581.751,1,423806,100,151300,-1
34581.799,2,417307,500,151900,-1
34581.801,1,423841,500,151800,-1
34581.835,1,423859,600,150920,1
34581.924,1,423941,1500,151480,-1
34582.021,1,424017,150,151200,1
34582.277,2,423859,600,150920,1
34582.283,2,423470,600,151580,-1
34582.392,1,424321,600,151480,-1
34582.575,2,424321,600,151480,-1
34582.677,2,423758,500,150910,1
34582.679,2,423197,500,151490,-1
34582.844,1,424695,400,150810,1
34582.872,1,424708,500,151390,-1
34582.96,1,424761,600,151480,-1
34583.506,1,425212,600,150820,1
34583.531,1,425232,500,150810,1
34583.596,2,409986,2200,150900,1
34583.597,1,425288,1000,151100,1
34583.598,1,425289,2200,150600,1
34584.783,1,426271,2800,149640,1
34584.785,4,418141,200,151250,1
34584.785,4,411465,1100,151200,1
34584.785,4,424017,100,151200,1
34584.809,1,426298,3000,151400,-1
34584.944,4,424017,50,151200,1
34584.944,4,425288,1000,151100,1
34584.944,5,425827,350,151020,1
34584.977,2,381771,1000,150710,1
34585.01,1,426444,1000,151010,1
34585.023,2,426271,2800,149640,1
34585.104,1,426529,1400,149710,1
34585.112,1,426537,1000,151400,-1
34585.157,2,419020,1200,151700,-1
34585.319,2,426529,1400,149710,1
34585.343,2,424695,400,150810,1
34585.35,2,423293,400,151490,-1
34585.362,2,425232,500,150810,1
34585.365,2,424708,500,151390,-1
34585.399,1,426791,2800,149710,1
34585.443,1,426852,400,150710,1
34585.46,2,426791,2800,149710,1
34585.67,1,427102,500,150710,1
34585.703,1,427118,2800,150600,1
34585.706,1,427122,2800,151400,-1
34585.737,2,425212,600,150820,1
34585.739,2,424761,600,151480,-1
34585.842,1,427232,600,151380,-1
34585.97,1,427324,400,151390,-1
34586.009,2,426444,1000,151010,1
34586.078,1,427426,1500,150720,1
34586.137,1,427472,1000,151010,1
34586.325,1,427618,500,151290,-1
34586.384,1,427659,600,150720,1
34587.204,2,426537,1000,151400,-1
34587.246,1,428282,1200,151600,-1
34587.252,1,428286,3780,150600,1
34587.289,1,428315,3780,151500,-1
34587.294,5,426603,100,151180,-1
34588.904,2,427118,2800,150600,1
34588.905,2,427122,2800,151400,-1
34588.928,2,427426,1500,150720,1
34588.935,2,423941,1500,151480,-1
34588.983,1,429486,2800,150530,1
34588.985,1,429487,2800,151330,-1
34589.196,2,427659,600,150720,1
34589.205,2,427232,600,151380,-1
34589.209,2,423162,5000,151300,-1
34589.289,1,429782,600,151280,-1
34589.308,2,428286,3780,150600,1
34589.342,2,428315,3780,151500,-1
34589.368,1,429851,3780,150500,1
34589.433,1,429922,3780,151400,-1
34589.634,2,426852,400,150710,1
34589.738,1,430212,400,150810,1
34589.884,1,430341,600,150620,1
34590.039,2,430212,400,150810,1
34590.041,2,427324,400,151390,-1
34590.331,1,430613,200,151240,-1
34590.698,1,430931,500,156000,-1
34591.15,2,427102,500,150710,1
34591.273,2,429486,2800,150530,1
34591.276,2,429487,2800,151330,-1
34591.355,1,431417,2800,150460,1
34591.358,1,431422,1400,151250,-1
34591.38,2,431422,1400,151250,-1
34591.384,2,404245,2200,152000,-1
34591.404,1,431466,1400,151700,-1
34591.459,1,431511,2800,151250,-1
34591.477,2,427472,1000,151010,1
34591.503,1,431545,500,150810,1
34591.774,2,427618,500,151290,-1
34591.899,1,431899,1000,151010,1
34591.906,1,431908,5000,151300,-1
34592.058,1,432055,500,151390,-1
34592.603,2,405078,500,151000,1
34592.652,1,432449,500,150700,1
34592.774,2,431899,1000,151010,1
34592.81,2,429851,3780,150500,1
34592.814,2,429922,3780,151400,-1
34592.868,1,432658,3780,150400,1
34592.875,1,432664,3780,151300,-1
34592.876,1,432667,5000,151200,-1
34593.062,2,432449,500,150700,1
34593.064,1,432805,500,150900,1
34593.562,2,423806,100,151300,-1
34593.787,1,433325,100,151200,-1
34593.833,2,423841,500,151800,-1
34593.836,1,433366,500,151700,-1
34594.016,2,432664,3780,151300,-1
34594.073,1,433524,5040,151300,-1
34594.194,2,431511,2800,151250,-1
34594.274,1,433714,1400,151250,-1
34594.317,2,431545,500,150810,1
34594.321,2,432055,500,151390,-1
34594.491,1,433911,500,151290,-1
34594.604,2,431417,2800,150460,1
34594.608,2,433714,1400,151250,-1
34594.685,1,434153,2800,150530,1
34594.704,1,434184,2800,151330,-1
34594.742,2,434153,2800,150530,1
34594.745,2,434184,2800,151330,-1
34594.824,1,434329,2800,150530,1
34594.828,1,434332,2800,151330,-1
34595.163,1,434589,500,150710,1
34595.211,2,432658,3780,150400,1
34595.224,2,433524,5040,151300,-1
34595.255,2,434589,500,150710,1
34595.272,1,434684,3780,150500,1
34595.287,1,434704,5040,151400,-1
34595.702,1,435061,500,150810,1
34595.829,2,433911,500,151290,-1
34595.993,2,434329,2800,150530,1
34595.996,2,434332,2800,151330,-1
34596.073,1,435323,2800,150460,1
34596.076,1,435327,2800,151250,-1
34596.263,1,435464,500,151390,-1
34596.995,2,434684,3780,150500,1
34597.01,2,434704,5040,151400,-1
34597.05,1,436132,3780,150400,1
34597.068,1,436145,5040,151300,-1
34598.825,2,430341,600,150620,1
34598.827,2,429782,600,151280,-1
34598.858,2,435323,2800,150460,1
34598.861,2,435327,2800,151250,-1
34598.938,1,437513,2800,150390,1
34598.94,1,437515,2800,151180,-1
34599.074,1,437653,600,151180,-1
34599.112,1,437684,200,151290,-1
34599.33,2,436132,3780,150400,1
34599.386,1,437887,5040,150400,1
34599.673,1,438112,600,150520,1
34600.048,2,437887,5040,150400,1
34600.072,2,436145,5040,151300,-1
34600.108,1,438421,5040,150300,1
34600.127,1,438437,5040,151200,-1
34600.422,2,438112,600,150520,1
34600.424,2,437653,600,151180,-1
34600.429,1,438643,600,151280,-1
34600.586,2,437684,200,151290,-1
34600.593,1,438738,200,151190,-1
34600.934,2,432805,500,150900,1
34600.944,1,439031,500,150800,1
34600.983,2,439031,500,150800,1
34600.998,1,439067,600,150620,1
34601.017,2,438437,5040,151200,-1
34601.025,1,439080,500,150800,1
34601.074,1,439110,5040,151300,-1
34601.847,2,438738,200,151190,-1
34603.002,2,431908,5000,151300,-1
34603.029,2,432667,5000,151200,-1
34603.763,2,435464,500,151390,-1
34603.847,1,440885,200,151190,-1
34603.921,1,440934,500,151290,-1
34604.094,2,440934,500,151290,-1
34604.252,2,440885,200,151190,-1
34604.389,2,425289,2200,150600,1
34604.4,1,441318,2200,150200,1
34604.485,1,441390,500,151290,-1
34605.31,1,441921,200,150000,1
34605.373,1,441981,200,151140,-1
34605.421,1,442016,1100,151700,-1
34605.704,2,435061,500,150810,1
34605.873,1,442391,500,150810,1
34606.023,2,442391,500,150810,1
34606.259,2,439067,600,150620,1
34606.264,2,438643,600,151280,-1
34606.299,1,442683,200,151190,-1
34606.368,1,442746,600,151180,-1
34606.421,1,442792,500,150710,1
34606.884,1,443159,600,150520,1
34606.951,2,443159,600,150520,1
34606.954,2,442746,600,151180,-1
34607.341,2,437513,2800,150390,1
34607.422,1,443557,1400,150390,1
34607.43,1,443564,600,151180,-1
34607.456,2,443557,1400,150390,1
34607.535,1,443651,2800,150320,1
34607.553,2,443651,2800,150320,1
34607.634,1,443745,1400,150390,1
34607.985,1,444039,600,150520,1
34608.233,2,443745,1400,150390,1
34608.312,1,444283,2800,150320,1
34608.774,2,437515,2800,151180,-1
34608.855,1,444789,1400,151110,-1
34608.93,2,442683,200,151190,-1
34608.933,1,444872,200,151090,-1
34609.012,2,444789,1400,151110,-1
34609.091,1,444998,2800,151110,-1
34609.287,2,439110,5040,151300,-1
34609.345,1,445210,6300,151300,-1
34609.446,2,438421,5040,150300,1
34609.495,2,428282,1200,151600,-1
34609.505,1,445343,5040,150200,1
34609.539,1,445364,1000,151300,-1
34609.69,2,445210,6300,151300,-1
34609.757,1,445612,6300,151200,-1
34610.077,2,156153,40,157500,-1
34610.312,2,441390,500,151290,-1
34610.334,2,430613,200,151240,-1
34610.444,2,439080,500,150800,1
34610.495,1,446082,500,150700,1
34610.531,1,446105,500,151190,-1
34610.64,2,445343,5040,150200,1
34610.696,1,446281,6300,150200,1
34610.932,1,446472,4000,151200,-1
34611.675,2,433325,100,151200,-1
34611.72,2,446472,4000,151200,-1
34611.878,1,447230,100,151100,-1
34611.961,2,431466,1400,151700,-1
34611.972,1,447306,1400,151300,-1
34611.987,1,447328,4000,151100,-1
34612.032,5,427666,800,151020,1
34612.032,4,420108,200,151000,1
34612.141,2,442792,500,150710,1
34612.341,2,433366,500,151700,-1
34612.353,1,447559,500,151600,-1
34612.421,1,447605,500,150610,1
34612.569,2,445612,6300,151200,-1
34612.632,1,447786,6300,151300,-1
34612.801,1,447969,1000,151100,-1
34613.116,2,444283,2800,150320,1
34613.119,2,444998,2800,151110,-1
34613.164,2,444872,200,151090,-1
34613.201,1,448408,2800,150390,1
34613.206,1,448414,2800,151180,-1
34613.21,2,444039,600,150520,1
34613.221,2,443564,600,151180,-1
34613.269,2,446105,500,151190,-1
34613.334,1,448567,600,151280,-1
34613.511,1,448779,1000,150900,1
34613.566,1,448833,500,151090,-1
34613.778,1,449068,600,150620,1
34613.875,2,448408,2800,150390,1
34613.919,2,448414,2800,151180,-1
34613.954,1,449222,2800,150320,1
34613.979,2,449068,600,150620,1
34613.984,2,448567,600,151280,-1
34613.998,1,449261,1400,151110,-1
34614.136,2,449261,1400,151110,-1
34614.207,1,449447,200,151190,-1
34614.216,1,449453,1400,151110,-1
34614.326,1,449585,600,151180,-1
34614.842,2,449453,1400,151110,-1
34614.916,1,450203,600,150520,1
34614.924,1,450211,2800,151110,-1
34615.076,2,449222,2800,150320,1
34615.155,1,450434,1400,150320,1
34615.278,2,450434,1400,150320,1
34615.358,1,450619,2800,150320,1
34616.307,2,450619,2800,150320,1
34616.309,2,450211,2800,151110,-1
34616.386,1,451475,2800,150250,1
34616.39,1,451482,2800,151040,-1
34616.473,4,420108,800,151000,1
34616.512,1,451605,200,151090,-1
34616.52,2,449447,200,151190,-1
34617.101,2,448833,500,151090,-1
34617.155,2,446281,6300,150200,1
34617.162,2,447786,6300,151300,-1
34617.211,1,452173,6300,150100,1
34617.226,1,452187,6300,151200,-1
34617.33,1,452257,500,151190,-1
34617.54,2,450203,600,150520,1
34617.543,2,449585,600,151180,-1
34617.703,1,452596,600,151080,-1
34618.24,1,453000,600,150420,1
34618.346,2,446082,500,150700,1
34618.378,1,453095,500,150600,1
34618.571,2,453000,600,150420,1
34618.574,2,452596,600,151080,-1
34618.788,1,453457,600,151080,-1
34619.335,1,453859,600,150420,1
34619.478,4,448779,100,150900,1
34619.698,2,451482,2800,151040,-1
34619.777,1,454245,1400,151040,-1
34619.801,2,451475,2800,150250,1
34619.803,2,454245,1400,151040,-1
34619.88,1,454333,1400,150320,1
34619.883,1,454338,2800,151110,-1
34619.931,2,453859,600,150420,1
34619.938,2,453457,600,151080,-1
34619.946,1,454409,600,151180,-1
34619.989,2,447605,500,150610,1
34619.993,2,452257,500,151190,-1
34620.067,4,448779,900,150900,1
34620.103,1,454569,1000,150610,1
34620.318,1,454739,500,150510,1
34620.347,2,454409,600,151180,-1
34620.431,2,454333,1400,150320,1
34620.441,1,454845,200,151040,-1
34620.452,2,451605,200,151090,-1
34620.455,1,454854,600,150420,1
34620.51,1,454907,2800,150320,1
34620.888,1,455272,500,151090,-1
34621.038,1,455381,600,151080,-1
34621.24,2,447230,100,151100,-1
34621.351,2,447559,500,151600,-1
34621.353,1,455576,500,151500,-1
34621.471,1,455672,200,151000,-1
34621.493,2,452173,6300,150100,1
34621.501,2,452187,6300,151200,-1
34621.735,1,455889,6300,150200,1
34621.743,1,455899,6300,151300,-1
34622.374,2,447969,1000,151100,-1
34622.474,5,455437,600,150890,-1
34622.942,2,454907,2800,150320,1
34623.021,1,456868,1400,150320,1
34623.043,5,456639,200,150880,-1
34623.072,2,456868,1400,150320,1
34623.074,2,454338,2800,151110,-1
34623.103,1,456938,200,150990,-1
34623.154,1,456982,2800,150250,1
34623.158,1,456988,1400,151040,-1
34623.337,2,456988,1400,151040,-1
34623.416,1,457220,2800,151040,-1
34623.897,2,455889,6300,150200,1
34623.925,2,455899,6300,151300,-1
34623.99,1,457808,6300,150100,1
34623.994,1,457813,6300,151200,-1
34624.041,2,454854,600,150420,1
34624.046,2,455381,600,151080,-1
34624.149,1,457950,600,150980,-1
34624.591,2,454739,500,150510,1
34624.715,1,458437,600,150320,1
34624.904,1,458601,500,150610,1
34625.103,5,456639,50,150880,-1
34625.103,1,458756,100,150900,1
34625.375,2,441981,200,151140,-1
34626.576,2,458437,600,150320,1
34626.578,2,457950,600,150980,-1
34626.585,5,457966,1000,150960,-1
34626.597,5,458144,800,150970,-1
34626.597,5,458497,200,150970,-1
34626.679,1,460125,600,151080,-1
34627.033,5,460244,100,150950,-1
34627.109,1,460511,3000,150600,1
34627.131,2,155517,2000,146000,1
34627.278,1,460623,600,150420,1
34627.527,2,455272,500,151090,-1
34627.842,1,461069,500,151190,-1
34628.104,2,456938,200,150990,-1
34628.223,1,461373,200,151090,-1
34628.301,2,457808,6300,150100,1
34628.359,1,461496,6300,150200,1
34628.517,1,461639,6000,150810,1
34628.78,5,461306,200,150980,-1
34628.78,5,455664,2800,150990,-1
34629.306,2,458601,500,150610,1
34629.412,1,462437,1200,150600,1
34629.421,1,462446,500,150710,1
34630.013,2,455672,200,151000,-1
34630.574,2,460623,600,150420,1
34630.578,2,460125,600,151080,-1
34630.704,1,463317,600,151180,-1
34630.767,5,462728,100,150930,1
34630.789,2,455576,500,151500,-1
34630.793,1,463400,500,151600,-1
34630.836,2,463400,500,151600,-1
34630.888,1,463463,500,151600,-1
34631.245,1,463698,600,150520,1
34631.375,2,463463,500,151600,-1
34631.377,1,463796,500,151500,-1
34631.583,2,462446,500,150710,1
34631.902,1,464170,500,150610,1
34632.189,2,456982,2800,150250,1
34632.191,2,457220,2800,151040,-1
34632.229,2,463698,600,150520,1
34632.23,2,463317,600,151180,-1
34632.264,1,464413,600,151080,-1
34632.268,1,464419,2800,150170,1
34632.271,1,464422,2800,150970,-1
34632.789,1,464853,600,150420,1
34632.975,2,463796,500,151500,-1
34632.981,1,465024,500,151600,-1
34633.024,2,465024,500,151600,-1
34633.043,1,465073,100,151100,-1
34633.065,1,465087,500,151600,-1
34633.224,2,461373,200,151090,-1
34633.324,1,465255,200,151090,-1
34633.635,2,465073,100,151100,-1
34633.94,1,465852,100,151000,-1
34634.087,2,465087,500,151600,-1
34634.089,1,465997,500,151500,-1
34634.11,2,461496,6300,150200,1
34634.113,2,457813,6300,151200,-1
34634.166,1,466068,6300,150100,1
34634.175,1,466079,6300,151100,-1
34635.223,2,461639,6000,150810,1
34635.67,1,467497,100,150920,1
34635.756,2,465255,200,151090,-1
34635.76,1,467594,200,150990,-1
34636.434,2,464419,2800,150170,1
34636.436,2,464422,2800,150970,-1
34636.466,1,468173,1000,151000,-1
34636.491,2,467594,200,150990,-1
34636.5,2,464853,600,150420,1
34636.503,2,464413,600,151080,-1
34636.506,1,468221,600,151180,-1
34636.513,1,468230,1400,150250,1
34636.516,1,468234,2800,151040,-1
34636.623,2,468230,1400,150250,1
34636.702,1,468453,2800,150250,1
34636.775,2,468453,2800,150250,1
34636.854,1,468625,2800,150250,1
34637.024,1,468825,600,150520,1
34637.148,4,467497,100,150920,1
34637.148,4,458756,100,150900,1
34637.186,2,466068,6300,150100,1
34637.206,2,466079,6300,151100,-1
34637.248,1,469040,6300,150200,1
34637.265,1,469062,6300,151200,-1
34637.822,2,468825,600,150520,1
34637.823,2,468221,600,151180,-1
34637.845,2,461069,500,151190,-1
34637.938,1,469738,600,150420,1
34638.187,1,470015,500,151190,-1
34638.491,1,470312,600,151080,-1
34638.765,5,470155,700,150950,-1
34638.835,5,470155,300,150950,-1
34638.835,5,469619,300,150960,-1
34638.835,5,470486,500,150960,-1
34638.886,2,468234,2800,151040,-1
34638.964,2,462437,1200,150600,1
34638.966,1,470795,1400,151040,-1
34639.281,2,468625,2800,150250,1
34639.282,2,470795,1400,151040,-1
34639.361,1,471120,1400,150320,1
34639.363,1,471125,2800,151110,-1
34639.4,1,471157,2000,151000,-1
34639.516,2,464170,500,150610,1
34639.616,2,471120,1400,150320,1
34639.663,1,471380,500,150710,1
34639.711,1,471430,2800,150250,1
34639.857,2,471430,2800,150250,1
34639.911,2,469062,6300,151200,-1
34639.934,5,471096,200,150950,-1
34639.941,1,471636,2800,150320,1
34639.97,1,471668,6300,151300,-1
34640.051,2,465852,100,151000,-1
34640.157,1,471836,100,150900,-1
34640.191,5,471826,79,150890,-1
34640.199,2,469040,6300,150200,1
34640.307,1,471993,6300,150300,1
34640.445,2,454845,200,151040,-1
34640.468,5,471826,280,150890,-1
34640.685,2,471380,500,150710,1
34640.724,2,471993,6300,150300,1
34640.794,2,465997,500,151500,-1
34640.798,1,472516,500,151400,-1
34640.798,1,472517,6300,150200,1
34640.815,2,453095,500,150600,1
34640.819,1,472553,500,150700,1
34640.826,1,472567,500,150610,1
34640.851,2,472553,500,150700,1
34640.894,1,472680,500,150700,1
34641.011,2,472517,6300,150200,1
34641.07,1,472945,6300,150300,1
34642.073,2,471636,2800,150320,1
34642.153,1,474081,1400,150320,1
34642.254,2,474081,1400,150320,1
34642.256,2,471125,2800,151110,-1
34642.35,1,474316,2800,150250,1
34642.354,1,474323,1400,151040,-1
34642.612,2,474323,1400,151040,-1
34642.692,1,474738,2800,151040,-1
34643.075,2,472945,6300,150300,1
34643.132,1,475213,6300,150200,1
34643.147,2,471668,6300,151300,-1
34643.283,1,475331,6300,151200,-1
34643.878,1,475828,1100,150500,1
34644.133,2,474738,2800,151040,-1
34644.211,1,476097,1400,151040,-1
34644.51,2,474316,2800,150250,1
34644.513,2,476097,1400,151040,-1
34644.604,1,476429,2800,150320,1
34644.608,1,476434,2800,151110,-1
34644.773,5,476335,900,150810,1
34644.802,5,476335,100,150810,1
34645.099,2,475213,6300,150200,1
34645.117,2,475331,6300,151200,-1
34645.165,1,477025,6300,150300,1
34645.182,1,477038,6300,151300,-1
34645.222,2,469738,600,150420,1
34645.225,2,470312,600,151080,-1
34645.327,1,477179,600,150420,1
34645.423,2,470015,500,151190,-1
34645.431,2,477179,600,150420,1
34645.497,1,477331,100,151000,-1
34645.585,1,477414,500,151090,-1
34645.864,1,477756,600,150520,1
34646.187,1,478014,400,150710,1
34646.418,1,478236,600,151180,-1
34646.935,2,478014,400,150710,1
34646.978,1,478735,400,150610,1
34647.924,2,471157,2000,151000,-1
34648.537,2,454569,1000,150610,1
34648.541,2,447328,4000,151100,-1
34649.05,2,477414,500,151090,-1
34649.118,1,480449,500,151190,-1
34649.129,1,480463,400,151290,-1
34649.387,1,480715,150,150800,1
34649.392,1,480719,150,150800,1
34649.429,4,480715,150,150800,1
34649.429,4,480719,150,150800,1
34649.752,2,471836,100,150900,-1
34649.79,1,481071,1000,150990,-1
34649.95,1,481243,200,150800,-1
34650.261,2,477756,600,150520,1
34650.265,2,478236,600,151180,-1
34650.328,2,481243,200,150800,-1
34650.364,1,481623,600,150420,1
34650.432,1,481682,200,150900,-1
34650.437,2,480463,400,151290,-1
34650.452,1,481698,400,151190,-1
34650.585,2,481071,1000,150990,-1
34650.787,5,481924,300,150810,1
34650.835,2,472567,500,150610,1
34650.909,5,482189,1000,150800,1
34650.921,1,482228,600,151080,-1
34651.015,1,482306,500,150610,1
34651.159,2,481682,200,150900,-1
34651.469,2,476429,2800,150320,1
34651.52,2,476434,2800,151110,-1
34651.524,1,482766,2000,150900,-1
34651.53,2,472680,500,150700,1
34651.532,1,482772,500,150600,1
34651.548,1,482789,2800,150250,1
34651.581,2,482772,500,150600,1
34651.603,1,482858,2800,151040,-1
34651.628,1,482892,500,150600,1
34652.239,1,483575,200,150900,-1
34652.305,2,472516,500,151400,-1
34652.307,1,483625,500,151500,-1
34652.338,2,483625,500,151500,-1
34652.388,1,483691,500,151500,-1
34652.962,2,482306,500,150610,1
34653.107,2,482892,500,150600,1
34653.107,1,484420,500,150710,1
34653.11,1,484424,500,150500,1
34653.121,2,477025,6300,150300,1
34653.16,2,484424,500,150500,1
34653.169,2,477038,6300,151300,-1
34653.182,1,484493,6300,150200,1
34653.201,1,484510,500,150500,1
34653.264,1,484568,6300,151200,-1
34653.324,2,478735,400,150610,1
34653.493,1,484767,6000,150710,1
34653.625,1,484880,400,150510,1
34653.766,1,485039,70,160000,-1
34653.789,2,483575,200,150900,-1
34653.982,2,482858,2800,151040,-1
34654.031,2,484880,400,150510,1
34654.061,1,485249,1400,151040,-1
34654.123,2,485249,1400,151040,-1
34654.164,2,482789,2800,150250,1
34654.203,1,485388,2800,151110,-1
34654.244,1,485437,1400,150320,1
34654.271,1,485468,400,150610,1
34654.346,1,485538,600,150700,1
34654.41,2,483691,500,151500,-1
34654.413,1,485616,500,151400,-1
34654.457,2,485616,500,151400,-1
34654.486,2,485437,1400,150320,1
34654.488,2,485388,2800,151110,-1
34654.494,1,485673,500,151400,-1
34654.555,2,484493,6300,150200,1
34654.567,1,485742,2800,150250,1
34654.572,1,485749,1400,151040,-1
34654.574,2,484568,6300,151200,-1
34654.619,1,485800,6300,150300,1
34654.64,2,485749,1400,151040,-1
34654.65,1,485852,6300,151300,-1
34654.719,1,485927,2800,151040,-1
34654.849,2,485800,6300,150300,1
34654.901,2,485852,6300,151300,-1
34654.918,1,486158,6300,150200,1
34654.949,2,485468,400,150610,1
34655.042,1,486307,6300,151200,-1
34655.469,2,481698,400,151190,-1
34655.738,1,486884,400,151090,-1
34656.451,1,487434,10000,150900,-1
34656.823,2,468173,1000,151000,-1
34656.899,2,482766,2000,150900,-1
34658.891,1,489331,500,150900,-1
34659.124,2,480449,500,151190,-1
34659.341,1,489675,500,151190,-1
34660.224,2,485742,2800,150250,1
34660.226,2,485927,2800,151040,-1
34660.303,1,490379,2800,150170,1
34660.305,1,490382,2800,150970,-1
34660.365,2,481623,600,150420,1
34660.425,1,490495,200,150890,-1
34660.487,2,490495,200,150890,-1
34660.646,1,490683,600,150420,1
34660.861,1,490842,2000,150800,-1
34660.925,2,482228,600,151080,-1
34660.961,1,490939,200,150790,-1
34661.196,1,491135,600,151080,-1
34661.459,4,490939,200,150790,-1
34661.459,5,491016,711,150790,-1
34661.532,1,491417,200,150790,-1
34662.044,4,491417,150,150790,-1
34662.118,2,491417,50,150790,-1
34662.207,1,491923,50,150790,-1
34662.992,2,491923,50,150790,-1
34663.105,2,484420,500,150710,1
34663.226,5,492170,300,150780,-1
34663.226,5,492191,1000,150780,-1
34663.226,4,490842,2000,150800,-1
34663.226,1,492750,1700,150800,1
34663.426,2,485673,500,151400,-1
34663.428,1,492915,500,151300,-1
34663.57,1,493034,500,150710,1
34663.615,2,475828,1100,150500,1
34664.735,2,487434,10000,150900,-1
34664.898,2,485538,600,150700,1
34664.937,2,492915,500,151300,-1
34664.942,1,494080,500,151400,-1
34664.989,2,494080,500,151400,-1
34665.025,1,494128,500,151400,-1
34665.276,5,491963,600,150890,-1
34665.294,1,494361,800,150710,1
34665.448,1,494499,100,150850,-1
34665.735,2,486884,400,151090,-1
34665.829,1,494787,600,150800,1
34665.841,2,490379,2800,150170,1
34665.843,2,490382,2800,150970,-1
34665.886,2,490683,600,150420,1
34665.889,2,491135,600,151080,-1
34665.896,1,494838,600,150520,1
34665.921,1,494868,2800,150250,1
34665.926,1,494873,2800,151040,-1
34665.932,1,494881,400,151090,-1
34666.309,2,484767,6000,150710,1
34666.463,1,495341,600,151180,-1
34666.479,1,495366,400,150610,1
34667.517,4,494499,100,150850,-1
34667.531,4,489331,500,150900,-1
34668.189,2,494881,400,151090,-1
34668.311,1,496826,400,151190,-1
34668.529,1,496960,800,151190,-1
34668.83,2,494128,500,151400,-1
34668.836,1,497226,500,151500,-1
34668.876,2,497226,500,151500,-1
34668.913,1,497272,500,151500,-1
34669.29,2,492750,1700,150800,1
34669.346,2,489675,500,151190,-1
34669.576,1,497693,500,151190,-1
34670.054,5,496211,600,150990,-1
34670.054,5,496269,400,150990,-1
34670.241,4,477331,100,151000,-1
34670.293,1,498277,6700,150810,1
34670.296,2,494361,800,150710,1
34670.386,1,498360,800,150710,1
34670.976,5,498290,1000,151000,-1
34671.051,2,494868,2800,150250,1
34671.131,1,498958,1400,150250,1
34671.17,2,498958,1400,150250,1
34671.249,1,499044,2800,150250,1
34671.716,2,486307,6300,151200,-1
34671.738,2,497272,500,151500,-1
34671.748,1,499467,500,151600,-1
34671.772,1,499484,6300,151300,-1
34671.79,2,499467,500,151600,-1
34671.843,1,499560,500,151600,-1
34672.002,1,499671,600,150900,1
34672.258,2,499560,500,151600,-1
34672.26,1,499853,500,151500,-1
34672.751,2,499853,500,151500,-1
34672.753,1,500313,500,151600,-1
34672.798,2,500313,500,151600,-1
34672.842,1,500397,500,151600,-1
34673.068,2,499044,2800,150250,1
34673.147,1,500601,1400,150250,1
34673.206,2,500601,1400,150250,1
34673.21,2,494873,2800,151040,-1
34673.288,1,500724,2800,150170,1
34673.292,1,500727,1400,150970,-1
34673.302,1,500742,1500,151280,-1
34673.324,4,500727,1400,150970,-1
34673.338,5,499789,100,150960,1
34673.338,5,500673,476,150950,1
34673.338,5,499686,24,150920,1
34673.375,1,500812,2800,151040,1
34673.504,1,500922,100,138000,1
34673.522,4,500812,1400,151040,1
34673.535,2,496960,800,151190,-1
34673.564,2,499484,6300,151300,-1
34673.576,2,493034,500,150710,1
34673.613,4,500812,300,151040,1
34673.626,1,501038,6300,151200,-1
34673.64,1,501050,150,151200,-1
34673.646,1,501054,500,150710,1
34673.667,1,501072,800,151190,-1
34673.84,2,494838,600,150520,1
34673.843,2,495341,600,151180,-1
34673.91,2,494787,600,150800,1
34673.94,2,499671,600,150900,1
34673.943,1,501368,600,151280,-1
34674.004,4,500812,500,151040,1
34674.091,2,500724,2800,150170,1
34674.23,1,501604,2800,150600,1
34674.231,1,501605,2800,151400,-1
34674.342,2,500397,500,151600,-1
34674.346,1,501720,500,151500,-1
34674.406,2,501720,500,151500,-1
34674.453,1,501809,500,151500,-1
34674.508,1,501870,600,150620,1
34674.64,4,500812,600,151040,1
34674.64,1,502017,800,151000,-1
34674.67,4,502017,800,151000,-1
34674.726,1,502108,200,150910,1
34674.787,2,502108,200,150910,1
34674.872,2,501072,800,151190,-1
34674.981,1,502331,800,151190,-1
34675.242,2,501809,500,151500,-1
34675.245,1,502551,500,151600,-1
34675.277,1,502580,200,150910,1
34675.29,2,502551,500,151600,-1
34675.312,2,486158,6300,150200,1
34675.317,2,501038,6300,151200,-1
34675.331,1,502648,500,151600,-1
34675.334,2,502580,200,150910,1
34675.373,1,502685,6300,150300,1
34675.386,2,498360,800,150710,1
34675.404,1,502720,6300,151300,-1
34675.549,1,502821,800,150710,1
34675.637,1,502894,1300,151200,-1
34675.819,1,503065,200,150910,1
34675.877,2,503065,200,150910,1
34675.916,2,502894,1300,151200,-1
34675.931,5,503075,200,150910,1
34676.013,1,503213,1000,151500,-1
34676.241,1,503385,1000,151180,-1
34676.275,1,503402,100,151100,-1
34676.304,2,503385,1000,151180,-1
34676.365,2,503402,100,151100,-1
34676.366,1,503458,200,150910,1
34676.427,2,503458,200,150910,1
34676.486,2,495366,400,150610,1
34676.75,1,503805,400,150610,1
34676.809,5,503669,200,150980,-1
34676.864,1,503922,300,151100,-1
34676.912,1,503959,200,150910,1
34676.972,2,503959,200,150910,1
34677.352,2,502648,500,151600,-1
34677.355,1,504255,500,151500,-1
34677.412,2,504255,500,151500,-1
34677.444,1,504317,500,151500,-1
34677.458,1,504323,200,150910,1
34677.516,2,504323,200,150910,1
34677.734,2,484510,500,150500,1
34677.739,1,504504,500,150600,1
34677.775,2,504504,500,150600,1
34677.811,1,504551,500,150600,1
34677.825,2,503922,300,151100,-1
34677.936,2,504317,500,151500,-1
34677.952,1,504645,500,151600,-1
34677.979,2,504645,500,151600,-1
34678.006,1,504681,200,150910,1
34678.015,1,504687,500,151600,-1
34678.064,2,504681,200,150910,1
34678.092,2,503805,400,150610,1
34678.207,1,504878,400,150710,1
34678.316,2,496826,400,151190,-1
34678.544,2,504687,500,151600,-1
34678.555,1,505190,500,151500,-1
34678.581,2,505190,500,151500,-1
34678.589,2,500742,1500,151280,-1
34678.593,1,505221,200,150910,1
34678.615,2,501604,2800,150600,1
34678.618,2,501605,2800,151400,-1
34678.639,1,505293,500,151500,-1
34678.694,1,505358,2800,150670,1
34678.697,1,505364,2800,151470,-1
34678.697,2,505221,200,150910,1
34678.769,2,501870,600,150620,1
34678.771,2,501368,600,151280,-1
34678.774,1,505445,600,151380,-1
34678.828,2,498277,6700,150810,1
34678.866,1,505533,400,151290,-1
34679.0,1,505657,1500,150620,1
34679.109,1,505785,200,150810,1
34679.17,2,505785,200,150810,1
34679.278,1,505968,600,150720,1
34679.318,1,506021,600,150900,1
34679.542,2,505293,500,151500,-1
34679.548,1,506198,500,151600,-1
34679.575,2,497693,500,151190,-1
34679.6,2,506198,500,151600,-1
34679.637,1,506281,500,151600,-1
34679.647,1,506292,200,151010,1
34679.698,2,502685,6300,150300,1
34679.711,2,506292,200,151010,1
34679.749,1,506385,500,151190,-1
34679.753,1,506389,6300,150400,1
34679.987,2,502331,800,151190,-1
34680.124,1,506751,800,151190,-1
34680.21,1,506831,200,151010,1
34680.27,2,506831,200,151010,1
34680.344,2,506281,500,151600,-1
34680.347,1,506967,500,151500,-1
34680.545,2,502821,800,150710,1
34680.591,1,507156,100,150910,1
34680.667,1,507247,800,150710,1
34680.766,1,507352,200,151010,1
34680.825,2,507352,200,151010,1
34681.25,2,504551,500,150600,1
34681.259,1,507763,500,150700,1
34681.336,1,507841,200,151010,1
34681.393,2,507841,200,151010,1
34681.799,2,506967,500,151500,-1
34681.805,1,508252,500,151600,-1
34681.857,2,508252,500,151600,-1
34681.889,1,508316,200,151010,1
34681.899,1,508325,500,151600,-1
34681.95,2,508316,200,151010,1
34681.955,1,508376,1200,150600,1
34682.033,5,508379,100,151050,1
34682.033,5,508439,400,151050,1
34682.34,1,508687,150,151000,1
34682.445,1,508759,200,151110,1
34682.508,2,508759,200,151110,1
34682.534,2,508325,500,151600,-1
34682.536,1,508849,500,151500,-1
34682.601,2,504878,400,150710,1
34682.71,1,509013,400,150810,1
34682.988,1,509231,200,151110,1
34683.187,2,509231,200,151110,1
34683.248,2,508849,500,151500,-1
34683.255,1,509451,500,151600,-1
34683.309,2,509451,500,151600,-1
34683.349,1,509538,500,151600,-1
34683.468,2,506021,600,150900,1
34683.538,1,509670,200,151110,1
34683.547,4,509670,200,151110,1
34683.646,2,501054,500,150710,1
34683.739,1,509893,500,150710,1
34684.097,5,509679,150,151090,-1
34684.721,2,505358,2800,150670,1
34684.8,1,510857,1400,150670,1
34685.111,1,511145,200,151100,-1
34685.125,2,506751,800,151190,-1
34685.144,2,510857,1400,150670,1
34685.146,2,505364,2800,151470,-1
34685.222,1,511255,2800,150600,1
34685.228,1,511259,1400,151400,-1
34685.234,2,509013,400,150810,1
34685.261,1,511296,800,151190,-1
34685.272,2,511145,200,151100,-1
34685.423,1,511432,400,150710,1
34685.602,2,511259,1400,151400,-1
34685.666,2,507247,800,150710,1
34685.682,1,511731,2800,151400,-1
34685.706,2,505968,600,150720,1
34685.712,2,505445,600,151380,-1
34685.785,1,511843,600,151280,-1
34685.809,1,511871,800,150710,1
34685.894,1,511948,600,151000,1
34685.983,2,505657,1500,150620,1
34686.084,2,506389,6300,150400,1
34686.1,5,512053,100,151080,-1
34686.141,1,512170,6300,150300,1
34686.33,1,512357,600,150620,1
34686.617,2,505533,400,151290,-1
34686.854,2,507763,500,150700,1
34686.884,1,512847,100,151100,-1
34686.894,1,512858,500,150600,1
34686.933,5,512754,50,151090,-1
34686.933,5,512836,150,151090,-1
34686.936,1,512902,400,151190,-1
34687.158,5,512836,200,151090,-1
34687.173,2,512847,100,151100,-1
34687.194,1,513096,100,151200,-1
34687.28,2,513096,100,151200,-1
34687.743,2,511255,2800,150600,1
34687.745,2,511731,2800,151400,-1
34687.822,1,513671,2800,150530,1
34687.826,1,513675,1400,151330,-1
34688.149,2,513675,1400,151330,-1
34688.184,2,512170,6300,150300,1
34688.2,2,502720,6300,151300,-1
34688.229,1,514042,2800,151400,-1
34688.263,1,514076,6300,150200,1
34688.285,1,514110,6300,151200,-1
34688.29,2,513671,2800,150530,1
34688.372,1,514189,1400,150600,1
34688.392,2,514189,1400,150600,1
34688.472,1,514271,2800,150600,1
34688.476,1,514278,100,151200,-1
34688.561,2,509538,500,151600,-1
34688.609,1,514438,500,151700,-1
34688.658,2,511296,800,151190,-1
34688.666,2,514438,500,151700,-1
34688.709,1,514544,500,151700,-1
34688.714,2,514278,100,151200,-1
34688.761,1,514594,800,151090,-1
34688.787,4,514594,500,151090,-1
34688.799,1,514640,100,151100,-1
34688.847,2,514110,6300,151200,-1
34688.989,1,514812,6300,151300,-1
34688.997,4,514594,300,151090,-1
34688.997,5,514636,700,151090,-1
34689.006,5,514636,200,151090,-1
34689.038,2,511871,800,150710,1
34689.199,2,514640,100,151100,-1
34689.246,2,512902,400,151190,-1
34689.26,2,514812,6300,151300,-1
34689.311,1,515028,800,150910,1
34689.356,1,515077,400,151290,-1
34689.364,1,515079,6300,151200,-1
34689.547,2,514076,6300,150200,1
34689.577,2,514544,500,151700,-1
34689.581,1,515247,500,151600,-1
34689.61,1,515278,6300,150300,1
34689.746,2,506385,500,151190,-1
34689.82,2,515079,6300,151200,-1
34689.858,1,515498,800,151190,-1
34689.875,1,515510,6300,151300,-1
34689.973,1,515606,500,151190,-1
34691.141,2,447306,1400,151300,-1
34691.144,1,516578,1400,151400,-1
34691.147,2,515077,400,151290,-1
34691.254,1,516645,400,151190,-1
34691.501,2,515498,800,151190,-1
34691.507,2,516645,400,151190,-1
34691.604,1,516872,800,151190,-1
34691.659,2,516872,800,151190,-1
34691.788,1,517049,400,151190,-1
34692.062,2,514271,2800,150600,1
34692.128,2,514042,2800,151400,-1
34692.146,1,517276,2800,150530,1
34692.155,1,517286,800,151290,-1
34692.208,1,517346,1400,151330,-1
34692.209,2,517286,800,151290,-1
34692.706,1,517758,800,151190,-1
34692.818,2,515510,6300,151300,-1
34692.874,1,517908,6300,151200,-1
34692.904,2,517346,1400,151330,-1
34692.983,1,518016,2800,151330,-1
34693.441,5,518253,600,151080,-1
34693.736,2,509893,500,150710,1
34693.825,1,518675,500,150710,1
34694.316,2,515028,800,150910,1
34694.448,1,519090,800,150910,1
34694.466,2,501050,150,151200,-1
34694.8,2,517276,2800,150530,1
34694.803,2,518016,2800,151330,-1
34694.88,1,519434,1400,150600,1
34694.886,1,519441,2800,151400,-1
34694.895,2,519434,1400,150600,1
34694.899,2,519441,2800,151400,-1
34694.973,1,519529,2800,150530,1
34694.978,1,519534,2800,151330,-1
34695.171,2,519534,2800,151330,-1
34695.251,1,519759,1400,151330,-1
34695.269,2,519529,2800,150530,1
34695.274,2,519759,1400,151330,-1
34695.351,1,519859,1400,150600,1
34695.409,1,519911,100,151010,1
34695.414,1,519916,2800,151400,-1
34695.427,2,511432,400,150710,1
34695.49,2,519859,1400,150600,1
34695.493,2,519916,2800,151400,-1
34695.609,1,520078,2800,150530,1
34695.611,1,520081,2800,151330,-1
34695.67,1,520153,400,150710,1
34695.786,2,511843,600,151280,-1
34695.922,1,520356,600,151280,-1
34695.938,1,520371,1500,151280,-1
34696.326,2,512357,600,150620,1
34696.425,2,519090,800,150910,1
34696.458,1,520827,600,150620,1
34696.462,2,515278,6300,150300,1
34696.468,2,517908,6300,151200,-1
34696.518,1,520876,6300,150400,1
34696.533,1,520889,800,150810,1
34696.54,1,520895,6300,151300,-1
34696.746,2,520876,6300,150400,1
34696.892,1,521227,6300,150300,1
34697.155,2,520895,6300,151300,-1
34697.237,1,521477,6300,151200,-1
34697.707,2,517758,800,151190,-1
34698.014,2,520153,400,150710,1
34698.058,1,522160,800,151190,-1
34698.208,2,520078,2800,150530,1
34698.211,2,520081,2800,151330,-1
34698.239,2,508687,150,151000,1
34698.288,1,522349,2800,150460,1
34698.291,1,522350,1400,151250,-1
34698.321,1,522389,200,151090,-1
34698.384,2,522350,1400,151250,-1
34698.465,1,522543,2800,151250,-1
34698.514,2,520827,600,150620,1
34698.517,2,520356,600,151280,-1
34698.566,2,520371,1500,151280,-1
34698.635,1,522719,600,151180,-1
34698.67,2,511948,600,151000,1
34698.779,2,521227,6300,150300,1
34698.792,2,521477,6300,151200,-1
34698.837,1,522920,6300,150200,1
34698.846,1,522927,6300,151100,-1
34698.962,1,523066,400,150610,1
34699.225,1,523299,600,150520,1
34699.229,1,523302,1000,151000,1
34699.39,2,517049,400,151190,-1
34699.653,4,519911,100,151010,1
34699.737,1,523876,400,151090,-1
34699.768,2,512858,500,150600,1
34699.776,1,523914,500,150500,1
34699.827,2,523914,500,150500,1
34699.869,1,523997,500,150500,1
34699.976,2,515606,500,151190,-1
34699.983,4,523302,1000,151000,1
34700.1,2,522389,200,151090,-1
34700.125,1,524265,500,151190,-1
34700.193,1,524328,200,150990,-1
34700.335,2,518675,500,150710,1
34700.417,2,524265,500,151190,-1
34700.576,5,524413,100,150980,-1
34700.596,2,507156,100,150910,1
34700.704,1,524875,500,151090,-1
34700.819,5,524413,100,150980,-1
34701.249,1,525378,500,150610,1
34701.536,2,520889,800,150810,1
34701.569,1,525607,1000,150620,1
34701.666,1,525715,800,150810,1
34701.829,2,523299,600,150520,1
34701.831,2,522719,600,151180,-1
34701.845,1,525876,1500,151100,-1
34701.912,1,525928,600,151080,-1
34702.052,5,525735,70,150860,1
34702.364,2,523066,400,150610,1
34702.37,5,526208,100,150940,-1
34702.37,5,525222,50,150960,-1
34702.436,1,526429,1400,151000,-1
34702.459,1,526450,600,150420,1
34702.469,5,526452,100,150940,-1
34702.469,5,526425,50,150950,-1
34702.576,2,522349,2800,150460,1
34702.611,2,522543,2800,151250,-1
34702.647,2,525876,1500,151100,-1
34702.655,1,526670,2800,150390,1
34702.696,1,526734,2800,151180,-1
34702.751,2,522160,800,151190,-1
34702.796,2,526450,600,150420,1
34702.803,2,525928,600,151080,-1
34702.975,1,527081,5000,151000,-1
34702.976,2,515247,500,151600,-1
34702.982,1,527092,500,151500,-1
34703.061,1,527190,600,150980,-1
34703.089,1,527216,800,151090,-1
34703.193,2,524328,200,150990,-1
34703.196,1,527349,200,150890,-1
34703.315,1,527491,100,151000,-1
34703.431,2,525378,500,150610,1
34703.438,2,525715,800,150810,1
34703.48,1,527680,50,144200,1
34703.631,1,527865,600,150320,1
34703.635,1,527873,800,150710,1
34703.728,2,527349,200,150890,-1
34703.731,1,528007,200,150990,-1
34703.736,2,524875,500,151090,-1
34703.843,2,522920,6300,150200,1
34703.855,2,522927,6300,151100,-1
34703.858,2,523876,400,151090,-1
34703.901,1,528187,6300,150100,1
34703.913,1,528197,6300,151000,-1
34703.954,1,528242,500,150990,-1
34703.967,2,528007,200,150990,-1
34704.156,2,508376,1200,150600,1
34704.273,1,528528,200,151090,-1
34704.388,2,528197,6300,151000,-1
34704.497,1,528755,500,150510,1
34704.624,1,528889,6300,151100,-1
