34200.012,5,183043,4,136010,1
34200.259,5,183043,1,136010,1
34200.961,1,185064,900,138000,-1
34200.965,1,185065,2000,137500,-1
34201.307,1,185303,268,149500,-1
34201.311,1,185309,600,137500,-1
34201.402,2,183723,1400,135780,1
34201.403,2,183738,1400,136580,-1
34201.447,1,185388,1400,135850,1
34201.452,1,185396,1400,136650,-1
34201.792,1,185689,100,136200,-1
34202.113,2,185396,1400,136650,-1
34202.152,1,185940,1400,136720,-1
34202.269,2,185388,1400,135850,1
34202.311,1,186046,1400,135920,1
34202.686,1,186303,100,136000,1
34202.693,1,186306,100,135300,1
34203.232,5,186320,1000,136020,1
34203.398,5,186320,200,136020,1
34203.398,5,186324,600,136010,1
34203.442,4,186303,100,136000,1
34203.442,5,186263,200,136000,1
34203.442,5,186305,500,136000,1
34203.883,5,186305,100,136000,1
34204.253,5,186305,40,136000,1
34204.254,5,186305,2000,136000,1
34204.292,5,186305,900,136000,1
34204.466,5,186305,500,136000,1
34204.772,5,186305,100,136000,1
34205.092,2,185940,1400,136720,-1
34205.131,1,187983,1400,136790,-1
34205.139,2,186046,1400,135920,1
34205.178,1,188022,1400,136000,1
34205.398,4,188022,900,136000,1
34205.506,4,188022,500,136000,1
34205.506,5,186305,900,136000,1
34205.555,1,188358,1000,135710,1
34205.957,5,186305,100,136000,1
34206.748,5,186305,60,136000,1
34206.748,5,186898,300,136000,1
34206.789,1,189485,21,136000,-1
34206.945,4,189485,21,136000,-1
34206.948,5,189603,179,136000,1
34207.038,2,188358,1000,135710,1
34207.058,1,189707,100,135920,1
34207.111,2,189707,100,135920,1
34207.229,1,189806,45,136000,-1
34207.248,1,189824,1400,135920,1
34207.263,2,189824,1400,135920,1
34207.311,4,189806,45,136000,-1
34207.311,1,189879,1355,136000,1
34207.315,2,189879,1355,136000,1
34207.324,2,187983,1400,136790,-1
34207.387,1,189945,1400,135920,1
34207.394,1,189953,1400,136720,-1
34207.455,1,189991,100,135910,1
34207.547,2,189945,1400,135920,1
34207.949,1,190378,1400,136000,1
34207.952,2,189953,1400,136720,-1
34208.02,1,190430,1400,136430,-1
34208.224,1,190614,200,136100,-1
34208.394,4,190378,800,136000,1
34208.605,2,189991,100,135910,1
34208.613,5,190741,500,136050,-1
34208.613,4,190614,200,136100,-1
34208.613,5,190619,100,136100,-1
34208.779,2,190430,1400,136430,-1
34208.817,1,191078,1400,136500,-1
34208.819,1,191082,1000,136190,-1
34208.852,1,191108,200,136100,-1
34208.898,2,191078,1400,136500,-1
34208.961,2,191082,1000,136190,-1
34208.969,4,190378,200,136000,1
34209.072,2,190378,400,136000,1
34209.095,5,191305,100,136080,-1
34209.108,1,191329,1400,135640,1
34209.118,1,191341,1400,136430,-1
34209.416,2,191329,1400,135640,1
34209.417,2,191341,1400,136430,-1
34209.455,1,191599,1400,135710,1
34209.458,1,191601,1400,136500,-1
34209.823,2,191599,1400,135710,1
34209.956,2,191601,1400,136500,-1
34209.993,1,191970,1400,136150,-1
34211.048,1,192626,1400,135780,1
34211.051,2,191970,1400,136150,-1
34211.089,1,192643,1400,136220,-1
34211.496,2,191108,200,136100,-1
34211.499,5,192721,100,136000,1
34211.579,2,166906,4900,136400,-1
34212.679,5,193702,42,136080,-1
34212.866,1,193875,250,137500,-1
34214.17,1,194751,100,68000,1
34214.341,1,194861,1000,135790,1
34214.367,2,194861,1000,135790,1
34214.38,2,194751,100,68000,1
34214.695,1,195182,1000,135790,1
34214.75,2,192643,1400,136220,-1
34214.788,1,195265,1400,136290,-1
34214.824,2,192626,1400,135780,1
34214.865,1,195346,1400,135850,1
34214.873,2,195346,1400,135850,1
34214.877,2,195265,1400,136290,-1
34214.898,2,195182,1000,135790,1
34214.915,1,195386,1400,135920,1
34214.918,1,195390,1400,136360,-1
34214.929,1,195401,1000,135860,1
34215.179,2,195390,1400,136360,-1
34215.219,1,195628,1400,136430,-1
34215.409,2,195386,1400,135920,1
34215.415,2,195628,1400,136430,-1
34215.464,1,195852,1400,135850,1
34215.468,1,195857,1400,136360,-1
34215.914,2,195852,1400,135850,1
34215.955,1,196309,1400,135920,1
34216.045,2,195857,1400,136360,-1
34216.084,1,196409,1400,136430,-1
34216.158,2,196409,1400,136430,-1
34216.202,1,196474,1400,136360,-1
34216.663,2,196309,1400,135920,1
34216.68,2,195401,1000,135860,1
34216.711,1,196899,1000,135710,1
34216.766,1,196950,1400,135850,1
34216.851,2,196899,1000,135710,1
34216.872,2,196950,1400,135850,1
34216.882,1,197057,1000,135860,1
34216.893,2,196474,1400,136360,-1
34216.938,1,197106,1400,135920,1
34216.953,1,197125,1400,136290,-1
34217.136,2,197125,1400,136290,-1
34217.182,1,197356,1400,136360,-1
34217.22,2,197106,1400,135920,1
34217.32,1,197484,1400,135850,1
34217.325,2,197356,1400,136360,-1
34217.367,1,197520,1400,136290,-1
34217.407,2,197484,1400,135850,1
34217.417,2,197520,1400,136290,-1
34217.452,1,197583,1400,135920,1
34217.459,1,197592,1400,136360,-1
34218.586,2,197057,1000,135860,1
34220.137,5,192881,26,136180,-1
34220.139,2,197583,1400,135920,1
34220.142,2,197592,1400,136360,-1
34220.164,1,199555,1000,135710,1
34220.191,1,199589,1400,135850,1
34220.195,1,199592,1400,136290,-1
34220.566,2,199589,1400,135850,1
34220.567,2,199592,1400,136290,-1
34220.609,1,199945,1400,135920,1
34220.612,1,199947,1400,136360,-1
34220.941,2,199945,1400,135920,1
34220.942,2,199947,1400,136360,-1
34220.984,1,200278,1400,135850,1
34220.99,1,200285,1400,136290,-1
34221.227,1,200494,200,130500,1
34221.453,1,200616,2600,136100,1
34221.639,2,200278,1400,135850,1
34221.642,2,200285,1400,136290,-1
34221.68,1,200787,1400,135920,1
34221.686,1,200791,1400,136360,-1
34222.231,5,200982,42,136120,1
34222.231,4,200616,2558,136100,1
34222.271,4,200616,42,136100,1
34222.731,1,201644,1000,136100,-1
34222.778,5,201663,53,136080,-1
34223.035,5,201663,1000,136080,-1
34223.062,2,200787,1400,135920,1
34223.064,2,200791,1400,136360,-1
34223.101,1,202009,1400,135850,1
34223.106,1,202013,1400,136290,-1
34223.219,2,202009,1400,135850,1
34223.222,2,202013,1400,136290,-1
34223.26,1,202183,1400,135920,1
34223.262,1,202186,1400,136360,-1
34223.756,1,202679,1500,136020,1
34224.105,5,201663,21,136080,-1
34224.105,4,201644,18,136100,-1
34224.11,4,201644,982,136100,-1
34224.252,2,202679,1500,136020,1
34224.809,2,202183,1400,135920,1
34224.812,2,202186,1400,136360,-1
34224.849,1,203699,1400,135850,1
34224.852,1,203701,1400,136290,-1
34226.178,2,199555,1000,135710,1
34226.211,1,204745,1000,135860,1
34226.795,5,203026,116,136190,-1
34227.427,1,205518,200,136100,1
34227.515,2,203701,1400,136290,-1
34227.555,1,205584,1400,136360,-1
34227.755,2,205584,1400,136360,-1
34227.757,1,205756,1500,136380,-1
34227.793,1,205778,1400,136290,-1
34227.884,1,205845,5000,133600,1
34228.003,2,185689,100,136200,-1
34228.045,2,203699,1400,135850,1
34228.047,2,205778,1400,136290,-1
34228.084,2,205756,1500,136380,-1
34228.087,1,205956,1400,136000,1
34228.09,1,205959,1400,136430,-1
34228.151,1,206004,1000,136390,-1
34228.643,2,205956,1400,136000,1
34228.647,2,205959,1400,136430,-1
34228.685,1,206362,1400,136070,1
34228.689,1,206366,1400,136500,-1
34229.068,2,206362,1400,136070,1
34229.07,2,206366,1400,136500,-1
34229.112,1,206695,1400,135920,1
34229.114,1,206697,1400,136360,-1
34229.56,2,206695,1400,135920,1
34229.561,2,206697,1400,136360,-1
34229.604,1,207026,1400,136070,1
34229.607,1,207029,1400,136500,-1
34231.094,1,207944,1500,136480,-1
34231.236,2,207944,1500,136480,-1
34231.934,5,207014,484,136380,-1
34231.934,5,208226,2000,136380,-1
34231.934,5,208238,1000,136380,-1
34231.934,4,206004,1000,136390,-1
34231.934,4,175079,3516,136400,-1
34232.259,1,208616,1000,136390,-1
34232.46,2,204745,1000,135860,1
34232.467,1,208738,1500,136480,-1
34233.152,1,209215,26,136300,1
34233.319,1,209352,400,136200,1
34233.333,5,209282,26,136320,1
34233.419,4,208616,1000,136390,-1
34233.419,4,175079,3400,136400,-1
34233.426,1,209448,200,136200,1
34234.554,4,175079,84,136400,-1
34235.128,2,207026,1400,136070,1
34235.174,1,210836,1400,135920,1
34235.177,2,210836,1400,135920,1
34235.363,1,210983,1400,136000,1
34235.874,5,210442,200,136470,-1
34235.924,2,210983,1400,136000,1
34236.191,2,209215,26,136300,1
34236.293,2,207029,1400,136500,-1
34236.331,1,211730,1400,136790,-1
34236.353,5,210442,44,136470,-1
34236.356,5,210442,48,136470,-1
34236.419,5,210442,708,136470,-1
34236.419,4,208738,981,136480,-1
34236.526,2,208738,519,136480,-1
34236.576,1,211939,1400,136070,1
34236.577,2,211730,1400,136790,-1
34236.618,1,211969,1400,136860,-1
34236.657,2,211939,1400,136070,1
34236.671,1,212020,519,136580,-1
34236.755,1,212093,1400,136000,1
34236.773,2,212093,1400,136000,1
34236.812,1,212165,1400,136070,1
34236.828,2,212165,1400,136070,1
34236.832,2,211969,1400,136860,-1
34236.869,1,212220,1400,136000,1
34236.879,1,212238,1400,136790,-1
34236.95,2,212220,1400,136000,1
34236.956,2,212238,1400,136790,-1
34236.994,1,212352,1400,135920,1
34237.108,1,212452,1400,136720,-1
34237.396,4,37798,49,136500,-1
34237.738,4,37798,4951,136500,-1
34237.742,4,114831,26,136570,-1
34238.06,4,114831,26,136570,-1
34238.083,2,212352,1400,135920,1
34238.086,2,212452,1400,136720,-1
34238.121,1,213279,1400,136000,1
34238.125,1,213281,1400,136790,-1
34238.397,2,209352,400,136200,1
34238.4,1,213540,400,136400,1
34238.516,5,213625,900,136520,1
34238.688,2,205518,200,136100,1
34238.69,1,213787,200,136400,1
34238.874,1,213970,69,136500,1
34238.886,4,114831,200,136570,-1
34238.888,4,114831,49,136570,-1
34238.974,4,114831,1699,136570,-1
34239.137,1,214186,981,136220,1
34239.165,2,213970,69,136500,1
34239.324,2,213281,1400,136790,-1
34239.361,1,214359,1400,136860,-1
34239.903,4,212020,519,136580,-1
34239.992,1,214886,1000,136850,-1
34240.321,1,215090,1000,136410,1
34241.539,2,214886,1000,136850,-1
34241.607,1,215972,1500,136880,-1
34242.024,2,213279,1400,136000,1
34242.062,1,216296,1400,136070,1
34242.142,2,216296,1400,136070,1
34242.144,2,214359,1400,136860,-1
34242.183,1,216385,1400,136000,1
34242.195,1,216390,1400,136790,-1
34242.235,2,216390,1400,136790,-1
34242.254,2,216385,1400,136000,1
34242.317,1,216483,1400,136860,-1
34242.419,1,216549,1400,136070,1
34243.246,2,216549,1400,136070,1
34243.288,1,217199,1400,136000,1
34243.357,2,216483,1400,136860,-1
34243.396,1,217257,1400,136790,-1
34243.445,2,217199,1400,136000,1
34243.449,2,217257,1400,136790,-1
34243.499,1,217330,1400,136070,1
34243.724,1,217538,1400,136860,-1
34244.27,2,217330,1400,136070,1
34244.273,2,217538,1400,136860,-1
34244.351,1,218003,1400,136000,1
34244.353,1,218007,1400,136790,-1
34244.839,2,218003,1400,136000,1
34244.842,2,218007,1400,136790,-1
34244.878,1,218444,1400,136070,1
34244.881,1,218447,1400,136860,-1
34245.059,2,218444,1400,136070,1
34245.062,2,218447,1400,136860,-1
34245.098,1,218610,1400,136140,1
34245.101,1,218613,1400,136930,-1
34245.148,2,214186,981,136220,1
34245.155,2,215972,1500,136880,-1
34245.158,1,218665,519,136320,1
34245.242,1,218728,1000,136920,-1
34245.468,1,218894,74,136720,-1
34245.548,2,218894,74,136720,-1
34245.728,1,219154,1500,136980,-1
34245.983,1,219340,74,136700,-1
34246.298,2,20284,1000,125000,1
34246.521,2,219340,74,136700,-1
34246.756,1,219838,1000,136000,1
34247.034,2,218610,1400,136140,1
34247.073,1,220076,1400,136070,1
34247.105,2,218665,519,136320,1
34247.107,2,219154,1500,136980,-1
34247.192,1,220173,981,136220,1
34247.539,2,220076,1400,136070,1
34247.578,1,220432,1400,136140,1
34247.733,1,220573,1500,136880,-1
34247.879,2,220173,981,136220,1
34247.881,2,220573,1500,136880,-1
34248.295,1,220943,1500,136320,1
34248.845,1,221303,1500,136980,-1
34249.123,1,221512,2032,136800,-1
34249.574,2,220432,1400,136140,1
34249.577,2,218613,1400,136930,-1
34249.613,1,221845,1400,136070,1
34249.615,1,221848,1400,136860,-1
34249.829,2,220943,1500,136320,1
34249.831,2,221303,1500,136980,-1
34249.946,1,222138,1500,136880,-1
34250.115,1,222257,2000,136700,-1
34250.284,4,222257,500,136700,-1
34250.358,1,222433,74,136700,-1
34250.482,1,222544,1500,136220,1
34250.643,2,221845,1400,136070,1
34250.684,1,222777,1400,136000,1
34250.884,4,222257,900,136700,-1
34250.991,1,223075,1600,137300,-1
34250.993,1,223076,2400,135800,1
34251.011,4,222257,600,136700,-1
34251.011,4,222433,74,136700,-1
34251.084,2,221848,1400,136860,-1
34251.118,2,222777,1400,136000,1
34251.123,1,223202,1400,136930,-1
34252.189,2,222544,1500,136220,1
34252.196,2,222138,1500,136880,-1
34252.297,1,224316,1500,136320,1
34252.563,1,224568,1400,136070,1
34252.582,2,224568,1400,136070,1
34252.585,2,223202,1400,136930,-1
34252.621,1,224629,1400,136000,1
34252.624,1,224634,1400,136790,-1
34252.689,2,224629,1400,136000,1
34252.692,2,224634,1400,136790,-1
34252.768,1,224823,1400,136070,1
34252.771,1,224826,1400,136860,-1
34252.997,2,224826,1400,136860,-1
34253.014,2,224823,1400,136070,1
34253.042,1,225044,1400,136930,-1
34253.056,1,225053,1400,136140,1
34253.488,2,225053,1400,136140,1
34253.491,2,225044,1400,136930,-1
34253.972,1,225752,1400,136070,1
34253.976,1,225756,1400,136860,-1
34254.122,1,225833,1500,136980,-1
34254.668,2,224316,1500,136320,1
34254.67,2,225833,1500,136980,-1
34254.777,1,226238,1500,136220,1
34255.049,2,225752,1400,136070,1
34255.086,1,226498,1400,136000,1
34255.243,1,226610,9500,136700,-1
34255.557,2,145381,1000,140200,-1
34255.568,2,225756,1400,136860,-1
34255.607,1,226866,1400,136790,-1
34255.615,2,226498,1400,136000,1
34255.617,2,226866,1400,136790,-1
34255.661,1,226934,1400,136070,1
34255.673,1,226953,1500,136880,-1
34255.763,1,227045,1400,136860,-1
34255.782,2,226934,1400,136070,1
34255.784,2,227045,1400,136860,-1
34255.824,1,227093,1400,136000,1
34255.826,1,227094,1400,136790,-1
34256.665,2,226238,1500,136220,1
34256.668,2,226953,1500,136880,-1
34256.874,1,227893,1500,136780,-1
34258.106,1,228742,100,68300,1
34258.232,2,227893,1500,136780,-1
34258.293,1,228864,1500,136220,1
34258.305,2,228742,100,68300,1
34258.317,1,228883,4900,136900,-1
34258.357,2,227093,1400,136000,1
34258.396,1,228933,1400,135920,1
34258.401,2,228864,1500,136220,1
34258.415,2,228933,1400,135920,1
34258.455,1,228987,1400,136000,1
34258.531,2,223075,1600,137300,-1
34258.534,1,229060,2400,137800,-1
34258.714,1,229181,99,136690,-1
34258.835,4,229181,99,136690,-1
34258.835,4,226610,1001,136700,-1
34258.85,1,229299,1500,136780,-1
34258.952,4,226610,1000,136700,-1
34259.489,1,229683,100,136700,-1
34260.974,2,229299,1500,136780,-1
34260.979,1,230778,1500,136220,1
34261.227,2,226610,7499,136700,-1
34261.398,2,228987,1400,136000,1
34261.401,2,227094,1400,136790,-1
34261.446,1,231098,1400,136070,1
34261.449,1,231103,1400,136860,-1
34261.495,1,231143,1500,136880,-1
34261.927,2,231098,1400,136070,1
34261.931,5,230198,5,136690,-1
34261.931,4,229683,95,136700,-1
34261.965,1,231454,1400,136000,1
34261.971,2,231454,1400,136000,1
34261.989,2,230778,1500,136220,1
34261.991,2,231143,1500,136880,-1
34262.014,1,231503,1400,136070,1
34262.219,1,231659,1500,136220,1
34262.308,2,231503,1400,136070,1
34262.349,1,231749,1400,136000,1
34262.403,2,231659,1500,136220,1
34262.549,2,231749,1400,136000,1
34262.587,1,231935,1400,136070,1
34262.696,4,229683,5,136700,-1
34262.742,2,231935,1400,136070,1
34262.747,2,231103,1400,136860,-1
34262.786,1,232120,1400,136000,1
34262.789,1,232127,1400,136790,-1
34262.802,1,232136,1500,136880,-1
34262.86,2,232136,1500,136880,-1
34263.344,1,232504,1500,136880,-1
34263.475,2,218728,1000,136920,-1
34263.513,1,232623,1000,136700,-1
34263.905,1,232924,1500,136220,1
34264.233,2,232924,1500,136220,1
34264.237,2,232504,1500,136880,-1
34264.264,2,232120,1400,136000,1
34264.266,2,232127,1400,136790,-1
34264.273,4,232623,1000,136700,-1
34264.273,4,221512,500,136800,-1
34264.303,1,233249,1400,136070,1
34264.305,1,233251,1400,136860,-1
34264.45,1,233353,1500,136880,-1
34264.564,2,233251,1400,136860,-1
34264.725,2,233249,1400,136070,1
34264.752,1,233586,1400,137220,-1
34264.763,1,233597,1400,136420,1
34264.884,2,215090,1000,136410,1
34264.915,1,233677,1000,136430,1
34265.365,2,221512,1532,136800,-1
34265.763,1,234331,500,136500,1
34265.82,2,233677,1000,136430,1
34266.021,1,234528,1000,135700,1
34266.325,1,234705,1000,135700,1
34266.406,1,234756,1000,135700,1
34266.484,1,234807,1000,135700,1
34266.746,2,233353,1500,136880,-1
34266.819,4,228883,4900,136900,-1
34266.85,5,234455,26,136970,-1
34266.86,1,235141,1500,136980,-1
34267.166,1,235382,1000,136510,1
34267.269,2,234807,1000,135700,1
34267.344,2,234756,1000,135700,1
34267.346,2,234705,1000,135700,1
34267.348,2,234528,1000,135700,1
34267.583,2,235141,1500,136980,-1
34267.73,1,235805,800,136620,1
34267.739,2,139711,300,140800,-1
34267.78,2,233597,1400,136420,1
34267.782,2,233586,1400,137220,-1
34267.822,1,235877,1400,136500,1
34267.825,1,235879,1400,137290,-1
34267.836,2,235382,1000,136510,1
34267.868,1,235911,1000,136630,1
34267.905,2,234331,500,136500,1
34267.914,1,235931,500,136600,1
34268.02,1,236019,1500,136900,1
34268.286,1,236192,700,136980,-1
34268.395,5,235600,474,136970,-1
34268.395,4,236192,700,136980,-1
34268.395,5,235919,100,136990,-1
34268.395,4,162375,2226,137000,-1
34269.017,4,162375,995,137000,-1
34269.395,4,162375,1000,137000,-1
34269.896,4,162375,779,137000,-1
34269.933,1,237372,1000,137280,-1
34270.053,2,235931,500,136600,1
34270.062,1,237491,500,136900,1
34270.082,2,237491,500,136900,1
34270.184,5,237337,200,137020,1
34270.895,2,213540,400,136400,1
34270.899,1,238100,400,136900,1
34270.937,2,213787,200,136400,1
34270.94,1,238125,200,137000,1
34271.132,2,237372,1000,137280,-1
34271.997,2,235805,800,136620,1
34272.0,1,238922,1500,136720,1
34272.396,5,238728,11,137120,1
34272.396,1,239131,1021,137100,-1
34273.666,5,239248,141,137090,-1
34274.434,1,240564,321,137100,-1
34275.952,5,238136,20,137020,1
34277.379,5,238136,41,137020,1
34278.832,2,235877,1400,136500,1
34278.834,2,235879,1400,137290,-1
34278.885,1,243379,1400,136420,1
34278.89,1,243384,1400,137220,-1
34278.91,5,238166,200,137020,1
34278.927,5,238166,200,137020,1
34278.941,5,238166,200,137020,1
34279.001,5,238166,200,137020,1
34279.192,2,243379,1400,136420,1
34279.196,2,243384,1400,137220,-1
34279.273,1,243670,1400,136500,1
34279.276,1,243672,1400,137290,-1
34280.742,5,238166,200,137020,1
34280.742,4,238125,200,137000,1
34280.859,2,243670,1400,136500,1
34280.861,2,243672,1400,137290,-1
34280.905,1,244947,1400,136420,1
34280.907,1,244950,1400,137220,-1
34281.201,1,245143,2000,137100,-1
34282.128,5,244841,74,136920,1
34283.255,2,240564,321,137100,-1
34283.629,2,244947,1400,136420,1
34283.634,2,244950,1400,137220,-1
34283.671,2,238922,1500,136720,1
34283.674,1,246838,1400,136350,1
34283.676,1,246840,1400,137150,-1
34283.838,1,246972,1500,136620,1
34284.192,1,247186,500,136990,-1
34284.258,1,247250,1000,137090,-1
34284.409,2,229060,2400,137800,-1
34284.423,1,247417,1600,137400,-1
34284.506,4,236019,1000,136900,1
34284.683,4,236019,500,136900,1
34284.683,4,238100,400,136900,1
34285.052,1,247958,1000,137000,-1
34285.485,2,246972,1500,136620,1
34285.538,2,235911,1000,136630,1
34285.586,1,248341,1000,136360,1
34285.593,1,248348,1500,136520,1
34285.712,2,248341,1000,136360,1
34285.742,1,248503,1000,136530,1
34285.909,2,247958,1000,137000,-1
34285.916,1,248657,1000,136900,-1
34286.008,2,248503,1000,136530,1
34286.349,1,249058,200,136980,-1
34286.427,2,247186,500,136990,-1
34286.497,2,246838,1400,136350,1
34286.535,1,249207,1400,136280,1
34286.691,2,246840,1400,137150,-1
34286.732,1,249401,1400,137080,-1
34286.947,1,249626,1000,136530,1
34286.977,2,249626,1000,136530,1
34287.222,2,249058,200,136980,-1
34287.349,5,249309,1400,136800,-1
34287.671,1,250273,500,136790,-1
34287.686,4,250273,400,136790,-1
34287.695,2,247250,1000,137090,-1
34287.706,4,250273,100,136790,-1
34287.706,5,250278,300,136790,-1
34287.715,1,250316,500,136790,-1
34287.739,4,250316,500,136790,-1
34287.739,5,250278,400,136790,-1
34287.905,2,248348,1500,136520,1
34287.949,1,250530,82,136800,-1
34287.989,4,250530,82,136800,-1
34287.989,5,250338,918,136800,-1
34288.016,1,250589,1500,136420,1
34288.027,1,250600,1000,136290,1
34288.058,5,250338,500,136800,-1
34288.133,2,250600,1000,136290,1
34288.163,1,250707,1000,136430,1
34288.442,5,250338,82,136800,-1
34288.742,2,250707,1000,136430,1
34288.822,1,251223,1000,136440,1
34289.64,1,251808,500,136790,-1
34289.672,5,251835,135,136770,-1
34289.672,4,251808,500,136790,-1
34289.672,5,251814,365,136790,-1
34289.683,1,251861,500,136790,-1
34289.708,4,251861,500,136790,-1
34289.708,5,251814,335,136790,-1
34292.261,2,249207,1400,136280,1
34292.263,2,249401,1400,137080,-1
34292.301,1,253774,1400,136350,1
34292.304,1,253779,1400,137150,-1
34293.049,1,254430,500,129000,1
34293.448,2,250589,1500,136420,1
34293.453,1,254726,321,136880,-1
34293.559,1,254794,1500,136520,1
34293.598,5,254749,1000,136840,-1
34293.608,4,254726,321,136880,-1
34293.608,5,251421,679,136890,-1
34293.657,5,254850,400,136840,-1
34293.657,5,251421,600,136890,-1
34293.889,2,254794,1500,136520,1
34293.909,5,254942,100,136860,-1
34293.909,4,248657,1000,136900,-1
34293.909,5,248663,1000,136900,-1
34293.945,1,255134,1000,137090,-1
34294.07,2,255134,1000,137090,-1
34294.107,1,255267,1500,136420,1
34294.228,2,255267,1500,136420,1
34294.652,1,255655,1500,136520,1
34294.961,2,251223,1000,136440,1
34294.992,1,255887,1000,136530,1
34295.698,1,256371,2021,137000,-1
34296.593,1,257065,500,136820,1
34296.647,2,239131,1021,137100,-1
34298.169,2,255655,1500,136520,1
34298.285,1,258145,1500,136620,1
34298.333,1,258169,3000,137000,-1
34298.656,2,257065,500,136820,1
34298.773,2,255887,1000,136530,1
34298.806,1,258512,1000,136630,1
34299.533,1,259041,100,68400,1
34299.732,2,259041,100,68400,1
34300.819,2,258512,1000,136630,1
34301.055,1,260134,1000,136630,1
34301.317,5,259872,18,136960,-1
34301.696,2,260134,1000,136630,1
34301.933,1,260708,1000,136630,1
34302.382,2,260708,1000,136630,1
34303.125,2,245143,2000,137100,-1
34304.033,1,262276,2000,136900,-1
34306.575,2,258169,3000,137000,-1
34309.323,2,139716,300,130600,1
34310.538,1,266502,1000,136890,-1
34313.463,5,258529,500,136680,1
34313.463,5,261031,400,136640,1
34313.469,5,261031,800,136640,1
34313.469,5,261042,128,136630,1
34314.297,5,261042,100,136630,1
34314.6,1,268962,1000,136700,-1
34314.771,1,269126,2000,137100,-1
34314.947,5,263019,1000,136630,1
34315.445,2,253774,1400,136350,1
34315.445,5,263019,279,136630,1
34315.445,5,265342,141,136630,1
34315.445,5,268236,500,136630,1
34315.445,4,258145,80,136620,1
34315.452,2,253779,1400,137150,-1
34315.477,2,258145,1420,136620,1
34315.494,1,269540,1400,136280,1
34315.501,1,269550,1400,137080,-1
34315.539,1,269589,1000,136290,1
34315.579,1,269635,1500,136520,1
34315.594,1,269656,500,136300,1
34315.918,2,269550,1400,137080,-1
34315.936,2,269540,1400,136280,1
34315.962,1,269959,1400,137150,-1
34315.965,2,269959,1400,137150,-1
34315.98,1,269979,1400,136350,1
34316.012,1,270012,1400,137080,-1
34316.181,2,270012,1400,137080,-1
34316.223,1,270161,1400,137150,-1
34317.938,1,271307,1000,136800,-1
34318.217,1,271490,800,136310,1
34318.758,1,271849,800,136790,-1
34319.064,2,271490,800,136310,1
34319.304,1,272140,800,136210,1
34319.387,2,272140,800,136210,1
34319.391,1,272197,300,136600,-1
34319.395,5,270960,50,136560,1
34319.395,1,272199,100,136600,-1
34319.404,1,272209,150,136600,-1
34319.683,1,272414,375,136600,-1
34319.915,1,272600,800,136310,1
34320.025,2,166794,100,135500,1
34320.032,1,272679,100,136000,1
34320.033,1,272681,350,136600,-1
34320.145,2,268962,1000,136700,-1
34321.006,1,273295,1000,131000,1
34321.316,2,272600,800,136310,1
34321.446,1,273559,800,136210,1
34321.501,2,273559,800,136210,1
34321.975,1,273878,720,136800,-1
34322.007,1,273908,800,136310,1
34323.762,2,271849,800,136790,-1
34323.792,5,272724,100,136570,-1
34323.792,5,274943,400,136570,-1
34323.792,4,272197,300,136600,-1
34323.792,4,272199,100,136600,-1
34323.792,4,272209,150,136600,-1
34323.792,4,272414,375,136600,-1
34323.792,4,272681,350,136600,-1
34323.792,5,272473,225,136600,-1
34323.869,1,275378,800,136790,-1
34323.929,2,266502,1000,136890,-1
34324.071,1,275523,80,136880,-1
34324.37,1,275725,1300,136700,-1
34324.99,2,269656,500,136300,1
34325.0,1,276184,500,136500,1
34325.593,1,276545,200,136500,1
34325.671,2,276545,200,136500,1
34325.756,2,209448,200,136200,1
34326.298,2,276184,500,136500,1
34326.364,2,275523,80,136880,-1
34326.879,2,185064,900,138000,-1
34327.012,2,273908,800,136310,1
34327.152,1,277556,800,136310,1
34327.484,2,277556,800,136310,1
34327.67,2,275378,800,136790,-1
34327.842,2,269979,1400,136350,1
34327.844,2,270161,1400,137150,-1
34327.887,1,278092,1400,136280,1
34327.889,1,278096,1400,137080,-1
34327.915,1,278115,800,136690,-1
34328.462,1,278462,800,136210,1
34328.856,2,278115,800,136690,-1
34328.912,1,278850,1480,136880,-1
34329.009,1,278914,800,136790,-1
34329.554,2,278914,800,136790,-1
34329.675,1,279387,800,136690,-1
34329.899,2,279387,800,136690,-1
34330.181,2,262276,2000,136900,-1
34330.211,1,279744,800,136690,-1
34330.629,5,279299,300,136530,1
34330.649,2,279744,800,136690,-1
34330.76,1,280166,800,136790,-1
34330.979,1,280317,2000,136600,-1
34331.742,4,269635,100,136520,1
34331.832,2,269635,1400,136520,1
34331.833,2,278850,1480,136880,-1
34332.068,2,269589,1000,136290,1
34332.256,1,281164,1000,136290,1
34333.195,2,281164,1000,136290,1
34333.453,1,281981,80,136580,-1
34333.462,2,278462,800,136210,1
34333.604,1,282077,800,136210,1
34333.67,2,280166,800,136790,-1
34334.151,1,282441,800,136790,-1
34334.217,2,282441,800,136790,-1
34334.696,1,282859,800,136790,-1
34334.708,1,282868,1000,136500,-1
34335.454,2,282859,800,136790,-1
34335.505,1,283503,1200,136000,1
34335.697,1,283640,800,136790,-1
34335.965,1,283863,1420,136220,1
34336.464,2,278092,1400,136280,1
34336.47,2,278096,1400,137080,-1
34336.506,1,284208,1400,136350,1
34336.509,1,284210,1400,137150,-1
34336.645,2,284208,1400,136350,1
34336.648,2,284210,1400,137150,-1
34336.69,1,284349,1400,136280,1
34336.693,1,284352,1400,137080,-1
34337.192,2,283863,1420,136220,1
34337.241,1,284770,200,136340,1
34337.45,2,284770,200,136340,1
34337.926,2,284349,1400,136280,1
34337.995,2,284352,1400,137080,-1
34338.032,1,285405,1400,136720,-1
34338.147,2,223076,2400,135800,1
34338.151,1,285482,2400,136200,1
34338.604,2,282077,800,136210,1
34338.662,1,285893,1000,136210,1
34338.758,1,285966,800,136210,1
34338.805,2,283640,800,136790,-1
34338.834,1,286012,1400,136210,1
34338.836,2,285405,1400,136720,-1
34338.878,1,286038,1400,136650,-1
34338.899,2,281981,80,136580,-1
34338.902,1,286050,80,136480,-1
34339.306,1,286317,800,136690,-1
34339.402,1,286397,1420,136120,1
34339.739,2,286317,800,136690,-1
34339.801,2,282868,1000,136500,-1
34339.961,1,286940,800,136790,-1
34340.069,2,286012,1400,136210,1
34340.071,2,286038,1400,136650,-1
34340.108,1,287080,1400,136280,1
34340.11,1,287082,1400,136720,-1
34340.966,2,286940,800,136790,-1
34340.999,1,287777,3500,136500,-1
34341.283,1,287958,800,136690,-1
34341.303,2,285893,1000,136210,1
34342.468,1,288682,100,68200,1
34342.666,2,288682,100,68200,1
34343.654,2,271307,1000,136800,-1
34343.762,2,285966,800,136210,1
34343.905,1,289507,800,136210,1
34344.496,4,286050,48,136480,-1
34344.572,2,286050,32,136480,-1
34344.61,1,289897,32,136580,-1
34344.896,5,287793,1200,136480,-1
34344.896,5,287795,528,136490,-1
34344.896,4,287777,1772,136500,-1
34345.257,4,287777,1400,136500,-1
34345.851,4,287777,300,136500,-1
34346.262,4,287777,28,136500,-1
34346.262,1,291433,2872,136500,1
34346.281,2,287958,800,136690,-1
34346.427,1,291598,800,136690,-1
34346.505,2,291598,800,136690,-1
34346.699,4,291433,1200,136500,1
34346.966,1,292098,800,136790,-1
34347.231,2,287080,1400,136280,1
34347.233,2,287082,1400,136720,-1
34347.27,1,292299,1400,136350,1
34347.273,1,292303,1400,136790,-1
34347.353,4,291433,32,136500,1
34347.357,2,289897,32,136580,-1
34347.483,2,286397,1420,136120,1
34348.887,1,293617,200,136500,1
34348.902,2,289507,800,136210,1
34348.963,1,293685,800,136210,1
34348.981,1,293692,1500,136220,1
34349.085,2,292299,1400,136350,1
34349.088,2,292303,1400,136790,-1
34349.099,2,293617,200,136500,1
34349.138,1,293809,1400,136420,1
34349.14,1,293810,1400,136860,-1
34349.2,1,293877,600,136120,1
34349.202,2,293692,1500,136220,1
34349.226,2,293809,1400,136420,1
34349.228,2,293810,1400,136860,-1
34349.265,1,293925,1400,136350,1
34349.267,1,293926,1400,136790,-1
34349.526,1,294125,1500,136320,1
34349.754,1,294360,600,137080,-1
34349.949,1,294535,3000,136590,-1
34350.271,2,293925,1400,136350,1
34350.274,2,293926,1400,136790,-1
34350.289,2,293877,600,136120,1
34350.297,2,294360,600,137080,-1
34350.312,1,294843,1400,136420,1
34350.32,1,294855,1400,136860,-1
34350.325,1,294860,600,136220,1
34350.445,4,294535,3000,136590,-1
34350.679,2,294843,1400,136420,1
34350.682,2,294855,1400,136860,-1
34350.707,1,295261,200,136520,1
34350.721,1,295281,1400,136350,1
34350.724,1,295289,1400,136790,-1
34350.847,1,295444,600,137180,-1
34350.969,2,295281,1400,136350,1
34350.97,2,295289,1400,136790,-1
34351.015,1,295603,1400,136420,1
34351.026,1,295621,1400,136860,-1
34351.161,2,293685,800,136210,1
34351.257,1,295815,800,136310,1
34351.972,2,292098,800,136790,-1
34352.041,1,296533,800,136790,-1
34352.109,2,296533,800,136790,-1
34352.586,1,296973,800,136790,-1
34352.709,2,272679,100,136000,1
34352.726,1,297131,100,135600,1
34353.151,2,294125,1500,136320,1
34353.581,1,297751,2021,136700,-1
34353.858,4,280317,500,136600,-1
34354.078,2,295603,1400,136420,1
34354.082,2,295621,1400,136860,-1
34354.12,1,298202,1400,136500,1
34354.122,1,298203,1400,136930,-1
34354.139,1,298214,1500,136420,1
34354.238,2,296973,800,136790,-1
34354.346,1,298354,800,136890,-1
34354.986,4,280317,49,136600,-1
34354.991,4,280317,1451,136600,-1
34355.567,2,295261,200,136520,1
34355.864,2,298214,1500,136420,1
34356.011,1,299738,1500,136780,-1
34356.041,1,299761,200,136580,1
34356.262,2,295815,800,136310,1
34356.352,1,299994,800,136310,1
34356.533,1,300127,386,129400,1
34356.892,2,299761,200,136580,1
34357.091,5,298110,22,136690,-1
34357.091,4,275725,7,136700,-1
34357.358,2,275725,1293,136700,-1
34357.414,1,300792,200,136600,1
34357.723,2,294860,600,136220,1
34357.726,2,295444,600,137180,-1
34357.831,1,301095,600,136320,1
34357.855,2,300792,200,136600,1
34358.288,2,299738,1500,136780,-1
34358.314,1,301471,200,136610,1
34358.397,1,301542,600,137280,-1
34358.412,2,301471,200,136610,1
34358.652,1,301781,1500,136780,-1
34358.692,2,299994,800,136310,1
34358.789,1,301890,800,136410,1
34359.043,2,298202,1400,136500,1
34359.045,2,298203,1400,136930,-1
34359.075,2,301781,1500,136780,-1
34359.086,1,302114,1400,136570,1
34359.089,1,302115,1400,137000,-1
34359.189,2,302114,1400,136570,1
34359.189,2,301890,800,136410,1
34359.234,1,302239,1400,136500,1
34359.335,1,302318,800,136310,1
34359.353,2,298354,800,136890,-1
34359.404,1,302372,1500,136780,-1
34359.447,2,302115,1400,137000,-1
34359.491,1,302429,1400,136930,-1
34359.525,2,302372,1500,136780,-1
34359.657,2,302318,800,136310,1
34359.875,4,297751,49,136700,-1
34359.892,1,302795,800,136890,-1
34359.965,1,302867,1500,136780,-1
34360.042,1,302933,200,136620,1
34360.198,2,301095,600,136320,1
34360.204,2,301542,600,137280,-1
34360.264,1,303103,600,136220,1
34360.391,2,303103,600,136220,1
34360.446,1,303188,800,136410,1
34360.563,2,302933,200,136620,1
34360.797,1,303478,600,136320,1
34360.866,2,303478,600,136320,1
34361.211,2,302239,1400,136500,1
34361.217,2,302429,1400,136930,-1
34361.256,1,303859,1400,136570,1
34361.258,1,303861,1400,137000,-1
34361.292,2,302867,1500,136780,-1
34361.367,1,303972,600,136320,1
34361.827,4,297751,100,136700,-1
34361.936,1,304437,600,137280,-1
34362.033,4,297751,48,136700,-1
34362.045,1,304533,200,136610,1
34362.146,2,303859,1400,136570,1
34362.15,2,303861,1400,137000,-1
34362.193,1,304652,1400,136500,1
34362.196,1,304658,1400,136930,-1
34362.534,2,304533,200,136610,1
34363.14,2,185065,2000,137500,-1
34364.691,2,303188,800,136410,1
34364.759,1,306628,800,136310,1
34364.893,2,302795,800,136890,-1
34365.029,1,306778,1500,136880,-1
34365.155,2,306628,800,136310,1
34365.347,1,306981,800,136890,-1
34365.353,2,306778,1500,136880,-1
34365.431,2,303972,600,136320,1
34365.432,2,304437,600,137280,-1
34365.556,1,307132,600,136220,1
34365.575,1,307140,1500,136780,-1
34365.82,2,291433,1640,136500,1
34365.822,4,297751,1640,136700,-1
34365.993,1,307379,800,136410,1
34366.116,1,307447,600,137180,-1
34366.208,2,304652,1400,136500,1
34366.21,2,304658,1400,136930,-1
34366.251,1,307517,1400,136420,1
34366.255,1,307521,1400,136860,-1
34367.218,2,256371,2021,137000,-1
34367.247,2,297751,184,136700,-1
34367.382,2,307517,1400,136420,1
34367.385,2,307521,1400,136860,-1
34367.423,1,308408,1400,136500,1
34367.426,1,308410,1400,136930,-1
34368.818,2,307132,600,136220,1
34368.821,2,307447,600,137180,-1
34368.923,1,309365,600,136320,1
34369.488,1,309692,600,137280,-1
34370.313,5,308980,1900,136610,1
34370.313,5,308202,600,136520,1
34370.353,2,306981,800,136890,-1
34370.445,1,310207,800,136890,-1
34370.993,2,307379,800,136410,1
34371.103,1,310583,800,136410,1
34371.603,1,310870,1000,136510,1
34371.659,2,310583,800,136410,1
34371.787,1,310986,800,136310,1
34372.139,2,309365,600,136320,1
34372.142,2,309692,600,137280,-1
34372.259,1,311233,600,137180,-1
34372.429,2,311233,600,137180,-1
34372.502,2,310207,800,136890,-1
34372.696,1,311466,800,136790,-1
34372.801,1,311520,600,136320,1
34373.058,1,311665,100,136800,-1
34373.347,1,311812,600,137280,-1
34373.778,2,311665,100,136800,-1
34373.834,2,308408,1400,136500,1
34373.836,2,308410,1400,136930,-1
34373.872,1,312135,1400,136420,1
34373.876,1,312138,1400,136860,-1
34373.894,2,311520,600,136320,1
34373.895,2,311812,600,137280,-1
34373.9,1,312157,600,137180,-1
34374.313,5,312221,600,136680,-1
34374.313,4,307140,400,136780,-1
34374.439,1,312460,600,136220,1
34374.703,2,310986,800,136310,1
34374.705,2,311466,800,136790,-1
34374.803,1,312729,800,136510,1
34374.813,1,312736,400,136320,1
34375.352,1,313028,800,136890,-1
34375.398,2,312736,400,136320,1
34375.464,1,313094,400,136420,1
34375.474,2,313028,800,136890,-1
34375.594,4,307140,1100,136780,-1
34375.594,5,310876,1900,136790,-1
34375.626,4,273878,200,136800,-1
34375.928,1,313453,800,136990,-1
34376.0,2,312729,800,136510,1
34376.475,1,313813,800,136610,1
34377.708,2,312460,600,136220,1
34377.711,2,312157,600,137180,-1
34377.812,1,314651,600,136320,1
34378.054,4,273878,500,136800,-1
34378.391,1,315003,600,137280,-1
34378.415,4,273878,20,136800,-1
34378.543,1,315099,1500,137080,-1
34378.559,2,312135,1400,136420,1
34378.564,2,312138,1400,136860,-1
34378.6,1,315145,1400,136500,1
34378.605,1,315149,1400,136930,-1
34378.774,2,176036,500,135300,1
34378.924,2,313453,800,136990,-1
34379.023,1,315502,800,137090,-1
34379.219,1,315634,200,136710,1
34379.298,2,315145,1400,136500,1
34379.301,2,315149,1400,136930,-1
34379.346,1,315745,1400,136420,1
34379.348,1,315748,1400,136860,-1
34379.487,2,315745,1400,136420,1
34379.489,2,315748,1400,136860,-1
34379.526,1,315867,1400,136500,1
34379.529,1,315868,1400,136930,-1
34379.535,1,315877,1000,137070,-1
34379.594,2,315634,200,136710,1
34380.19,2,313813,800,136610,1
34380.2,2,315867,1400,136500,1
34380.202,2,315868,1400,136930,-1
34380.244,1,316552,1400,136420,1
34380.249,1,316558,1400,136860,-1
34380.476,1,316719,800,136710,1
34380.715,1,316971,23,121120,1
34380.824,1,317044,24,113860,1
34380.93,1,317103,26,107020,1
34382.512,4,316558,1400,136860,-1
34382.558,1,318211,200,136900,-1
34382.616,2,315877,1000,137070,-1
34382.815,2,318211,200,136900,-1
34382.925,2,316552,1400,136420,1
34383.05,1,318595,1000,136890,-1
34383.205,1,318728,1400,137220,-1
34383.609,1,318997,1000,136510,1
34383.851,2,318728,1400,137220,-1
34383.891,1,319231,1400,137290,-1
34384.024,2,315502,800,137090,-1
34384.091,1,319400,800,137090,-1
34384.703,1,319821,1400,136500,1
34385.473,2,316719,800,136710,1
34385.606,1,320507,100,68400,1
34385.655,1,320556,800,136710,1
34385.799,2,320507,100,68400,1
34385.874,4,318595,200,136890,-1
34385.957,2,318997,1000,136510,1
34386.135,1,320943,200,136610,1
34386.701,4,318595,800,136890,-1
34386.701,5,318669,1000,136890,-1
34386.713,1,321363,7000,136900,-1
34386.784,1,321426,1000,136890,-1
34387.621,2,319400,800,137090,-1
34387.719,1,322080,800,137190,-1
34387.736,1,322092,100,131800,1
34387.814,2,314651,600,136320,1
34387.913,1,322215,600,136320,1
34388.394,2,315003,600,137280,-1
34388.457,1,322556,600,137280,-1
34388.662,2,319821,1400,136500,1
34388.668,2,319231,1400,137290,-1
34388.704,1,322736,1400,136420,1
34388.707,1,322740,1400,137220,-1
34388.809,2,322736,1400,136420,1
34388.812,2,322740,1400,137220,-1
34388.85,1,322884,1400,136500,1
34388.852,1,322887,1400,137290,-1
34389.291,4,321426,1000,136890,-1
34389.291,5,323031,1000,136890,-1
34389.291,4,321363,7000,136900,-1
34389.291,1,323202,1000,136900,1
34389.562,1,323386,1000,137000,-1
34389.629,2,320943,200,136610,1
34389.735,1,323563,1000,136710,1
34389.788,2,322884,1400,136500,1
34389.842,1,323644,1400,136420,1
34389.912,2,322887,1400,137290,-1
34389.95,1,323734,1400,137220,-1
34390.199,4,323202,100,136900,1
34390.327,2,320556,800,136710,1
34390.429,1,324057,800,136810,1
34390.509,4,323202,900,136900,1
34391.245,2,324057,800,136810,1
34391.247,2,322080,800,137190,-1
34391.26,2,315099,1500,137080,-1
34391.277,2,323734,1400,137220,-1
34391.314,2,313094,400,136420,1
34391.329,1,324710,1100,136520,1
34391.358,1,324736,1400,137290,-1
34391.373,2,324736,1400,137290,-1
34391.392,1,324765,200,136900,-1
34391.418,1,324789,1400,137220,-1
34391.49,1,324842,800,136510,1
34391.566,2,324765,200,136900,-1
34391.581,2,324710,1100,136520,1
34391.866,1,325199,1500,137080,-1
34392.016,1,325320,200,136890,-1
34392.102,1,325391,800,137090,-1
34392.129,2,323644,1400,136420,1
34392.131,2,324789,1400,137220,-1
34392.168,1,325446,1400,136500,1
34392.17,1,325449,1400,137290,-1
34392.559,2,325446,1400,136500,1
34392.56,2,325449,1400,137290,-1
34392.612,1,325834,1400,136420,1
34392.616,1,325842,1400,137220,-1
34392.817,2,325320,200,136890,-1
34393.152,2,219838,1000,136000,1
34393.571,1,326619,200,136900,-1
34393.748,2,326619,200,136900,-1
34394.177,1,327082,200,136890,-1
34394.322,2,325391,800,137090,-1
34394.425,1,327256,800,136990,-1
34394.67,2,172044,300,134700,1
34395.34,2,322215,600,136320,1
34395.348,2,322556,600,137280,-1
34395.453,1,328050,600,137180,-1
34395.629,4,327082,200,136890,-1
34395.629,5,326070,300,136900,-1
34395.722,2,328050,600,137180,-1
34395.898,1,328428,200,136890,-1
34396.004,1,328524,600,137280,-1
34396.174,2,323563,1000,136710,1
34396.494,2,324842,800,136510,1
34396.506,2,328428,200,136890,-1
34396.55,1,328949,1000,136610,1
34396.605,1,328991,1500,136420,1
34396.646,1,329036,600,136320,1
34396.652,1,329044,800,136510,1
34396.767,2,329044,800,136510,1
34397.027,1,329347,200,136900,-1
34397.322,1,329557,800,136510,1
34398.02,2,329036,600,136320,1
34398.022,2,328524,600,137280,-1
34398.063,1,330109,600,137180,-1
34398.385,2,329557,800,136510,1
34398.479,1,330369,800,136410,1
34398.522,2,80153,500,134100,1
34398.612,1,330467,600,136220,1
34398.758,2,325834,1400,136420,1
34398.758,2,325842,1400,137220,-1
34398.772,2,330369,800,136410,1
34398.79,2,328991,1500,136420,1
34398.798,2,325199,1500,137080,-1
34398.815,1,330669,1400,136350,1
34398.819,1,330674,1400,137150,-1
34399.03,1,330875,800,136410,1
34399.056,1,330904,1500,136980,-1
34399.339,2,329347,200,136900,-1
34399.369,2,330875,800,136410,1
34399.424,2,327256,800,136990,-1
34399.432,5,329541,200,136900,-1
34399.63,1,331357,800,136510,1
34400.09,1,331796,200,136890,-1
34400.105,2,331796,200,136890,-1
34400.183,1,331871,800,136990,-1
34400.62,1,332188,200,136870,-1
34400.987,2,330669,1400,136350,1
34400.992,2,330674,1400,137150,-1
34401.028,1,332541,1400,136420,1
34401.03,1,332543,1400,137220,-1
34401.397,2,328949,1000,136610,1
34401.482,1,332919,1500,136320,1
34401.673,2,332541,1400,136420,1
34401.688,2,332919,1500,136320,1
34401.692,2,330904,1500,136980,-1
34401.717,1,333165,1400,136350,1
34401.718,1,333170,1000,136710,1
34401.743,2,333165,1400,136350,1
34401.782,1,333243,1400,136420,1
34401.988,2,332188,200,136870,-1
34402.081,1,333537,1500,136980,-1
34402.526,1,333951,200,136880,-1
34402.539,2,333951,200,136880,-1
34402.638,2,333243,1400,136420,1
34402.68,1,334094,1400,136350,1
34402.723,2,333537,1500,136980,-1
34402.84,1,334275,1500,137080,-1
34402.892,2,334094,1400,136350,1
34402.916,2,334275,1500,137080,-1
34402.934,1,334359,1400,136420,1
34402.99,1,334403,200,136880,-1
34403.356,2,333170,1000,136710,1
34403.4,1,334725,1500,136980,-1
34403.41,2,334403,200,136880,-1
34403.456,2,334725,1500,136980,-1
34403.498,2,331871,800,136990,-1
34403.566,1,334864,800,136610,1
34403.614,1,334912,1000,136990,-1
34403.684,1,335004,800,137090,-1
34403.889,2,335004,800,137090,-1
34403.976,2,334912,1000,136990,-1
34404.115,1,335363,1000,136990,-1
34404.117,1,335365,1000,136890,-1
34404.294,1,335503,800,136990,-1
34404.635,2,331357,800,136510,1
34404.724,2,335363,1000,136990,-1
34404.742,2,269126,2000,137100,-1
34404.826,1,335912,2000,137100,-1
34404.881,1,335953,800,136510,1
34404.999,2,334864,800,136610,1
34405.004,2,335365,1000,136890,-1
34405.111,1,336065,800,136710,1
34405.137,1,336073,1500,137080,-1
34405.588,1,336369,1584,136900,-1
34405.692,1,336484,1000,136990,-1
34405.694,2,336073,1500,137080,-1
34405.903,1,336626,1500,136980,-1
34406.629,1,337104,200,136900,-1
34406.684,2,336626,1500,136980,-1
34406.703,2,337104,200,136900,-1
34408.064,2,330109,600,137180,-1
34408.13,1,338191,600,137180,-1
34408.614,2,330467,600,136220,1
34408.688,1,338574,600,136220,1
34409.294,2,335503,800,136990,-1
34409.309,1,338981,5000,136900,-1
34409.522,1,339094,800,136990,-1
34409.884,2,335953,800,136510,1
34410.072,1,339531,800,136510,1
34410.375,2,334359,1400,136420,1
34410.415,1,339787,1400,136350,1
34410.426,2,338574,600,136220,1
34410.435,2,338191,600,137180,-1
34410.477,1,339839,600,137280,-1
34410.515,1,339871,1500,136420,1
34410.688,2,339787,1400,136350,1
34410.731,1,340081,1400,136420,1
34410.737,2,339839,600,137280,-1
34410.793,2,340081,1400,136420,1
34410.797,2,332543,1400,137220,-1
34410.824,2,339871,1500,136420,1
34410.833,1,340186,1400,136350,1
34410.836,1,340188,1400,137150,-1
34411.039,1,340364,600,137180,-1
34411.058,1,340386,1500,136980,-1
34411.56,1,340782,200,136890,-1
34411.593,1,340818,600,136220,1
34412.854,1,341688,1000,136800,-1
34413.203,2,336065,800,136710,1
34413.205,2,336484,1000,136990,-1
34413.325,1,341992,800,136610,1
34413.354,1,342012,1500,136320,1
34413.624,2,338981,5000,136900,-1
34413.705,2,340782,200,136890,-1
34413.883,1,342514,1000,136890,-1
34414.252,2,340818,600,136220,1
34414.253,2,340364,600,137180,-1
34414.36,1,342938,600,137080,-1
34414.525,2,339094,800,136990,-1
34414.568,2,341992,800,136610,1
34414.57,2,342514,1000,136890,-1
34414.66,1,343211,800,136990,-1
34414.679,1,343238,800,136510,1
34414.78,1,343325,10000,136800,-1
34414.794,2,339531,800,136510,1
34414.923,1,343429,600,136120,1
34415.308,1,343713,800,136410,1
34415.971,1,344295,5000,136800,-1
34416.033,2,343238,800,136510,1
34416.208,2,343211,800,136990,-1
34416.221,1,344474,1000,136610,1
34416.303,1,344555,800,136890,-1
34416.39,5,344589,200,136760,-1
34416.39,5,341780,400,136790,-1
34416.409,2,343325,10000,136800,-1
34416.46,2,344555,800,136890,-1
34416.687,5,341780,600,136790,-1
34416.687,5,344444,400,136790,-1
34416.687,4,341688,1000,136800,-1
34416.687,4,344295,100,136800,-1
34416.883,1,345054,800,136990,-1
34417.188,2,340186,1400,136350,1
34417.193,2,340188,1400,137150,-1
34417.249,1,345329,1400,136420,1
34417.252,1,345331,1400,137220,-1
34417.347,1,345443,300,131500,1
34417.449,1,345528,300,141500,-1
34417.473,2,345329,1400,136420,1
34417.512,1,345554,1400,136350,1
34417.55,2,345331,1400,137220,-1
34417.591,1,345636,1400,137150,-1
34417.736,2,345054,800,136990,-1
34417.843,1,345901,800,136890,-1
34418.189,1,346159,200,136800,-1
34418.305,2,346159,200,136800,-1
34418.774,1,346734,200,136790,-1
34419.059,2,345901,800,136890,-1
34419.169,1,347096,800,136990,-1
34419.35,2,347096,800,136990,-1
34419.367,2,297131,100,135600,1
34419.375,1,347255,100,136000,1
34419.737,1,347577,800,136890,-1
34419.953,2,347577,800,136890,-1
34420.314,2,343713,800,136410,1
34420.393,1,348031,800,136990,-1
34420.869,1,348444,375,133300,1
34420.936,1,348496,800,136410,1
34421.348,2,346734,200,136790,-1
34422.687,2,348031,800,136990,-1
34422.859,1,349941,800,136890,-1
34423.01,2,349941,800,136890,-1
34423.548,1,350467,800,136990,-1
34424.358,2,348496,800,136410,1
34424.364,2,342938,600,137080,-1
34424.426,1,351140,800,136510,1
34424.585,1,351260,600,137080,-1
34424.882,2,351140,800,136510,1
34424.925,2,343429,600,136120,1
34424.974,2,310870,1000,136510,1
34425.235,1,351767,600,136120,1
34425.264,1,351777,200,136700,-1
34425.319,1,351811,800,136410,1
34425.412,2,351811,800,136410,1
34425.464,2,344474,1000,136610,1
34425.505,1,351943,1000,136360,1
34425.565,2,351777,200,136700,-1
34425.612,1,352018,1000,136510,1
34425.879,2,350467,800,136990,-1
34426.008,1,352349,800,136890,-1
34426.401,2,342012,1500,136320,1
34426.404,2,340386,1500,136980,-1
34426.486,2,352018,1000,136510,1
34426.515,1,352692,200,136700,-1
34426.587,1,352752,800,136410,1
34426.594,1,352756,1000,136410,1
34426.622,1,352791,1500,136320,1
34426.722,1,352870,1000,136700,-1
34426.91,2,351767,600,136120,1
34426.914,2,351260,600,137080,-1
34427.024,1,353112,600,136020,1
34427.056,2,352791,1500,136320,1
34427.169,2,344295,4900,136800,-1
34427.278,1,353278,1500,136880,-1
34427.395,2,352756,1000,136410,1
34427.585,2,345554,1400,136350,1
34427.595,1,353502,600,136980,-1
34427.624,1,353531,1400,136280,1
34427.657,2,353278,1500,136880,-1
34427.705,1,353608,1000,136510,1
34427.751,2,345636,1400,137150,-1
34427.79,1,353680,1400,137080,-1
34427.836,1,353737,1500,136880,-1
34427.942,2,353680,1400,137080,-1
34427.97,2,353737,1500,136880,-1
34427.993,1,353843,1400,137150,-1
34428.632,1,354341,100,68300,1
34428.644,2,353531,1400,136280,1
34428.651,2,354341,100,68300,1
34428.683,1,354393,1400,136350,1
34428.7,1,354403,1500,136880,-1
34429.416,2,354393,1400,136350,1
34429.453,1,354972,1400,136280,1
34429.461,5,354808,1900,136610,1
34429.461,1,354983,3000,136600,-1
34429.793,2,352692,200,136700,-1
34430.017,2,354972,1400,136280,1
34430.06,1,355486,1400,136350,1
34430.219,2,355486,1400,136350,1
34430.221,2,353843,1400,137150,-1
34430.251,2,352870,1000,136700,-1
34430.267,1,355662,1400,136280,1
34430.27,1,355664,1400,137080,-1
34430.925,4,354983,1100,136600,-1
34431.004,2,352349,800,136890,-1
34431.134,1,356339,800,136890,-1
34431.584,2,352752,800,136410,1
34431.68,1,356685,800,136410,1
34431.78,2,355662,1400,136280,1
34431.782,2,355664,1400,137080,-1
34431.787,2,351943,1000,136360,1
34431.82,1,356771,1400,136350,1
34431.824,1,356775,1400,137150,-1
34431.885,1,356834,1500,136220,1
34431.995,2,353608,1000,136510,1
34432.147,4,354983,1900,136600,-1
34432.147,5,356747,1500,136600,-1
34432.147,1,357053,3600,136600,1
34432.157,4,357053,3600,136600,1
34432.209,1,357121,1000,136870,-1
34432.299,1,357181,500,136900,-1
34432.334,1,357211,1000,136410,1
34432.381,2,356771,1400,136350,1
34432.386,2,356775,1400,137150,-1
34432.422,1,357284,1400,136280,1
34432.428,1,357293,1400,137080,-1
34432.585,2,356685,800,136410,1
34432.668,1,357490,800,136310,1
34433.162,1,357936,200,136600,-1
34433.178,2,357293,1400,137080,-1
34433.217,1,357990,1400,137150,-1
34433.573,2,357936,200,136600,-1
34433.684,2,357284,1400,136280,1
34433.726,1,358490,1400,136350,1
34433.732,2,356339,800,136890,-1
34433.943,2,357121,1000,136870,-1
34434.183,1,358870,800,136790,-1
34434.247,2,358870,800,136790,-1
34434.418,1,359037,200,136510,1
34434.622,2,359037,200,136510,1
34434.914,1,359511,800,136890,-1
34435.115,1,359693,100,135800,1
34435.145,1,359725,200,136520,1
34435.414,2,359511,800,136890,-1
34435.532,2,353112,600,136020,1
34435.535,2,353502,600,136980,-1
34435.643,1,360165,600,137080,-1
34435.885,1,360396,800,136790,-1
34436.038,2,357181,500,136900,-1
34436.049,1,360517,500,136800,-1
34436.154,2,359725,200,136520,1
34436.2,1,360630,600,136120,1
34436.621,2,356834,1500,136220,1
34436.624,2,354403,1500,136880,-1
34436.964,2,285482,2400,136200,1
34436.968,1,361219,2400,135900,1
34437.665,2,357490,800,136310,1
34437.823,1,361959,1500,136320,1
34437.902,1,362021,800,136310,1
34438.327,1,362378,200,136600,1
34438.37,5,362373,200,136610,1
34438.37,4,362378,200,136600,1
34438.694,2,358490,1400,136350,1
34438.7,2,357990,1400,137150,-1
34438.738,1,362783,1400,136420,1
34438.742,1,362786,1400,137220,-1
34439.215,5,363034,1000,136610,1
34439.384,2,361959,1500,136320,1
34439.497,1,363396,1500,136420,1
34440.594,2,357211,1000,136410,1
34440.596,2,360396,800,136790,-1
34440.728,1,364519,200,136600,1
34440.832,1,364618,1000,136410,1
34440.971,2,360630,600,136120,1
34440.982,2,360165,600,137080,-1
34441.045,2,364519,200,136600,1
34441.083,1,364875,600,136220,1
34441.099,1,364886,800,136790,-1
34441.102,1,364887,1184,136800,-1
34441.14,2,364875,600,136220,1
34441.161,2,364886,800,136790,-1
34441.545,2,364618,1000,136410,1
34441.627,1,365356,600,136120,1
34441.674,1,365432,800,136790,-1
34441.797,1,365578,1000,136510,1
34441.859,1,365643,200,136610,1
34442.113,2,365432,800,136790,-1
34442.151,5,365744,100,136660,1
34442.151,5,365672,600,136630,1
34442.192,1,365964,600,137080,-1
34442.231,1,365999,800,136890,-1
34442.297,2,365356,600,136120,1
34442.313,2,365964,600,137080,-1
34442.478,2,336369,1584,136900,-1
34442.767,1,366585,600,136220,1
34442.905,2,362021,800,136310,1
34443.131,1,366924,800,136310,1
34443.198,2,366924,800,136310,1
34443.216,2,365643,200,136610,1
34443.324,1,367122,600,137180,-1
34443.577,2,363396,1500,136420,1
34443.692,1,367489,1500,136420,1
34443.749,2,367489,1500,136420,1
34443.771,1,367583,800,136410,1
34443.873,1,367673,200,136610,1
34444.205,2,362783,1400,136420,1
34444.208,2,362786,1400,137220,-1
34444.235,2,366585,600,136220,1
34444.249,1,368005,1400,136350,1
34444.255,1,368017,1400,137150,-1
34444.268,2,367122,600,137180,-1
34444.309,1,368076,1500,136980,-1
34444.324,1,368092,600,137080,-1
34444.634,2,367673,200,136610,1
34444.64,2,360517,500,136800,-1
34444.868,1,368629,600,136120,1
34444.895,5,365950,48,136780,-1
34445.228,2,365578,1000,136510,1
34445.284,1,369000,1000,136420,1
34445.345,1,369047,1000,136610,1
34445.603,2,369047,1000,136610,1
34445.891,1,369558,1000,136710,1
34446.061,2,365999,800,136890,-1
34446.163,1,369812,800,136990,-1
34446.536,2,368629,600,136120,1
34446.539,2,368092,600,137080,-1
34446.643,1,370170,600,137180,-1
34446.721,5,370082,552,136780,-1
34446.721,5,368221,348,136790,-1
34446.869,1,370368,1000,137000,-1
34447.202,1,370610,600,136220,1
34447.431,2,368076,1500,136980,-1
34448.185,2,367583,800,136410,1
34448.258,1,371409,2000,129000,1
34448.288,1,371437,800,136510,1
34448.329,1,371457,1500,136420,1
34451.091,2,368005,1400,136350,1
34451.094,2,368017,1400,137150,-1
34451.137,1,373466,1400,136420,1
34451.141,1,373472,1400,137220,-1
34451.165,2,369812,800,136990,-1
34451.17,2,370610,600,136220,1
34451.175,2,370170,600,137180,-1
34451.219,1,373541,600,137280,-1
34451.292,1,373600,800,136990,-1
34451.324,1,373626,1500,137080,-1
34451.748,1,373961,600,136320,1
34451.854,1,374049,200,136700,1
34452.33,2,283503,1200,136000,1
34452.534,2,373466,1400,136420,1
34452.537,2,373472,1400,137220,-1
34452.58,1,374657,1400,136500,1
34452.585,1,374662,1400,137290,-1
34452.79,1,374888,1200,136100,1
34452.885,2,371457,1500,136420,1
34452.888,2,373626,1500,137080,-1
34453.286,2,371437,800,136510,1
34453.336,2,374049,200,136700,1
34453.447,1,375497,1000,136990,-1
34453.452,1,375504,800,136510,1
34453.504,2,369558,1000,136710,1
34453.515,1,375569,1500,136520,1
34454.2,1,376255,200,136710,1
34454.232,2,376255,200,136710,1
34454.252,2,373600,800,136990,-1
34454.326,1,376403,800,137090,-1
34455.481,1,377513,200,136710,1
34456.106,2,377513,200,136710,1
34456.215,2,375504,800,136510,1
34456.282,1,378299,800,136610,1
34456.376,5,376013,1100,136790,-1
34456.391,1,378386,800,136710,1
34456.586,1,378538,200,136720,1
34456.782,2,374657,1400,136500,1
34456.785,2,374662,1400,137290,-1
34456.826,1,378821,1400,136420,1
34456.828,1,378824,1400,137220,-1
34456.85,2,375569,1500,136520,1
34456.871,2,373961,600,136320,1
34456.875,2,373541,600,137280,-1
34456.877,1,378868,600,137180,-1
34457.107,2,378299,800,136610,1
34457.288,1,379187,800,136610,1
34457.329,1,379219,100,136800,-1
34457.367,1,379249,600,136220,1
34457.689,2,378538,200,136720,1
34458.166,1,379908,200,136700,1
34459.122,2,379187,800,136610,1
34459.225,1,380727,800,136510,1
34459.285,2,380727,800,136510,1
34459.286,5,379207,500,136790,-1
34459.326,2,376403,800,137090,-1
34459.378,2,379219,100,136800,-1
34459.384,2,379249,600,136220,1
34459.386,2,378868,600,137180,-1
34459.491,1,380900,600,136320,1
34459.67,2,378386,800,136710,1
34459.673,2,375497,1000,136990,-1
34459.811,1,381233,800,137090,-1
34459.905,1,381328,1500,136420,1
34460.03,1,381419,600,137280,-1
34460.058,1,381438,600,136710,1
34460.165,2,381438,600,136710,1
34460.473,1,381728,800,136610,1
34460.532,1,381782,100,136800,-1
34460.735,1,382005,600,136610,1
34460.867,2,378821,1400,136420,1
34460.869,2,378824,1400,137220,-1
34460.919,1,382159,1400,136500,1
34460.924,1,382163,1400,137290,-1
34461.002,2,381328,1500,136420,1
34461.042,1,382263,100,136800,-1
34461.102,2,381728,800,136610,1
34461.121,1,382339,1500,136520,1
34461.171,2,382005,600,136610,1
34461.194,1,382384,800,136510,1
34461.291,1,382454,600,136710,1
34461.372,5,379966,29,136750,1
34461.739,5,380381,500,136790,-1
34461.749,2,382454,600,136710,1
34461.803,2,379908,200,136700,1
34461.864,1,382940,600,136610,1
34462.073,5,380381,120,136790,-1
34462.073,4,364887,180,136800,-1
34462.235,1,383169,200,136710,1
34462.331,2,382940,600,136610,1
34462.412,1,383279,600,136710,1
34462.972,1,383717,1000,136990,-1
34463.089,2,382384,800,136510,1
34463.147,2,382159,1400,136500,1
34463.15,2,382163,1400,137290,-1
34463.188,1,383850,1400,136570,1
34463.19,1,383852,1400,137360,-1
34463.242,2,380900,600,136320,1
34463.244,2,381419,600,137280,-1
34463.248,1,383908,600,136420,1
34463.487,2,383169,200,136710,1
34463.634,1,384186,800,136610,1
34463.755,1,384287,600,137380,-1
34463.953,1,384429,200,136740,1
34464.14,1,384574,3000,136720,1
34464.817,2,381233,800,137090,-1
34464.975,1,385199,800,137090,-1
34465.108,2,384186,800,136610,1
34465.33,2,383908,600,136420,1
34465.332,2,384287,600,137380,-1
34465.437,1,385504,600,136320,1
34465.616,5,384468,500,136780,1
34465.809,2,383850,1400,136570,1
34465.811,2,383852,1400,137360,-1
34465.846,1,385833,1400,136500,1
34465.849,1,385835,1400,137290,-1
34465.992,1,385953,600,137280,-1
34466.162,1,386079,800,136610,1
34466.59,4,364887,200,136800,-1
34466.619,2,384429,200,136740,1
34466.764,2,386079,800,136610,1
34466.843,2,383279,600,136710,1
34466.846,2,383717,1000,136990,-1
34466.876,1,386618,800,136510,1
34466.936,2,386618,800,136510,1
34466.948,4,364887,48,136800,-1
34467.138,1,386834,600,136710,1
34467.416,1,387020,800,136610,1
34467.441,1,387035,200,136720,1
34467.481,2,387020,800,136610,1
34467.704,1,387246,1000,136990,-1
34468.02,1,387501,800,136510,1
34468.087,2,387501,800,136510,1
34468.566,1,387879,800,136510,1
34468.667,2,387879,800,136510,1
34469.115,1,388326,800,136610,1
34469.325,4,364887,756,136800,-1
34469.325,4,381782,100,136800,-1
34469.325,4,382263,100,136800,-1
34469.475,2,387035,200,136720,1
34469.94,2,388326,800,136610,1
34469.976,2,385199,800,137090,-1
34470.036,1,389014,800,137090,-1
34470.088,1,389050,200,136700,1
34470.146,2,385504,600,136320,1
34470.148,2,385953,600,137280,-1
34470.263,1,389148,600,137380,-1
34470.488,2,389050,200,136700,1
34470.644,1,389427,800,136510,1
34470.723,2,389427,800,136510,1
34470.804,1,389541,600,136420,1
34471.094,1,389698,200,136800,1
34471.284,1,389832,900,136800,1
34471.305,1,389847,800,136610,1
34471.329,1,389858,4000,136300,1
34471.416,1,389925,100,136900,-1
34471.468,2,389847,800,136610,1
34471.523,2,389698,200,136800,1
34471.783,2,384574,3000,136720,1
34471.912,1,390326,800,136510,1
34471.969,1,390365,100,68400,1
34471.997,1,390380,200,136810,1
34472.172,2,390365,100,68400,1
34472.212,2,390380,200,136810,1
34472.751,1,390901,200,136800,1
34472.838,2,390326,800,136510,1
34472.994,1,391071,800,136610,1
34473.068,5,372828,400,136890,-1
34473.068,5,389917,1500,136890,-1
34473.222,2,390901,200,136800,1
34473.31,2,247417,1600,137400,-1
34473.312,2,389925,100,136900,-1
34473.313,1,391298,2400,137800,-1
34473.59,2,386834,600,136710,1
34473.592,2,387246,1000,136990,-1
34473.679,1,391560,400,136810,1
34473.705,1,391579,1000,136900,-1
34474.189,1,391891,1000,137090,-1
34474.652,1,392153,200,136810,1
34475.036,2,389014,800,137090,-1
34475.044,2,392153,200,136810,1
34475.193,1,392546,800,137090,-1
34475.99,4,391579,1000,136900,-1
34476.19,1,393164,100,136800,1
34476.193,1,393167,900,136800,1
34476.412,1,393278,200,136800,1
34477.759,2,393278,200,136800,1
34477.765,2,392546,800,137090,-1
34477.871,1,394132,800,137190,-1
34477.927,2,394132,800,137190,-1
34477.996,2,391071,800,136610,1
34478.073,2,385833,1400,136500,1
34478.075,2,385835,1400,137290,-1
34478.114,1,394300,1400,136570,1
34478.116,1,394303,1400,137360,-1
34478.141,1,394327,200,136840,1
34478.142,4,323386,1000,137000,-1
34478.142,4,370368,1000,137000,-1
34478.28,1,394425,1500,137180,-1
34478.34,2,394327,200,136840,1
34478.413,1,394527,800,137090,-1
34478.62,2,382339,1500,136520,1
34478.623,2,394425,1500,137180,-1
34478.813,1,394815,200,137000,1
34478.855,2,394300,1400,136570,1
34478.858,2,394303,1400,137360,-1
34478.865,1,394863,1500,137180,-1
34478.914,1,394904,1400,136500,1
34478.915,1,394906,1400,137290,-1
34479.03,1,395008,800,136610,1
34479.036,2,394527,800,137090,-1
34479.262,2,395008,800,136610,1
34479.645,2,391560,400,136810,1
34479.653,2,391891,1000,137090,-1
34479.665,2,394815,200,137000,1
34479.665,1,395440,800,136910,1
34479.691,5,394922,500,137070,-1
34479.691,5,394834,452,137080,-1
34479.725,1,395516,1000,136910,1
34479.732,1,395522,1500,136520,1
34479.738,2,369000,1000,136420,1
34480.215,1,395882,800,137290,-1
34480.266,2,389148,600,137380,-1
34480.41,2,394904,1400,136500,1
34480.416,2,394906,1400,137290,-1
34480.439,2,395522,1500,136520,1
34480.448,1,396081,1400,136570,1
34480.454,1,396090,1400,137360,-1
34480.462,2,389541,600,136420,1
34480.494,1,396124,600,137480,-1
34480.514,2,394863,1500,137180,-1
34480.58,5,396169,532,137060,-1
34480.58,5,395902,68,137090,-1
34480.6,1,396224,1500,136620,1
34480.969,1,396604,600,136520,1
34481.094,2,395882,800,137290,-1
34481.166,1,396729,800,137390,-1
34481.188,1,396748,1500,137280,-1
34481.259,1,396812,200,137020,1
34481.481,2,395440,800,136910,1
34481.488,2,396812,200,137020,1
34481.713,1,397189,800,137010,1
34481.887,2,397189,800,137010,1
34481.891,2,396729,800,137390,-1
34482.321,1,397629,800,137010,1
34482.383,2,397629,800,137010,1
34482.776,2,254430,500,129000,1
34482.868,1,398000,800,136910,1
34483.199,1,398201,200,137010,1
34483.366,1,398306,900,137100,-1
34483.414,1,398335,800,137390,-1
34483.469,2,396224,1500,136620,1
34483.472,2,396748,1500,137280,-1
34483.557,2,398201,200,137010,1
34483.903,2,396090,1400,137360,-1
34483.941,1,398731,1400,137430,-1
34484.012,1,398776,1500,137280,-1
34484.146,2,396081,1400,136570,1
34484.189,1,398886,1400,136640,1
34484.232,2,398335,800,137390,-1
34484.237,2,398776,1500,137280,-1
34484.29,1,398964,800,137290,-1
34484.485,2,398886,1400,136640,1
34484.487,2,398731,1400,137430,-1
34484.487,2,398964,800,137290,-1
34484.527,1,399112,1400,136570,1
34484.53,1,399113,1400,137360,-1
34484.562,1,399141,1500,137280,-1
34484.824,4,335912,2000,137100,-1
34484.874,1,399446,800,137390,-1
34484.975,4,398306,900,137100,-1
34485.038,2,398000,800,136910,1
34485.105,1,399639,1500,136620,1
34485.325,1,399796,200,137100,1
34485.42,2,399639,1500,136620,1
34485.421,2,399141,1500,137280,-1
34485.498,2,399796,200,137100,1
34485.633,1,400039,800,137010,1
34485.648,2,399112,1400,136570,1
34485.653,2,399113,1400,137360,-1
34485.691,1,400115,1400,136640,1
34485.694,1,400119,1400,137430,-1
34485.762,2,400115,1400,136640,1
34485.791,1,400203,1500,137380,-1
34485.803,1,400221,1400,136570,1
34486.138,1,400477,100,137200,-1
34486.284,2,389832,900,136800,1
34486.367,2,400221,1400,136570,1
34486.371,2,400119,1400,137430,-1
34486.416,1,400694,1400,136710,1
34486.421,1,400700,1400,137500,-1
34486.519,1,400782,600,137580,-1
34486.528,2,396124,600,137480,-1
34486.533,5,400310,9,137130,1
34486.57,2,396604,600,136520,1
34486.587,1,400849,200,137140,1
34486.627,5,400511,1000,137160,-1
34486.672,2,400203,1500,137380,-1
34486.716,2,400849,200,137140,1
34486.738,2,400477,100,137200,-1
34486.762,2,400039,800,137010,1
34486.801,1,401084,1000,136920,1
34486.941,1,401221,600,136620,1
34487.139,1,401373,800,136910,1
34487.274,1,401477,200,137200,1
34487.642,2,389858,4000,136300,1
34487.649,2,399446,800,137390,-1
34487.812,1,401854,800,137390,-1
34487.873,1,401914,1100,137200,1
34488.26,2,401373,800,136910,1
34488.368,1,402288,800,137010,1
34488.652,1,402473,1500,137480,-1
34488.841,2,401477,200,137200,1
34489.275,2,401221,600,136620,1
34489.277,2,400782,600,137580,-1
34489.377,1,403080,600,137680,-1
34489.727,2,395516,1000,136910,1
34489.86,1,403507,1200,136910,1
34489.939,1,403587,4000,136800,1
34489.972,1,403624,600,136720,1
34490.505,1,404124,2500,137290,-1
34490.567,2,400694,1400,136710,1
34490.571,2,400700,1400,137500,-1
34490.609,1,404223,1400,136780,1
34490.611,1,404227,1400,137580,-1
34491.223,5,401628,500,137270,-1
34491.223,4,404124,800,137290,-1
34491.551,2,403507,1200,136910,1
34491.569,4,404124,1700,137290,-1
34491.598,5,404070,41,137340,-1
34491.658,1,405268,1200,137010,1
34491.837,2,405268,1200,137010,1
34491.849,2,402473,1500,137480,-1
34491.936,2,391298,2400,137800,-1
34491.94,1,405567,2400,138200,-1
34492.138,5,401891,100,137370,-1
34492.294,2,401854,800,137390,-1
34492.313,1,405864,1200,137010,1
34492.365,1,405910,800,137490,-1
34492.388,1,405929,1500,137580,-1
34492.453,2,402288,800,137010,1
34492.827,5,405880,1000,137380,-1
34492.827,4,9949,100,137400,-1
34492.827,4,20956,500,137400,-1
34492.958,1,406497,800,137110,1
34493.102,5,406215,900,137440,-1
34493.137,5,406215,900,137440,-1
34493.137,5,406378,459,137440,-1
34493.137,5,402971,41,137470,-1
34493.284,2,401084,1000,136920,1
34493.34,2,405929,1500,137580,-1
34493.495,1,406947,1500,137220,1
34493.559,2,129402,100,137500,-1
34494.358,2,404223,1400,136780,1
34494.36,2,404227,1400,137580,-1
34494.377,4,405910,800,137490,-1
34494.377,5,405996,1900,137490,-1
34494.377,5,406993,391,137490,-1
34494.377,4,26016,200,137500,-1
34494.377,4,78123,409,137500,-1
34494.404,1,407786,1400,136850,1
34494.409,1,407791,1400,137650,-1
34494.483,2,403624,600,136720,1
34494.487,2,403080,600,137680,-1
34494.491,1,407871,600,137780,-1
34494.506,1,407893,1000,137230,1
34494.569,2,406497,800,137110,1
34494.815,2,407893,1000,137230,1
34494.954,1,408341,800,137210,1
34494.974,1,408365,600,136820,1
34495.003,1,408394,1000,137230,1
34495.089,4,78123,1700,137500,-1
34495.159,4,78123,2500,137500,-1
34495.386,4,78123,391,137500,-1
34495.386,4,185309,600,137500,-1
34495.386,4,193875,250,137500,-1
34495.584,5,408035,59,137590,-1
34495.833,2,405864,1200,137010,1
34496.058,1,409491,1200,137110,1
34496.249,5,408035,100,137590,-1
34496.849,2,409491,1200,137110,1
34496.928,5,408035,341,137590,-1
34497.04,2,406947,1500,137220,1
34497.068,1,410542,1200,137010,1
34497.155,1,410633,1500,137220,1
34497.177,2,410542,1200,137010,1
34497.276,1,410746,500,137300,1
34497.31,5,410639,500,137590,-1
34497.31,4,407791,900,137650,-1
34497.356,2,408394,1000,137230,1
34497.491,2,410633,1500,137220,1
34497.627,1,411098,1200,137110,1
34497.687,2,345528,300,141500,-1
34497.691,2,407791,500,137650,-1
34497.731,1,411209,1400,137720,-1
34497.753,2,411209,1400,137720,-1
34497.758,1,411251,1500,137320,1
34497.934,2,407786,1400,136850,1
34497.973,1,411502,1400,137280,1
34498.235,5,411548,300,137690,-1
34498.269,1,411799,1000,137330,1
34498.269,5,411548,200,137690,-1
34498.28,2,411502,1400,137280,1
34498.291,5,411548,1400,137690,-1
34498.302,1,411848,1400,138080,-1
34498.724,2,408365,600,136820,1
34498.728,2,407871,600,137780,-1
34498.792,1,412339,500,138000,-1
34498.816,1,412360,600,136820,1
34498.866,1,412420,1000,137990,-1
34499.008,2,411848,1400,138080,-1
34499.218,2,412360,600,136820,1
34499.361,1,412856,600,137880,-1
34499.449,2,408341,800,137210,1
34499.478,2,412339,500,138000,-1
34499.488,1,412957,500,137900,-1
34499.639,1,413089,800,137310,1
34499.874,5,413297,649,137780,-1
34499.929,1,413405,600,136920,1
34500.062,5,411988,1000,137790,-1
34500.448,5,412965,500,137710,1
34500.73,5,412965,500,137710,1
34500.88,2,412420,1000,137990,-1
34500.89,2,186306,100,135300,1
34501.025,2,411251,1500,137320,1
34501.085,1,414522,100,137800,1
34501.153,1,414582,1500,137420,1
34501.192,2,412957,500,137900,-1
34501.219,2,414582,1500,137420,1
34501.259,2,413405,600,136920,1
34501.27,1,414673,300,137320,1
34501.339,5,413003,1100,137870,-1
34501.6,5,414917,200,137870,-1
34501.643,5,414917,159,137870,-1
34501.798,5,414917,89,137870,-1
34502.052,1,415533,100,137900,-1
34502.164,2,412856,600,137880,-1
34502.206,5,414917,500,137870,-1
34502.456,5,414917,48,137870,-1
34502.687,2,411098,1200,137110,1
34502.985,1,416467,1200,137210,1
34503.064,2,414522,100,137800,1
34503.119,2,413089,800,137310,1
34503.239,1,416693,1500,137320,1
34503.304,5,414917,1400,137870,-1
34503.336,1,416804,800,137410,1
34503.425,2,411799,1000,137330,1
34503.44,1,416910,1000,137420,1
34503.49,2,410746,500,137300,1
34503.5,1,416983,500,137400,1
34503.592,5,414917,100,137870,-1
34503.599,5,414917,500,137870,-1
34505.217,2,93871,700,138600,-1
34505.689,2,416693,1500,137320,1
34505.747,1,419172,1500,137420,1
34506.048,2,401914,1100,137200,1
34506.048,2,419172,1500,137420,1
34506.051,5,414917,4,137870,-1
34506.051,5,415561,1096,137870,-1
34506.176,2,415533,100,137900,-1
34506.22,1,419607,1000,137990,-1
34506.489,5,419505,500,137870,-1
34506.515,1,419872,1500,137420,1
34506.52,2,419607,1000,137990,-1
34506.572,2,419872,1500,137420,1
34507.237,2,416804,800,137410,1
34507.334,1,420656,800,137510,1
34507.465,2,416983,500,137400,1
34507.475,1,420773,500,137500,1
34507.62,1,420911,1500,137420,1
34507.753,1,421046,1000,137990,-1
34507.957,2,421046,1000,137990,-1
34508.095,1,421371,1000,137990,-1
34508.345,1,421570,200,137880,-1
34508.361,2,416467,1200,137210,1
34508.437,1,421648,1200,137310,1
34508.505,2,421371,1000,137990,-1
34508.518,2,421570,200,137880,-1
34508.543,5,420301,500,137750,1
34508.543,5,421332,1000,137730,1
34508.543,5,420292,400,137710,1
34508.755,2,416910,1000,137420,1
34508.768,1,421944,1000,137520,1
34509.177,2,421944,1000,137520,1
34509.315,1,422381,1000,137530,1
34509.768,1,422833,1000,137990,-1
34510.019,2,422381,1000,137530,1
34510.145,2,422833,1000,137990,-1
34510.659,1,423638,1000,137990,-1
34511.267,2,414673,300,137320,1
34511.288,1,424170,600,137420,1
34511.706,2,423638,1000,137990,-1
34511.814,2,424170,600,137420,1
34511.89,1,424698,600,137320,1
34512.174,2,424698,600,137320,1
34512.174,1,424965,1000,137520,1
34512.278,2,405567,2400,138200,-1
34512.294,1,425089,1600,138000,-1
34512.338,2,420656,800,137510,1
34512.423,1,425214,600,137420,1
34512.448,1,425233,200,137830,-1
34512.466,1,425243,800,137510,1
34512.526,2,425233,200,137830,-1
34512.688,2,425243,800,137510,1
34512.753,1,425485,1000,137990,-1
34512.92,5,425535,100,137810,1
34513.028,2,425214,600,137420,1
34513.099,1,425796,800,137610,1
34513.113,2,425485,1000,137990,-1
34513.12,1,425817,600,137320,1
34513.185,2,425089,1600,138000,-1
34513.187,1,425876,1600,138100,-1
34513.208,1,425889,1000,137990,-1
34513.294,1,425959,1000,137800,-1
34513.322,4,425959,1000,137800,-1
34513.33,2,425889,1000,137990,-1
34513.331,1,425989,1000,137800,-1
34513.341,4,425989,500,137800,-1
34513.358,2,420773,500,137500,1
34513.366,4,425989,500,137800,-1
34513.382,2,425817,600,137320,1
34513.603,1,426256,600,137320,1
34513.667,1,426338,200,137870,-1
34513.737,4,426338,200,137870,-1
34513.909,2,424965,1000,137520,1
34513.934,2,420911,1500,137420,1
34514.186,1,426784,200,137900,-1
34514.371,1,426915,1500,137420,1
34514.45,1,426964,3500,137800,1
34514.602,1,427091,100,68900,1
34514.8,2,427091,100,68900,1
34515.375,5,426982,500,137820,1
34515.412,5,426982,700,137820,1
34515.412,5,426577,600,137810,1
34515.412,4,426964,100,137800,1
34515.749,2,426256,600,137320,1
34515.756,1,428078,300,142700,-1
34515.862,1,428158,600,137420,1
34516.527,2,426784,200,137900,-1
34516.821,2,421648,1200,137310,1
34516.924,1,429015,1200,137410,1
34517.522,1,429547,200,137900,-1
34517.688,2,429547,200,137900,-1
34517.891,5,429700,200,137880,-1
34518.001,2,145612,1000,138700,-1
34518.027,2,426915,1500,137420,1
34518.098,2,425796,800,137610,1
34518.136,1,430039,1500,137520,1
34518.212,1,430090,800,137610,1
34518.33,5,429948,2000,137840,1
34518.33,5,429407,1900,137810,1
34518.33,5,429736,600,137810,1
34518.33,4,426964,3400,137800,1
34518.33,5,427055,2000,137720,1
34518.33,5,428812,100,137720,1
34518.411,1,430264,1000,140200,-1
34519.018,2,430039,1500,137520,1
34519.592,1,431235,200,137900,1
34519.728,5,429733,700,137980,-1
34519.758,1,431468,200,137930,-1
34519.793,4,431235,200,137900,1
34519.835,5,431500,200,137880,-1
34519.846,5,431500,1600,137880,-1
34519.846,1,431564,900,137900,1
34519.91,2,431468,200,137930,-1
34520.079,4,431564,900,137900,1
34520.142,2,430090,800,137610,1
34520.19,1,431837,1000,137430,1
34520.243,1,431892,800,137610,1
34520.364,2,431837,1000,137430,1
34520.382,1,432025,1000,137620,1
34520.444,2,431892,800,137610,1
34520.786,1,432386,800,137710,1
34521.066,2,432025,1000,137620,1
34521.647,5,431917,500,137980,-1
34521.647,5,431921,200,137990,-1
34521.734,1,433115,3000,137900,1
34521.764,5,433032,400,137990,-1
34521.764,4,173253,700,138000,-1
34521.764,5,432633,1000,138000,-1
34521.96,1,433320,3000,137000,1
34522.076,2,433115,3000,137900,1
34522.126,1,433464,1000,137720,1
34522.204,2,433464,1000,137720,1
34522.371,5,428747,800,138090,-1
34522.412,1,433678,1000,137720,1
34522.528,5,433559,200,138000,1
34522.531,5,433559,200,138000,1
34522.571,1,433810,1500,137520,1
34524.882,2,425876,1600,138100,-1
34524.885,1,435539,1600,138200,-1
34525.729,1,436141,1000,137800,1
34525.782,2,433678,1000,137720,1
34525.787,2,432386,800,137710,1
34525.804,1,436183,1000,137810,1
34525.868,2,428158,600,137420,1
34525.941,1,436291,600,137420,1
34526.114,1,436397,800,137710,1
34526.21,2,429015,1200,137410,1
34526.24,1,436485,200,137800,1
34526.422,1,436617,1200,137510,1
34526.757,2,436291,600,137420,1
34526.868,1,436958,600,137520,1
34527.15,2,436397,800,137710,1
34527.244,2,435539,1600,138200,-1
34527.254,1,437217,2400,139100,-1
34527.255,1,437218,800,137810,1
34527.409,1,437310,1000,138290,-1
34527.423,2,437310,1000,138290,-1
34527.439,1,437336,900,138290,-1
34528.62,1,438084,3500,138000,1
34530.578,2,433810,1500,137520,1
34531.171,1,439951,2500,138090,-1
34532.02,1,440581,1000,137900,1
34532.257,2,437218,800,137810,1
34532.348,1,440807,800,137810,1
34532.748,5,438125,1200,138020,1
34532.748,4,438084,1300,138000,1
34533.573,2,440807,800,137810,1
34533.662,2,436617,1200,137510,1
34533.668,1,441804,800,137910,1
34533.883,1,442001,1200,137610,1
34535.05,1,442803,3000,138070,-1
34535.053,2,439951,2500,138090,-1
34535.537,4,442803,2000,138070,-1
34535.547,4,442803,1000,138070,-1
34536.868,2,436958,600,137520,1
34536.999,1,444076,600,137620,1
34537.454,2,437336,900,138290,-1
34538.668,2,441804,800,137910,1
34538.946,1,445443,800,137910,1
34539.885,2,442001,1200,137610,1
34539.993,1,446159,1200,137710,1
34541.378,2,444076,600,137620,1
34541.447,1,447128,600,137720,1
34541.543,2,445443,800,137910,1
34541.653,1,447307,800,138010,1
34541.875,1,447481,1000,138290,-1
34544.194,1,448994,800,138000,1
34544.279,5,448556,549,138120,1
34544.279,1,449044,1951,138090,-1
34544.992,2,446159,1200,137710,1
34545.314,1,449748,1200,137810,1
34545.529,2,449044,1951,138090,-1
34545.918,5,447693,500,138020,1
34545.918,5,447920,500,138020,1
34545.932,5,447920,1400,138020,1
34545.932,5,449858,1600,138020,1
34546.231,2,449748,1200,137810,1
34546.244,2,447307,800,138010,1
34546.341,1,450605,1200,137710,1
34546.359,1,450611,800,138110,1
34546.47,2,450611,800,138110,1
34546.956,1,451193,800,138010,1
34547.982,2,437217,2400,139100,-1
34548.007,1,452321,2400,139900,-1
34548.803,1,453039,5000,138100,-1
34549.17,4,453039,3000,138100,-1
34549.55,5,452274,800,138020,1
34549.618,5,452274,200,138020,1
34549.618,4,451193,800,138010,1
34549.618,5,447040,1096,138010,1
34549.618,5,450432,804,138010,1
34549.632,5,450432,1096,138010,1
34549.632,5,450609,800,138010,1
34549.632,5,451539,1104,138010,1
34549.98,2,448994,800,138000,1
34550.034,2,447128,600,137720,1
34550.142,1,454057,600,137820,1
34550.209,2,454057,600,137820,1
34550.488,1,454278,100,138100,-1
34550.512,4,453039,48,138100,-1
34550.697,1,454515,600,137720,1
34550.889,2,454278,100,138100,-1
34550.908,2,454515,600,137720,1
34551.066,1,454890,100,121000,1
34551.317,1,455173,600,137720,1
34551.941,4,453039,20,138100,-1
34553.047,4,453039,1932,138100,-1
34553.568,2,450605,1200,137710,1
34553.576,2,322092,100,131800,1
34553.698,5,456660,200,138010,1
34553.698,4,438084,2000,138000,1
34553.795,1,457210,1200,137810,1
34555.073,4,438084,75,138000,1
34555.49,2,457210,1200,137810,1
34555.612,1,458839,1200,137710,1
34555.616,2,455173,600,137720,1
34555.69,1,458969,1951,138090,-1
34555.734,1,459027,200,138100,-1
34555.791,1,459089,600,137820,1
34555.94,2,459089,600,137820,1
34556.218,1,459468,600,137720,1
34556.379,2,459027,200,138100,-1
34556.392,4,458969,500,138090,-1
34556.477,2,458969,1451,138090,-1
34556.992,2,459468,600,137720,1
34557.068,1,460273,600,137820,1
34557.154,2,19913,5000,140000,-1
34557.528,5,459190,796,138010,1
34557.528,5,459707,500,138010,1
34557.528,4,438084,125,138000,1
34557.753,1,460873,100,69000,1
34557.941,2,460873,100,69000,1
34557.989,1,461028,1049,138010,1
34558.727,2,461028,1049,138010,1
34559.047,2,436183,1000,137810,1
34559.064,1,461907,1000,137910,1
34560.36,5,462818,1900,138110,1
34560.36,1,462933,100,138100,-1
34560.392,5,462958,500,138080,-1
34560.578,2,447481,1000,138290,-1
34560.671,5,462958,500,138080,-1
34560.829,5,462958,200,138080,-1
34560.829,5,462968,300,138090,-1
34560.906,1,463484,1500,137920,1
34561.015,5,462968,300,138090,-1
34561.015,4,462933,100,138100,-1
34561.16,5,463564,2000,138180,-1
34561.382,2,458839,1200,137710,1
34561.486,1,463996,1200,137810,1
34561.503,2,461907,1000,137910,1
34561.505,1,464021,1000,138290,-1
34561.573,2,463996,1200,137810,1
34561.877,2,464021,1000,138290,-1
34561.98,2,463484,1500,137920,1
34562.059,1,464558,1500,137820,1
34562.067,1,464562,1200,137910,1
34562.079,1,464573,1000,137910,1
34562.702,2,464558,1500,137820,1
34562.702,5,464958,500,138190,-1
34562.814,1,465272,1500,137920,1
34562.956,2,464573,1000,137910,1
34562.969,1,465400,1000,137930,1
34565.523,2,145297,100,120000,1
34565.626,1,467420,600,138200,-1
34566.777,4,467420,500,138200,-1
34567.036,2,467420,100,138200,-1
34567.068,2,460273,600,137820,1
34567.263,1,468602,600,137820,1
34569.304,1,470033,2000,141400,-1
34570.407,2,465400,1000,137930,1
34572.074,2,464562,1200,137910,1
34572.235,1,472182,1200,137910,1
34572.521,1,472442,200,138190,-1
34573.093,1,473028,1451,138190,-1
34573.961,2,465272,1500,137920,1
34574.227,5,464003,700,138020,1
34574.411,1,474155,1500,137920,1
34574.661,2,468602,600,137820,1
34574.682,2,472442,200,138190,-1
34574.766,1,474469,600,137720,1
34575.016,1,474653,1451,138100,-1
34575.017,2,474469,600,137720,1
34575.056,2,472182,1200,137910,1
34575.127,1,474739,200,138100,-1
34575.157,1,474765,1200,137710,1
34575.34,1,474934,600,137820,1
34575.522,2,474155,1500,137920,1
34575.666,2,474934,600,137820,1
34575.765,1,475325,1500,137820,1
34575.866,2,474739,200,138100,-1
34575.879,1,475423,600,137820,1
34575.895,5,472796,500,138010,1
34576.141,2,475423,600,137820,1
34576.3,2,440581,1000,137900,1
34576.418,1,475898,200,138090,-1
34576.425,1,475906,600,137720,1
34576.549,5,475828,500,138010,1
34576.605,2,475898,200,138090,-1
34577.03,5,476166,800,138070,-1
34577.064,1,476557,1000,137830,1
34577.172,2,476557,1000,137830,1
34577.213,1,476694,500,138100,-1
34577.338,2,476694,500,138100,-1
34577.981,2,473028,1451,138190,-1
34578.003,2,474653,1451,138100,-1
34578.142,1,477580,1000,138290,-1
34578.494,2,474765,1200,137710,1
34578.802,1,478196,1200,137810,1
34579.434,1,478794,500,138200,-1
34581.076,2,475906,600,137720,1
34581.188,1,480406,600,137820,1
34581.581,2,480406,600,137820,1
34581.829,1,481041,600,137720,1
34582.423,2,374888,1200,136100,1
34583.647,2,170893,1000,134400,1
34583.65,2,169395,1000,134550,1
34583.653,2,167053,1000,134650,1
34584.167,1,483273,100,137900,1
34584.43,2,478794,500,138200,-1
34584.437,2,483273,100,137900,1
34584.964,2,481041,600,137720,1
34585.027,1,483916,1200,138300,-1
34585.049,1,483929,600,137820,1
34585.234,2,475325,1500,137820,1
34585.266,1,484088,250,138100,-1
34585.337,1,484149,1500,137920,1
34585.576,2,483916,1200,138300,-1
34585.664,1,484423,1200,138100,-1
34586.549,1,485036,1000,138100,-1
34586.649,2,484423,1200,138100,-1
34587.383,4,484088,250,138100,-1
34587.383,4,485036,950,138100,-1
34588.801,2,478196,1200,137810,1
34589.159,1,486994,1200,137810,1
34589.839,2,483929,600,137820,1
34589.856,1,487599,600,137720,1
34590.388,2,487599,600,137720,1
34590.418,1,487993,600,137820,1
34590.819,1,488369,1400,137900,1
34590.868,2,486994,1200,137810,1
34590.891,2,488369,1400,137900,1
34591.066,1,488560,1200,137910,1
34591.837,1,489231,1000,138100,-1
34592.44,2,484149,1500,137920,1
34592.541,1,489712,1500,137820,1
34592.567,2,487993,600,137820,1
34592.696,1,489868,600,137720,1
34593.157,1,490253,8100,137900,1
34593.744,2,489712,1500,137820,1
34593.814,2,489868,600,137720,1
34593.816,1,490792,600,137820,1
34593.851,2,75015,200,134500,1
34593.857,1,490828,1500,137920,1
34594.019,2,490828,1500,137920,1
34594.734,1,491417,1500,137920,1
34594.793,2,491417,1500,137920,1
34595.278,1,491749,1500,137920,1
34595.334,2,491749,1500,137920,1
34595.371,5,491582,900,138020,1
34595.672,2,490792,600,137820,1
34595.677,1,492068,600,137720,1
34595.714,2,490253,8100,137900,1
34595.749,2,488560,1200,137910,1
34595.774,5,491838,500,138080,-1
34595.786,2,492068,600,137720,1
34595.813,1,492213,1000,137810,1
34595.815,1,492216,1200,137810,1
34595.823,1,492223,1500,137820,1
34596.138,5,477991,600,138000,1
34596.148,1,492443,600,137820,1
34596.15,1,492445,200,138070,-1
34596.253,2,492445,200,138070,-1
34596.475,2,492443,600,137820,1
34596.585,2,492216,1200,137810,1
34596.689,1,492888,1200,137710,1
34596.713,1,492910,200,138100,-1
34596.779,1,492951,600,137820,1
34596.838,1,492987,200,142000,-1
34597.106,2,492951,600,137820,1
34597.342,1,493280,600,137720,1
34597.505,2,492910,200,138100,-1
34598.696,1,494179,10000,138900,-1
34599.003,2,492888,1200,137710,1
34599.11,1,494473,1200,137810,1
34600.172,1,495310,800,139300,-1
34600.299,1,495398,200,138070,-1
34600.581,2,495398,200,138070,-1
34600.968,1,495918,100,69000,1
34601.162,1,496053,200,138100,-1
34601.191,2,495918,100,69000,1
34602.868,2,496053,200,138100,-1
34603.885,4,485036,50,138100,-1
34603.885,4,489231,950,138100,-1
34603.994,4,489231,50,138100,-1
34603.994,5,494407,950,138100,-1
34604.371,2,493280,600,137720,1
34604.497,1,498640,600,137820,1
34604.817,2,494473,1200,137810,1
34604.925,1,499064,1200,137910,1
34605.135,5,499043,450,138190,-1
34605.135,5,499179,1900,138190,-1
34605.296,2,499064,1200,137910,1
34605.394,1,499483,200,138100,-1
34605.504,1,499572,1200,138010,1
34606.175,5,499478,100,138090,-1
34606.175,4,499483,200,138100,-1
34606.297,2,477580,1000,138290,-1
34606.996,2,492223,1500,137820,1
34607.01,1,500687,5000,136800,1
34607.052,1,500720,1500,137920,1
34607.233,5,500689,862,138110,1
34607.518,2,498640,600,137820,1
34607.671,1,501175,600,137820,1
34607.693,1,501203,2500,138110,1
34607.717,2,500720,1500,137920,1
34607.921,1,501371,1500,137920,1
34608.304,2,501175,600,137820,1
34608.425,1,501822,600,137820,1
34608.443,1,501831,2000,138200,-1
34609.452,2,501371,1500,137920,1
34610.207,2,501822,600,137820,1
34610.216,1,503228,600,137920,1
34610.362,2,503228,600,137920,1
34610.711,1,503601,1500,137920,1
34610.795,1,503679,600,137820,1
34610.81,2,501203,2500,138110,1
34611.161,1,503936,1000,138100,1
34611.488,2,500687,5000,136800,1
34611.785,2,503679,600,137820,1
34611.893,1,504471,600,137920,1
34612.042,5,501519,400,138120,1
34612.042,4,503936,1000,138100,1
34612.042,1,504560,600,138100,-1
34612.075,2,504471,600,137920,1
34612.357,2,452321,2400,139900,-1
34612.361,1,504832,2400,138600,-1
34612.44,1,504876,600,137820,1
34612.742,2,504876,600,137820,1
34613.013,1,505320,600,137820,1
34613.315,2,505320,600,137820,1
34613.597,1,505694,600,137920,1
34614.473,2,505694,600,137920,1
34614.647,1,506431,600,137820,1
34614.71,2,506431,600,137820,1
34615.186,1,506810,2000,138100,-1
34615.203,1,506819,600,137920,1
34615.317,1,506875,5000,136800,1
34615.345,5,506025,1000,138080,-1
34615.345,5,506868,200,138090,-1
34615.345,4,504560,600,138100,-1
34615.345,4,506810,800,138100,-1
34615.394,4,506810,1200,138100,-1
34615.51,2,499572,1200,138010,1
34615.638,2,506819,600,137920,1
34615.786,1,507265,600,137820,1
34615.803,1,507283,1200,138010,1
34616.13,2,436485,200,137800,1
34616.232,1,507591,200,137800,1
34616.423,2,507265,600,137820,1
34616.602,1,507902,600,137920,1
34616.829,2,501831,2000,138200,-1
34617.725,2,506875,5000,136800,1
34618.686,1,509465,600,138100,1
34618.745,5,509490,500,138120,1
34618.862,1,509668,1300,138200,1
34619.897,2,507283,1200,138010,1
34619.982,5,510009,1900,138210,1
34619.982,4,509668,900,138200,1
34620.0,1,510737,1000,138110,1
34620.937,2,316971,23,121120,1
34620.945,1,511499,1000,137100,1
34621.08,2,317044,24,113860,1
34621.094,2,317103,26,107020,1
34621.167,2,503601,1500,137920,1
34621.45,2,507902,600,137920,1
34621.659,1,512030,600,138020,1
34625.405,1,514995,200,138290,-1
34625.603,1,515126,2000,147000,-1
34626.027,1,515437,2300,138280,-1
34626.603,2,512030,600,138020,1
34626.697,1,515984,600,137920,1
34626.934,2,515984,600,137920,1
34627.268,1,516524,600,138020,1
34627.356,2,511499,1000,137100,1
34628.078,5,516171,200,138240,1
34628.078,5,514999,700,138220,1
34628.078,4,509668,100,138200,1
34628.284,4,509668,100,138200,1
34628.582,5,517460,100,138230,-1
34628.93,4,509668,200,138200,1
34629.393,1,518428,200,138200,-1
34629.957,2,492987,200,142000,-1
34629.991,2,514995,200,138290,-1
34630.001,2,510737,1000,138110,1
34630.11,1,519073,1000,138110,1
34630.158,1,519110,1500,138020,1
34630.245,4,519073,1000,138110,1
34630.368,1,519268,200,143000,-1
34630.373,1,519272,6000,138100,1
34630.68,2,518428,200,138200,-1
34630.715,1,519558,800,138010,1
34631.226,5,519538,200,138110,1
34631.343,1,519988,1000,138290,-1
34631.43,2,519988,1000,138290,-1
34631.596,2,509465,600,138100,1
34631.666,2,519110,1500,138020,1
34631.686,2,516524,600,138020,1
34631.691,1,520275,600,137920,1
34631.783,2,519558,800,138010,1
34631.801,5,519538,300,138110,1
34631.905,1,520454,1500,137920,1
34631.915,2,515437,2300,138280,-1
34631.94,1,520484,400,137910,1
34632.515,1,520963,1000,138200,-1
34632.606,1,521036,100,155000,-1
34633.082,1,521425,1000,138200,-1
34634.354,4,519272,5000,138100,1
34634.975,1,522766,1200,138200,-1
34635.644,1,523265,800,138200,-1
34635.809,4,519272,100,138100,1
34636.38,4,519272,900,138100,1
34636.637,2,520275,600,137920,1
34636.655,1,523980,600,137820,1
34636.96,2,520454,1500,137920,1
34637.064,1,524311,800,137610,1
34637.637,2,523980,600,137820,1
34637.641,1,524770,600,137720,1
34637.707,2,520963,1000,138200,-1
34637.708,2,521425,1000,138200,-1
34637.71,2,523265,800,138200,-1
34637.78,1,524912,1500,137820,1
34637.898,1,525029,1000,138100,-1
34638.241,1,525293,2500,138100,-1
34638.877,2,520484,400,137910,1
34639.496,1,526385,1000,138100,-1
34640.012,2,524770,600,137720,1
34640.019,1,526860,800,138100,-1
34640.046,2,492213,1000,137810,1
34640.129,1,526941,600,137620,1
34640.175,1,526973,400,137910,1
34640.691,2,526860,800,138100,-1
34640.746,2,526973,400,137910,1
34640.783,2,524912,1500,137820,1
34640.789,1,527514,1000,138190,-1
34640.82,1,527547,800,138190,-1
34640.847,1,527571,1500,137720,1
34641.269,5,527111,400,137920,1
34641.303,1,527941,300,137910,1
34641.612,2,527571,1500,137720,1
34641.618,1,528162,1500,137820,1
34641.643,2,527547,800,138190,-1
34641.752,2,527514,1000,138190,-1
34641.8,1,528316,800,138090,-1
34641.834,2,527941,300,137910,1
34641.863,1,528376,1000,138090,-1
34642.061,2,524311,800,137610,1
34642.264,2,528162,1500,137820,1
34642.319,1,528685,1000,141100,-1
34642.369,2,528316,800,138090,-1
34642.382,1,528736,1500,137720,1
34642.424,1,528779,300,137910,1
34642.457,1,528804,800,138190,-1
34642.617,1,528929,2200,137990,-1
34642.629,2,528779,300,137910,1
34642.686,2,526941,600,137620,1
34642.796,1,529071,600,137720,1
34642.97,1,529193,300,137810,1
34643.046,2,529193,300,137810,1
34643.048,2,528376,1000,138090,-1
34643.116,1,529285,800,137610,1
34643.306,1,529418,300,137990,-1
34643.468,1,529558,2200,137900,-1
34643.513,5,529589,300,137880,-1
34643.584,1,529655,700,137900,-1
34643.795,1,529864,100,68900,1
34643.998,2,529864,100,68900,1
34644.027,5,525981,1400,137830,1
34644.05,1,530050,1000,138400,-1
34644.081,5,529589,100,137880,-1
34644.214,2,528804,800,138190,-1
34644.233,2,528736,1500,137720,1
34644.316,1,530277,800,138090,-1
34644.33,2,393164,100,136800,1
34644.342,2,393167,900,136800,1
34644.358,1,530310,1500,137820,1
34644.541,2,526385,1000,138100,-1
34644.629,5,529589,200,137880,-1
34645.174,1,531030,1000,137710,1
34645.198,2,530277,800,138090,-1
34645.302,1,531139,800,138190,-1
34645.478,1,531274,1000,137900,-1
34645.718,1,531501,1000,138090,-1
34646.131,5,531076,400,137830,1
34646.155,2,525293,2500,138100,-1
34646.672,2,528929,2200,137990,-1
34646.86,2,529558,2200,137900,-1
34646.944,2,531139,800,138190,-1
34646.949,2,436141,1000,137800,1
34647.159,1,532694,800,138090,-1
34647.793,1,533159,500,136000,1
34647.864,2,361219,2400,135900,1
34647.868,1,533210,2400,137300,1
34647.87,2,531030,1000,137710,1
34648.003,1,533313,1000,137610,1
34648.121,2,529285,800,137610,1
34648.252,1,533503,800,137610,1
34648.507,2,531501,1000,138090,-1
34648.592,2,533503,800,137610,1
34648.77,1,533950,1000,137990,-1
34648.799,1,533975,800,137510,1
34649.05,4,529655,200,137900,-1
34649.645,1,534695,300,137820,1
34650.336,2,532694,800,138090,-1
34650.414,1,535292,1200,138200,-1
34650.551,1,535384,800,137990,-1
34650.641,2,533950,1000,137990,-1
34650.709,2,530310,1500,137820,1
34650.752,1,535543,1000,138090,-1
34650.915,2,531274,1000,137900,-1
34650.927,5,533170,600,137840,1
34650.927,5,531612,100,137830,1
34650.927,5,535285,100,137830,1
34650.927,5,535438,200,137830,1
34651.072,2,529071,600,137720,1
34651.153,1,535869,1500,137720,1
34651.187,1,535901,600,137620,1
34651.28,4,529655,300,137900,-1
34651.423,2,535543,1000,138090,-1
34651.453,2,534695,300,137820,1
34651.675,1,536293,1000,138090,-1
34651.791,5,536288,100,137890,-1
34651.791,4,529655,200,137900,-1
34652.62,2,533975,800,137510,1
34652.632,2,535384,800,137990,-1
34652.793,5,537183,1000,137900,-1
34652.892,1,537335,500,137710,1
34653.44,1,537742,800,138090,-1
34653.812,2,533313,1000,137610,1
34654.019,1,538276,1000,137710,1
34654.056,5,535916,53,137810,1
34654.086,2,538276,1000,137710,1
34654.504,5,535916,47,137810,1
34654.504,5,536423,100,137810,1
34654.504,4,507591,200,137800,1
34654.574,1,538752,1000,137610,1
34654.73,1,538914,1700,137700,1
34655.123,2,536293,1000,138090,-1
34655.361,1,539591,1000,137990,-1
34655.362,2,538914,1700,137700,1
34655.522,1,539752,200,131100,1
34656.829,5,538706,600,137770,1
34656.829,5,538766,53,137730,1
34657.193,5,538766,47,137730,1
34657.193,4,535869,953,137720,1
34657.239,2,538752,1000,137610,1
34657.423,1,541526,953,138080,-1
34657.454,1,541547,1000,137510,1
34657.892,2,537335,500,137710,1
34657.914,1,541976,500,139000,-1
34658.048,1,542077,500,137710,1
34658.052,5,541442,49,137730,1
34658.215,2,542077,500,137710,1
34658.217,2,537742,800,138090,-1
34658.608,1,542468,800,137510,1
34659.11,1,542895,800,137990,-1
34659.239,1,543009,2500,138000,-1
34659.312,1,543068,1200,137400,1
34660.135,2,535869,547,137720,1
34660.139,2,541526,953,138080,-1
34660.307,1,543769,700,137600,1
34660.587,1,544013,547,137620,1
34660.854,2,543769,700,137600,1
34661.191,2,535901,600,137620,1
34661.327,1,544619,600,137620,1
34662.059,5,543855,200,137790,-1
34662.638,2,542468,800,137510,1
34662.726,1,545759,800,137510,1
34662.741,1,545782,800,137410,1
34662.959,2,541547,1000,137510,1
34663.153,2,544013,547,137620,1
34663.155,1,546148,547,137720,1
34663.174,1,546169,1000,137610,1
34663.268,1,546239,800,138090,-1
34663.327,2,546239,800,138090,-1
34663.392,2,529418,300,137990,-1
34663.814,1,546614,800,137990,-1
34664.112,2,542895,800,137990,-1
34664.212,1,546864,800,137990,-1
34664.327,4,546148,500,137720,1
34664.628,1,547103,1000,137980,-1
34664.882,2,546169,1000,137610,1
34664.96,1,547362,500,138000,-1
34665.015,4,546148,47,137720,1
34665.171,1,547472,1000,137510,1
34665.362,2,539591,1000,137990,-1
34665.708,2,543068,1200,137400,1
34665.738,1,547972,1000,137990,-1
34665.921,2,546864,800,137990,-1
34666.041,1,548208,800,137890,-1
34666.109,2,545759,800,137510,1
34666.21,2,547362,500,138000,-1
34666.218,1,548330,500,137900,-1
34666.221,1,548331,800,137410,1
34666.258,1,548351,400,138180,-1
34667.041,1,548920,1200,137300,1
34667.742,2,545782,800,137410,1
34667.894,1,549566,800,137410,1
34667.99,2,522766,1200,138200,-1
34668.22,2,548208,800,137890,-1
34668.296,2,547103,1000,137980,-1
34668.331,1,549868,1000,137890,-1
34668.385,2,544619,600,137620,1
34668.388,1,549930,200,137520,1
34668.433,1,549986,1500,137980,-1
34668.481,1,550031,1000,137500,1
34668.813,2,546614,800,137990,-1
34668.881,1,550358,800,137890,-1
34668.955,1,550429,800,137990,-1
34668.984,1,550459,10000,139900,-1
34668.988,2,550358,800,137890,-1
34669.098,2,548351,400,138180,-1
34669.102,1,550536,600,138080,-1
34669.206,2,550536,600,138080,-1
34669.339,1,550732,800,137990,-1
34669.638,1,550999,600,138180,-1
34670.262,2,549930,200,137520,1
34670.266,1,551571,300,137620,1
34670.427,2,548331,800,137410,1
34670.487,1,551758,800,137510,1
34671.061,2,533210,2400,137300,1
34671.065,1,552261,2400,137100,1
34671.128,4,551571,300,137620,1
34671.277,1,552386,400,137620,1
34671.988,1,552852,2000,137600,1
34672.757,2,551758,800,137510,1
34672.892,2,549566,800,137410,1
34672.934,2,550429,800,137990,-1
34672.959,1,553509,800,137410,1
34672.971,1,553515,800,137410,1
34673.256,2,553515,800,137410,1
34673.522,1,553840,800,137510,1
34673.577,2,553840,800,137510,1
34673.64,2,549986,1500,137980,-1
34673.809,1,554106,5000,137700,-1
34673.816,2,550031,1000,137500,1
34674.066,1,554316,800,137410,1
34674.342,2,550732,800,137990,-1
34674.494,4,552386,400,137620,1
34674.494,4,552852,2000,137600,1
34674.611,1,554689,800,137990,-1
34674.618,1,554694,1500,137420,1
34674.684,1,554751,800,137990,-1
34674.823,2,550999,600,138180,-1
34674.826,1,554866,400,137700,-1
34675.172,2,547472,1000,137510,1
34675.271,1,555178,1700,137400,1
34675.299,1,555193,1000,137510,1
34675.374,1,555237,600,137120,1
34675.684,1,555458,5000,137690,-1
34675.742,2,547972,1000,137990,-1
34675.895,5,555304,100,137540,1
34675.895,5,550021,300,137530,1
34675.895,5,555234,100,137520,1
34675.895,4,555193,500,137510,1
34675.957,1,555667,1000,137990,-1
34676.018,2,555667,1000,137990,-1
34676.53,1,556060,400,137790,-1
34677.399,2,554694,1500,137420,1
34677.504,2,20578,4800,124800,1
34677.572,2,554751,800,137990,-1
34677.681,2,554689,800,137990,-1
34677.686,1,556841,800,137890,-1
34677.785,1,556897,800,137890,-1
34677.962,2,553509,800,137410,1
34678.168,1,557104,4800,131300,1
34678.255,1,557161,800,137410,1
34678.29,1,557174,1500,137420,1
34678.346,2,557174,1500,137420,1
34679.063,2,554316,800,137410,1
34679.166,1,557814,1500,137420,1
34679.236,2,557814,1500,137420,1
34679.315,1,557928,800,137410,1
34679.377,2,557928,800,137410,1
34679.641,5,555712,51,137520,1
34679.641,4,555193,500,137510,1
34679.712,1,558208,1500,137320,1
34679.784,1,558265,1000,137510,1
34679.897,2,558208,1500,137320,1
34680.166,2,548330,500,137900,-1
34680.176,1,558530,500,137700,-1
34680.264,1,558596,100,137600,-1
34680.301,1,558630,800,137310,1
34680.343,2,556060,400,137790,-1
34680.357,2,558630,800,137310,1
34680.452,1,558730,500,137690,-1
34680.528,2,558730,500,137690,-1
34680.632,1,558899,800,137410,1
34680.642,2,554106,5000,137700,-1
34680.644,2,554866,400,137700,-1
34680.646,1,558919,800,137680,-1
34680.658,2,557161,800,137410,1
34680.662,2,556841,800,137890,-1
34680.696,2,558899,800,137410,1
34680.766,1,559040,800,137310,1
34680.911,2,559040,800,137310,1
34680.926,1,559151,5000,137600,-1
34680.998,2,555237,600,137120,1
34681.021,2,558265,1000,137510,1
34681.177,1,559327,800,137410,1
34681.227,1,559362,700,137320,1
34681.269,2,559327,800,137410,1
34681.317,1,559454,900,137690,-1
34681.354,2,555458,5000,137690,-1
34681.374,1,559505,800,137690,-1
34681.396,1,559514,10000,137600,-1
34681.701,2,548920,1200,137300,1
34681.713,2,535292,1200,138200,-1
34681.755,1,559841,1200,137900,-1
34681.843,1,559924,800,137310,1
34681.857,2,559505,800,137690,-1
34681.866,1,559947,500,138500,-1
34681.955,1,560018,800,137600,-1
34682.093,1,560130,1000,137410,1
34682.409,2,555178,1700,137400,1
34682.487,1,560424,800,137210,1
34682.793,2,556897,800,137890,-1
34682.837,1,560737,400,137680,-1
34683.38,1,561084,600,137120,1
34683.422,1,561124,1200,137100,1
34683.582,1,561249,800,137790,-1
34683.6,2,559151,5000,137600,-1
34683.602,2,560018,800,137600,-1
34683.651,1,561311,5000,137500,-1
34683.795,2,559454,900,137690,-1
34684.003,1,561594,1100,137590,-1
34684.104,1,561668,1000,137600,-1
34684.332,2,560130,1000,137410,1
34684.48,1,561942,1700,137300,1
34684.485,2,559924,800,137310,1
34684.562,2,559514,10000,137600,-1
34684.569,1,562027,800,137210,1
34684.719,2,560424,800,137210,1
34684.842,5,560308,500,137430,1
34685.482,2,559362,700,137320,1
34685.581,1,562838,700,137220,1
34685.624,2,558530,500,137700,-1
34685.633,1,562883,500,137500,-1
34685.649,2,561311,5000,137500,-1
34685.863,1,563100,2000,138000,-1
34685.885,2,562027,800,137210,1
34685.951,2,562838,700,137220,1
34685.973,2,561084,600,137120,1
34685.991,1,563205,800,137310,1
34686.062,1,563256,800,137590,-1
34686.081,1,563267,600,137020,1
34686.094,2,563205,800,137310,1
34686.121,2,558919,800,137680,-1
34686.124,1,563300,1500,137580,-1
34686.348,2,563256,800,137590,-1
34686.421,5,561923,100,137330,1
34686.421,5,561973,1900,137330,1
34686.421,5,561886,500,137310,1
34686.421,5,562842,3000,137310,1
34686.421,5,562979,3300,137310,1
34686.57,1,563593,800,137210,1
34686.619,2,560737,400,137680,-1
34686.623,1,563620,400,137580,-1
34686.757,1,563741,800,137490,-1
34687.128,1,563987,100,68700,1
34687.267,2,563593,800,137210,1
34687.298,1,564088,800,137110,1
34687.328,2,563987,100,68700,1
34687.364,1,564128,800,137310,1
34687.459,1,564192,2500,137500,-1
34687.505,2,561124,1200,137100,1
34687.557,2,561668,1000,137600,-1
34687.797,1,564475,1200,137100,1
34687.875,2,561594,1100,137590,-1
34687.986,1,564598,1400,137490,-1
34688.079,2,564128,800,137310,1
34688.142,1,564709,800,137210,1
34688.582,2,561249,800,137790,-1
34688.702,2,494179,10000,138900,-1
34688.98,1,565301,10000,138900,-1
34689.346,1,565560,800,137690,-1
34689.636,2,565560,800,137690,-1
34689.955,1,566003,800,137790,-1
34690.191,2,561942,1700,137300,1
34691.763,2,563741,800,137490,-1
34691.815,2,566003,800,137790,-1
34691.848,1,567305,800,137490,-1
34692.034,1,567416,800,137690,-1
34692.302,2,564088,800,137110,1
34692.398,1,567696,800,137110,1
34693.143,2,564709,800,137210,1
34693.352,1,568477,800,137210,1
34694.481,2,403587,4000,136800,1
34694.908,2,563267,600,137020,1
34694.975,2,563300,1500,137580,-1
34694.978,1,569686,1500,137480,-1
34694.999,1,569698,3450,137380,-1
34695.015,1,569712,600,136920,1
34695.244,1,569915,100,136000,1
34695.62,2,563620,400,137580,-1
34695.623,1,570191,400,137480,-1
34695.704,2,569698,3450,137380,-1
34696.319,1,570733,1000,137400,-1
34696.501,5,567200,700,137380,-1
34696.501,5,570746,300,137380,-1
34696.56,1,570915,4000,136600,1
34696.74,2,568477,800,137210,1
34696.853,2,567305,800,137490,-1
34697.033,2,567416,800,137690,-1
34697.235,5,570746,50,137380,-1
34697.242,2,552261,2400,137100,1
34697.244,1,571380,2400,137300,1
34697.267,1,571397,800,137490,-1
34697.282,1,571405,800,137210,1
34697.403,2,567696,800,137110,1
34697.853,1,571757,800,137110,1
34697.925,5,570746,850,137380,-1
34697.925,5,567734,150,137390,-1
34697.993,2,564598,1400,137490,-1
34698.298,1,572004,1400,137490,-1
34698.695,4,570733,1000,137400,-1
34698.865,2,562883,500,137500,-1
34698.923,1,572438,800,137690,-1
34699.994,2,571380,2400,137300,1
34699.997,1,573109,2400,137200,1
34700.791,1,573600,500,146000,-1
34701.38,5,573061,1000,137350,1
34701.38,1,573959,158,137300,-1
34701.882,5,574194,400,137290,-1
34701.882,4,573959,158,137300,-1
34701.882,1,574290,242,137400,1
34702.263,2,571397,800,137490,-1
34702.283,2,571405,800,137210,1
34702.343,1,574537,800,137490,-1
34702.422,1,574569,800,137210,1
34702.574,2,570191,400,137480,-1
34702.7,1,574806,400,137580,-1
34702.853,2,571757,800,137110,1
34702.897,2,574569,800,137210,1
34702.915,1,574956,800,137110,1
34702.974,1,574995,800,137110,1
34703.634,2,574806,400,137580,-1
34703.636,2,574995,800,137110,1
34703.639,1,575443,400,137480,-1
34703.735,1,575529,800,137210,1
34703.861,2,575529,800,137210,1
34703.925,2,572438,800,137690,-1
34704.282,1,575948,800,137110,1
34704.43,2,574956,800,137110,1
34704.585,1,576162,800,137010,1
34704.688,4,574290,76,137400,1
34704.727,2,576162,800,137010,1
34704.767,2,575948,800,137110,1
34704.829,1,576422,800,137690,-1
34705.013,2,569712,600,136920,1
34705.13,1,576622,800,137110,1
34705.178,1,576666,600,136920,1
34705.38,1,576789,800,137210,1
34705.518,2,575443,400,137480,-1
34705.589,2,576622,800,137110,1
34705.759,1,577050,400,137580,-1
34705.925,1,577157,800,137010,1
34706.092,2,430264,1000,140200,-1
34706.703,1,577688,1000,138000,-1
34707.343,2,574537,800,137490,-1
34707.473,1,578103,800,137490,-1
34707.929,4,574290,17,137400,1
34707.995,2,576666,600,136920,1
34708.11,1,578431,600,137020,1
34708.303,2,572004,1400,137490,-1
34708.484,1,578623,1400,137490,-1
34709.391,2,577157,800,137010,1
34709.487,1,579254,800,137110,1
34709.832,2,576422,800,137690,-1
34710.383,2,576789,800,137210,1
34710.516,1,579980,800,137210,1
34710.924,2,569686,1500,137480,-1
34711.067,1,580362,800,137690,-1
34711.351,1,580549,1500,137480,-1
34712.446,2,543009,2500,138000,-1
34712.473,2,578103,800,137490,-1
34712.506,2,580549,1500,137480,-1
34712.622,1,581340,800,137490,-1
34713.05,1,581677,1500,137480,-1
34713.065,1,581685,2500,139000,-1
34713.107,5,579957,100,137410,1
34713.47,2,573109,2400,137200,1
34713.476,1,581953,2400,137100,1
34713.603,5,581812,100,137410,1
34713.603,4,574290,149,137400,1
34713.76,2,581677,1500,137480,-1
34713.787,1,582246,51,137400,-1
34713.964,2,581340,800,137490,-1
34714.063,1,582460,800,137590,-1
34714.148,2,580362,800,137690,-1
34714.483,2,579254,800,137110,1
34714.581,2,578431,600,137020,1
34714.614,1,582883,800,137110,1
34714.662,1,582935,1000,138500,-1
34714.684,1,582962,600,136920,1
34714.88,4,582246,51,137400,-1
34714.88,5,578098,500,137430,-1
34714.88,5,570396,149,137470,-1
34715.317,2,577050,400,137580,-1
34715.322,1,583530,400,137480,-1
34715.395,1,583587,200,137300,1
34715.453,1,583645,1000,137310,1
34715.513,2,579980,800,137210,1
34715.572,2,578623,1400,137490,-1
34715.685,2,583587,200,137300,1
34715.895,1,584082,800,137210,1
34716.0,1,584166,600,137590,-1
34716.14,2,584082,800,137210,1
34716.149,2,582883,800,137110,1
34716.38,1,584473,800,137210,1
34716.437,1,584522,300,136900,1
34716.551,1,584612,800,137210,1
34716.675,2,584612,800,137210,1
34716.68,1,584732,1000,131500,1
34716.815,5,584840,1000,137400,1
34716.95,5,570396,1000,137470,-1
34716.966,5,570396,1851,137470,-1
34716.966,5,570591,649,137470,-1
34716.982,5,570591,700,137470,-1
34716.995,5,570591,1000,137470,-1
34717.024,5,570591,951,137470,-1
34717.024,5,583552,600,137470,-1
34717.024,4,583530,400,137480,-1
34717.024,4,564192,549,137500,-1
34717.047,4,564192,1951,137500,-1
34717.087,1,585092,1500,137580,-1
34717.095,1,585100,800,137310,1
34717.193,2,582962,600,136920,1
34717.198,1,585200,400,137420,1
34717.278,4,585200,100,137420,1
34717.467,4,585200,300,137420,1
34717.648,1,585545,800,137790,-1
34717.696,1,585604,600,137020,1
34717.707,1,585614,200,137420,1
34717.906,2,585614,200,137420,1
34718.247,1,586085,600,137980,-1
34718.252,2,559841,1200,137900,-1
34718.322,5,585551,500,137490,-1
34718.322,5,585848,500,137530,-1
34718.322,5,585178,500,137570,-1
34718.334,5,585624,100,137570,-1
34718.334,4,585092,1300,137580,-1
34718.34,4,585092,49,137580,-1
34718.801,4,585092,151,137580,-1
34718.801,5,581747,849,137580,-1
34718.825,5,581747,100,137580,-1
34718.955,2,583645,1000,137310,1
