34200.126,1,186359,200,143290,-1
34200.156,2,185637,500,143100,-1
34200.164,1,186400,500,143000,-1
34200.365,5,186485,90,142750,1
34200.398,2,186400,500,143000,-1
34200.834,2,186359,200,143290,-1
34201.167,5,186894,410,142750,1
34201.167,4,171130,1000,142700,1
34201.373,5,187302,1000,142940,-1
34201.437,5,187283,100,142710,1
34201.446,1,187351,200,143390,-1
34201.925,5,187674,2000,142720,1
34202.651,5,187793,200,142800,1
34202.653,5,187793,100,142800,1
34202.653,5,187760,100,142720,1
34202.657,5,187760,600,142720,1
34202.66,5,187760,1300,142720,1
34202.662,5,187320,500,142650,1
34202.662,4,175598,900,142600,1
34202.785,1,188253,500,143000,-1
34203.328,5,188623,1000,142700,-1
34203.328,5,188515,500,142750,-1
34203.61,5,188170,500,142560,1
34203.61,5,188627,500,142560,1
34203.61,5,187389,1000,142520,1
34203.622,5,187389,2000,142520,1
34203.867,5,187389,1000,142520,1
34203.867,4,184966,500,142510,1
34203.967,4,184966,93,142510,1
34204.139,4,184966,407,142510,1
34204.139,4,185528,193,142510,1
34204.198,4,185528,7,142510,1
34204.198,5,189163,4000,142510,1
34204.198,4,109211,1293,142500,1
34204.23,4,109211,2100,142500,1
34204.354,4,109211,600,142500,1
34204.504,2,187351,200,143390,-1
34204.507,1,189323,193,142690,-1
34204.514,5,189297,42,142600,1
34204.577,5,189297,400,142600,1
34204.581,5,189297,558,142600,1
34204.581,4,109211,142,142500,1
34204.586,4,109211,700,142500,1
34204.599,4,109211,165,142500,1
34204.599,4,167149,100,142500,1
34204.599,4,168134,200,142500,1
34204.599,4,170618,200,142500,1
34204.599,5,188144,300,142500,1
34204.599,5,189021,1000,142500,1
34204.696,5,189470,100,142600,1
34205.168,5,189470,200,142600,1
34205.435,2,189323,193,142690,-1
34205.439,1,190115,200,142590,-1
34205.62,1,190273,1000,142210,1
34205.798,5,190307,800,142500,-1
34205.798,5,190275,200,142540,-1
34205.879,5,190131,378,142570,-1
34205.973,2,185718,1000,142990,-1
34206.022,1,190594,200,142410,1
34206.303,5,190612,100,142430,1
34206.499,5,190612,278,142430,1
34206.499,4,190594,200,142410,1
34206.525,2,190273,1000,142210,1
34206.643,2,188253,500,143000,-1
34206.653,1,191025,500,142600,-1
34206.951,5,190657,200,142300,1
34206.989,1,191320,100,142410,1
34207.517,4,191320,100,142410,1
34208.63,1,192439,1000,142210,1
34208.729,2,191025,500,142600,-1
34208.775,2,192439,1000,142210,1
34208.843,1,192660,1000,142210,1
34209.796,2,190115,200,142590,-1
34209.841,5,192967,100,142500,-1
34209.841,5,193213,800,142540,-1
34209.841,5,192591,100,142600,-1
34209.924,1,193369,500,143400,-1
34209.98,1,193408,1000,142500,-1
34209.984,5,193211,200,142350,1
34209.984,5,193313,100,142350,1
34210.133,5,193313,500,142350,1
34210.213,1,193536,200,142690,-1
34210.432,5,193083,200,142300,1
34210.432,5,193353,300,142300,1
34210.513,5,193353,500,142300,1
34210.551,5,193502,200,142260,1
34210.551,4,192660,600,142210,1
34210.644,5,193767,59,142450,-1
34210.737,5,193788,200,142300,1
34210.737,5,193878,59,142260,1
34210.737,4,192660,400,142210,1
34210.76,4,183440,400,142200,1
34210.763,5,193965,1000,142220,1
34210.764,5,193965,2000,142220,1
34210.809,4,183440,23,142200,1
34210.844,4,183440,1577,142200,1
34210.897,2,193536,200,142690,-1
34210.903,1,194067,200,142590,-1
34211.39,5,194087,7,142400,-1
34211.614,5,194269,300,142110,1
34211.726,4,26208,200,142100,1
34211.738,4,26208,1800,142100,1
34211.738,5,191076,23,142100,1
34211.747,5,191076,500,142100,1
34212.144,5,194787,100,142240,1
34212.22,5,194787,100,142240,1
34212.244,5,194787,700,142240,1
34212.629,1,195087,1000,142490,-1
34212.739,5,195175,200,142100,1
34212.739,5,195203,500,142100,1
34212.906,2,193369,500,143400,-1
34212.916,1,195321,500,142500,-1
34213.142,4,105306,42,142000,1
34213.872,2,25695,10000,139400,1
34214.012,2,194067,200,142590,-1
34214.423,1,196295,200,142690,-1
34214.842,5,195988,41,142010,1
34215.494,1,196896,100,142100,1
34215.528,4,196896,100,142100,1
34216.228,1,197323,1000,142010,1
34216.686,5,197610,300,142250,-1
34216.712,1,197637,1000,142100,1
34216.758,5,197660,200,142250,-1
34216.758,5,197359,693,142300,-1
34216.931,2,195087,1000,142490,-1
34217.625,1,198130,1000,142490,-1
34217.743,5,198040,700,142200,1
34217.826,5,198040,300,142200,1
34217.826,5,197626,300,142150,1
34217.826,5,197678,200,142150,1
34217.826,4,197637,200,142100,1
34219.528,1,199166,2000,142490,-1
34219.585,1,199197,100,142000,1
34220.73,1,199815,2000,143200,-1
34220.743,2,198130,1000,142490,-1
34221.266,2,143135,300,138300,1
34221.293,1,200095,100,71200,1
34221.492,2,200095,100,71200,1
34221.933,1,200443,1000,142200,1
34223.859,2,196295,200,142690,-1
34223.933,1,201498,200,142590,-1
34224.009,2,201498,200,142590,-1
34224.164,5,198374,800,142300,-1
34224.184,5,198374,200,142300,-1
34224.364,2,195321,500,142500,-1
34224.694,1,201907,200,142690,-1
34225.879,1,202538,1000,142300,1
34226.051,5,201501,1000,142440,-1
34226.369,1,202723,3000,142000,1
34226.673,2,201907,200,142690,-1
34226.681,1,202871,600,142420,1
34226.783,1,202973,200,142590,-1
34227.225,1,203236,600,143380,-1
34227.813,4,199166,1000,142490,-1
34227.915,1,203562,100,142400,1
34228.187,4,199166,1,142490,-1
34228.291,4,199166,999,142490,-1
34228.304,4,193408,1000,142500,-1
34228.329,1,203721,1000,142490,-1
34228.374,4,203721,1000,142490,-1
34228.641,2,202871,600,142420,1
34228.644,2,203236,600,143380,-1
34228.648,1,203873,300,142980,-1
34228.832,2,197323,1000,142010,1
34228.845,4,203562,49,142400,1
34228.848,2,203562,51,142400,1
34228.854,1,204016,100,142400,1
34229.198,1,204194,600,142320,1
34229.294,2,204194,600,142320,1
34229.641,2,202973,200,142590,-1
34229.749,1,204531,200,142490,-1
34229.771,4,204531,200,142490,-1
34229.778,1,204557,600,142420,1
34229.865,2,203873,300,142980,-1
34229.997,2,197637,800,142100,1
34230.033,5,203878,500,142700,-1
34230.034,2,200443,1000,142200,1
34230.039,2,202538,1000,142300,1
34230.087,2,204557,600,142420,1
34230.253,5,204793,200,142500,1
34230.384,1,204871,300,143080,-1
34230.615,1,204991,1000,143070,-1
34230.796,5,204793,100,142500,1
34230.931,1,205191,600,142520,1
34231.354,2,204871,300,143080,-1
34231.478,1,205447,300,143180,-1
34231.673,2,205191,600,142520,1
34231.723,1,205628,3000,143000,-1
34231.789,2,204991,1000,143070,-1
34232.028,1,205782,600,142620,1
34232.605,1,206031,1000,142990,-1
34234.076,1,206781,200,142700,-1
34234.236,1,206860,500,80000,1
34234.239,1,206862,500,90000,1
34234.39,4,205782,600,142620,1
34234.965,1,207267,1000,142790,-1
34236.403,2,205447,300,143180,-1
34236.406,1,207974,600,143080,-1
34236.789,2,206031,1000,142990,-1
34237.122,1,208396,3180,142410,1
34237.305,1,208470,2500,142300,1
34237.724,1,208712,100,142600,-1
34238.031,1,208866,200,142210,1
34238.476,2,207974,600,143080,-1
34238.586,1,209085,600,142980,-1
34239.415,1,209521,1600,143200,-1
34239.417,1,209522,2400,142000,1
34241.176,1,210562,1000,142410,1
34241.301,2,208866,200,142210,1
34241.34,1,210650,200,142110,1
34241.684,2,55675,1000,144800,-1
34242.229,5,208721,36,142580,-1
34243.944,2,209085,600,142980,-1
34243.965,2,208712,100,142600,-1
34244.057,1,212009,600,142980,-1
34245.957,1,213018,2000,142300,1
34247.186,1,213636,3000,142000,1
34247.412,1,213706,2000,142500,1
34247.677,1,213873,1180,142500,1
34248.3,2,205628,3000,143000,-1
34249.1,5,214011,500,142550,1
34249.1,5,213557,500,142520,1
34250.289,2,212009,600,142980,-1
34250.401,1,215190,600,143080,-1
34251.345,2,210650,200,142110,1
34253.334,5,216528,500,142580,-1
34253.46,2,215190,600,143080,-1
34253.498,1,216762,200,142110,1
34253.56,5,214951,100,142550,1
34253.571,1,216794,600,142980,-1
34254.665,5,211977,1000,142680,-1
34254.696,5,211977,164,142680,-1
34254.696,5,211978,600,142690,-1
34254.696,4,206781,200,142700,-1
34254.696,5,217196,36,142700,-1
34255.279,2,216794,600,142980,-1
34255.32,1,217677,600,143080,-1
34256.199,2,216762,200,142110,1
34256.202,1,218112,200,142210,1
34256.41,4,207267,1000,142790,-1
34256.536,1,218235,500,143100,-1
34256.613,1,218268,1000,142510,1
34256.615,1,218270,1000,143070,-1
34256.846,2,218112,200,142210,1
34256.943,1,218399,200,142310,1
34259.407,5,218098,236,142700,1
34259.407,1,219487,1764,142700,-1
34259.762,4,219487,500,142700,-1
34260.655,4,219487,1264,142700,-1
34261.059,1,220420,1000,143090,-1
34261.198,1,220494,100,142700,-1
34261.313,4,220494,100,142700,-1
34262.001,2,217677,600,143080,-1
34262.106,2,218399,200,142310,1
34262.112,1,221065,200,142410,1
34262.114,1,221066,600,143180,-1
34262.487,2,221065,200,142410,1
34263.332,5,221683,500,142700,1
34263.402,5,221683,1100,142700,1
34263.635,2,218268,1000,142510,1
34263.685,1,221925,800,142500,1
34263.913,1,222070,200,142210,1
34264.228,1,222206,1000,142890,-1
34264.243,1,222213,1000,141500,1
34264.617,1,222399,1000,142510,1
34264.709,2,218235,500,143100,-1
34264.717,1,222498,500,142900,-1
34264.899,2,218270,1000,143070,-1
34264.918,2,222399,1000,142510,1
34264.992,2,222498,500,142900,-1
34265.033,1,222673,100,71300,1
34265.225,2,222673,100,71300,1
34265.566,5,222766,1600,142700,-1
34265.566,5,222007,400,142800,-1
34266.171,2,222070,200,142210,1
34266.49,1,223420,200,142310,1
34266.556,2,223420,200,142310,1
34266.889,1,223688,1000,142510,1
34267.42,1,223972,200,142310,1
34267.624,5,223451,400,142700,1
34267.88,1,224256,2000,142700,1
34267.904,2,221066,600,143180,-1
34267.935,5,224267,1200,142720,1
34267.935,5,224270,600,142710,1
34267.935,4,224256,200,142700,1
34267.949,4,224256,1800,142700,1
34268.013,1,224332,600,143080,-1
34268.019,2,223972,200,142310,1
34269.581,5,224873,200,142800,-1
34270.311,5,225531,200,142700,1
34270.536,2,90621,400,140000,1
34272.186,1,226742,100,142700,1
34272.211,4,226742,100,142700,1
34276.315,1,229365,1000,142000,1
34276.742,5,226875,500,142800,-1
34276.832,5,229621,200,142700,1
34278.016,2,224332,600,143080,-1
34278.18,1,230507,600,143080,-1
34278.292,1,230561,300,137200,1
34279.799,1,231434,600,142610,1
34283.987,5,229854,36,142700,1
34284.164,5,229854,400,142700,1
34284.229,5,229854,64,142700,1
34285.213,1,234500,200,130100,1
34285.705,4,231434,600,142610,1
34287.506,1,235796,1000,142600,-1
34287.905,2,199815,2000,143200,-1
34287.913,2,230507,600,143080,-1
34288.023,1,236066,600,142980,-1
34288.238,5,235822,200,142550,-1
34288.238,5,236025,900,142580,-1
34288.582,5,236171,600,142530,1
34288.793,5,236025,300,142580,-1
34288.793,5,236298,600,142580,-1
34288.793,4,235796,300,142600,-1
34289.148,5,236171,300,142530,1
34289.148,5,236424,300,142530,1
34289.148,5,236426,600,142530,1
34289.148,4,223688,900,142510,1
34289.187,5,236607,300,142580,-1
34289.187,5,236608,300,142580,-1
34289.187,5,236609,200,142580,-1
34289.35,2,235796,700,142600,-1
34289.61,1,236834,1000,142880,-1
34290.151,5,236710,100,142530,1
34290.215,5,236710,700,142530,1
34290.215,4,223688,100,142510,1
34290.215,4,213706,200,142500,1
34290.481,1,237264,300,142500,1
34290.493,1,237272,200,142110,1
34291.933,1,237981,2000,142100,1
34294.163,5,239263,1200,142600,-1
34294.422,5,239358,400,142550,1
34294.422,4,213706,1300,142500,1
34294.473,5,235290,1200,142700,-1
34294.494,2,236834,1000,142880,-1
34294.876,1,239726,200,160000,-1
34295.439,1,240056,300,142600,1
34295.714,2,237272,200,142110,1
34295.94,1,240398,500,142510,1
34296.486,1,240676,500,142990,-1
34296.613,5,240136,1400,142700,1
34296.613,5,240239,100,142650,1
34296.613,5,240069,1000,142620,1
34296.613,4,240056,300,142600,1
34296.613,4,240398,500,142510,1
34296.613,4,213706,500,142500,1
34296.613,4,213873,1180,142500,1
34296.613,4,221925,20,142500,1
34296.63,2,236066,600,142980,-1
34296.631,2,143587,1000,143800,-1
34296.75,1,240852,600,143080,-1
34296.855,2,240676,500,142990,-1
34297.277,1,241130,2500,142600,1
34297.298,1,241141,300,142790,-1
34297.42,2,240852,600,143080,-1
34297.533,1,241281,600,142980,-1
34297.95,2,222206,1000,142890,-1
34297.95,2,220420,1000,143090,-1
34297.987,1,241595,500,142410,1
34298.024,2,237264,300,142500,1
34298.09,2,210562,1000,142410,1
34298.091,2,208396,3180,142410,1
34299.547,1,242559,1500,142780,-1
34299.669,5,241151,100,142620,1
34299.711,1,242703,100,142700,-1
34300.958,5,241151,49,142620,1
34301.545,5,241151,53,142620,1
34301.577,4,242703,100,142700,-1
34301.716,2,241595,500,142410,1
34301.926,1,244365,500,142510,1
34302.069,2,241141,300,142790,-1
34302.53,2,244365,500,142510,1
34302.532,1,244766,300,142890,-1
34302.559,1,244781,800,142620,1
34303.097,1,245202,500,142610,1
34303.253,2,244766,300,142890,-1
34303.784,1,245707,300,142990,-1
34304.672,2,242559,1500,142780,-1
34304.741,1,246316,1500,142880,-1
34307.169,2,204016,100,142400,1
34307.537,2,241281,600,142980,-1
34307.561,2,245707,300,142990,-1
34307.605,1,247929,600,142980,-1
34307.657,1,247973,300,142890,-1
34308.381,2,247929,600,142980,-1
34308.537,1,248485,600,143080,-1
34308.807,2,244781,800,142620,1
34309.162,1,248910,100,71400,1
34309.304,1,248977,200,142210,1
34309.36,2,246316,1500,142880,-1
34309.361,2,248910,100,71400,1
34309.471,1,249051,1500,142980,-1
34309.635,2,248977,200,142210,1
34309.965,2,247973,300,142890,-1
34310.153,1,249486,200,142110,1
34310.208,1,249507,300,142890,-1
34311.169,2,248485,600,143080,-1
34311.277,1,250152,600,142980,-1
34311.663,2,245202,500,142610,1
34311.784,1,250455,1500,142320,1
34312.007,1,250571,500,142510,1
34315.833,1,252511,1000,142500,1
34316.261,2,146567,3400,147700,-1
34317.234,1,253296,1000,142700,1
34318.242,2,249486,200,142110,1
34318.719,2,253296,1000,142700,1
34318.757,2,250455,1500,142320,1
34318.76,2,249051,1500,142980,-1
34318.955,1,254121,1500,143080,-1
34319.842,2,250152,600,142980,-1
34319.844,1,254579,600,143080,-1
34319.999,1,254660,1000,142800,-1
34320.079,2,254579,600,143080,-1
34320.208,2,249507,300,142890,-1
34320.332,1,254853,300,142890,-1
34320.376,1,254865,200,142110,1
34320.401,1,254878,600,142980,-1
34320.607,1,254964,1000,142610,1
34321.32,2,254964,1000,142610,1
34321.471,1,255494,1664,142800,-1
34322.007,2,250571,500,142510,1
34322.097,1,255928,3400,142200,1
34322.123,1,255944,1500,142420,1
34322.143,1,255957,500,142510,1
34323.096,5,254671,1200,142780,-1
34323.096,5,254672,600,142790,-1
34323.096,4,254660,200,142800,-1
34323.505,2,255957,500,142510,1
34323.799,1,256892,500,142610,1
34323.898,4,254660,800,142800,-1
34323.898,4,255494,1664,142800,-1
34324.031,2,254865,200,142110,1
34324.072,1,257057,4000,142710,1
34324.187,2,254853,300,142890,-1
34324.346,1,257233,300,142990,-1
34325.132,5,257027,500,142800,1
34325.929,2,254878,600,142980,-1
34325.959,1,258230,600,143080,-1
34327.375,5,257027,12,142800,1
34327.793,2,199197,100,142000,1
34327.961,1,259371,1000,142800,1
34328.027,5,259382,1000,142820,1
34328.177,2,258230,600,143080,-1
34328.291,1,259533,600,143180,-1
34328.455,5,259503,100,142940,-1
34328.483,2,255944,1500,142420,1
34328.486,2,254121,1500,143080,-1
34328.72,1,259818,1500,143180,-1
34328.811,2,256892,500,142610,1
34329.098,5,259411,236,142970,-1
34329.133,5,259411,764,142970,-1
34329.133,5,257645,100,142980,-1
34329.133,4,257233,300,142990,-1
34329.317,1,260248,300,142990,-1
34329.654,5,260078,27,142900,1
34329.689,5,260078,400,142900,1
34329.846,1,260668,200,142310,1
34329.866,1,260679,500,142710,1
34330.021,2,260679,500,142710,1
34330.023,2,260248,300,142990,-1
34330.425,1,261037,100,142810,1
34330.544,2,259818,1500,143180,-1
34330.574,1,261106,5000,142500,1
34330.614,2,259533,600,143180,-1
34330.717,1,261234,1500,143280,-1
34330.729,1,261244,600,143280,-1
34330.915,2,260668,200,142310,1
34331.004,1,261426,500,143190,-1
34331.317,2,261234,1500,143280,-1
34331.357,2,261244,600,143280,-1
34331.5,1,261699,600,143280,-1
34331.706,1,261849,1500,143180,-1
34331.723,2,261699,600,143280,-1
34332.058,1,262123,600,143180,-1
34332.323,1,262273,10000,144200,-1
34334.437,2,209521,1600,143200,-1
34334.441,1,263416,1600,143400,-1
34334.755,2,68773,2400,141100,1
34334.764,1,263651,2400,142100,1
34335.338,2,261849,1500,143180,-1
34335.48,2,261426,500,143190,-1
34335.576,1,264065,1500,143280,-1
34335.583,1,264070,500,143090,-1
34336.448,2,173886,5,80000,1
34337.327,2,264065,1500,143280,-1
34337.435,1,265045,1500,143180,-1
34338.5,2,257057,4000,142710,1
34338.734,1,265691,2000,143100,-1
34339.103,1,265874,3000,141500,1
34339.545,1,266063,1000,143190,-1
34340.428,2,261037,100,142810,1
34340.502,1,266646,1500,142520,1
34340.56,1,266679,200,142310,1
34340.641,1,266727,100,142810,1
34341.877,2,264070,500,143090,-1
34341.986,1,267457,500,143190,-1
34342.058,2,262123,600,143180,-1
34342.288,1,267587,600,143180,-1
34342.738,2,267457,500,143190,-1
34342.765,2,241130,2500,142600,1
34342.971,1,267993,500,143090,-1
34343.14,2,266679,200,142310,1
34344.64,1,269015,500,143000,-1
34344.806,5,269119,61,142990,-1
34345.187,1,269338,200,142310,1
34345.228,2,267587,600,143180,-1
34345.337,1,269424,600,143080,-1
34345.652,2,267993,500,143090,-1
34345.954,1,269768,500,143190,-1
34346.814,5,269119,1800,142990,-1
34346.921,1,270287,500,143000,-1
34347.556,1,270595,1000,143090,-1
34347.986,2,269768,500,143190,-1
34348.057,1,270919,500,143090,-1
34348.366,5,269119,2139,142990,-1
34348.366,5,270552,200,142990,-1
34348.366,4,269015,500,143000,-1
34348.366,4,270287,500,143000,-1
34348.366,5,269571,100,143070,-1
34348.366,4,269424,600,143080,-1
34348.366,4,270595,560,143090,-1
34348.553,1,271193,300,143080,-1
34348.585,2,270919,500,143090,-1
34348.735,1,271327,500,143190,-1
34349.126,1,271519,600,142520,1
34349.136,2,266063,1000,143190,-1
34350.639,2,266727,100,142810,1
34350.734,1,272237,100,142810,1
34351.243,2,259371,1000,142800,1
34351.655,2,270595,440,143090,-1
34352.24,2,271193,300,143080,-1
34352.31,1,273304,300,143180,-1
34352.888,5,271033,1420,142900,1
34353.072,2,273304,300,143180,-1
34353.076,1,273847,300,143080,-1
34353.299,1,273975,100,71400,1
34353.333,2,273975,100,71400,1
34353.447,2,263651,2400,142100,1
34353.458,1,274055,2400,141100,1
34353.717,2,271327,500,143190,-1
34353.794,2,269338,200,142310,1
34354.047,1,274461,500,143090,-1
34354.801,1,274906,1000,143000,-1
34354.89,1,274948,1000,142000,1
34354.894,1,274952,200,142210,1
34355.93,2,274952,200,142210,1
34356.345,1,275765,900,142900,-1
34356.577,4,275765,900,142900,-1
34356.577,1,275912,3100,142910,1
34356.596,2,271519,600,142520,1
34356.696,1,276023,600,142420,1
34356.868,2,276023,600,142420,1
34357.247,1,276309,600,142520,1
34357.816,5,275012,200,142990,-1
34359.54,2,274906,1000,143000,-1
34360.312,2,274461,500,143090,-1
34360.735,1,278052,500,143090,-1
34360.739,2,272237,100,142810,1
34360.824,2,278052,500,143090,-1
34361.051,2,266646,1500,142520,1
34361.053,2,265045,1500,143180,-1
34361.085,2,273847,300,143080,-1
34361.187,1,278266,1500,142620,1
34361.2,1,278278,300,143180,-1
34361.266,1,278309,200,142210,1
34361.605,2,276309,600,142520,1
34361.735,1,278589,100,142810,1
34361.738,1,278592,1500,143280,-1
34361.746,1,278601,600,142620,1
34362.281,1,278818,500,143190,-1
34364.283,2,278309,200,142210,1
34364.409,1,279865,200,142310,1
34364.979,2,279865,200,142310,1
34365.106,1,280250,200,142210,1
34365.439,2,280250,200,142210,1
34365.475,2,278589,100,142810,1
34365.589,1,280515,100,142910,1
34365.717,1,280634,200,142310,1
34365.798,2,280634,200,142310,1
34366.243,1,280953,200,142210,1
34368.024,2,213018,2000,142300,1
34368.384,1,282154,200,143190,-1
34369.33,5,277520,2300,143070,-1
34369.503,2,280953,200,142210,1
34369.526,1,282767,200,142310,1
34370.506,1,283249,2000,143000,1
34370.51,1,283253,2000,143100,-1
34371.199,2,278278,300,143180,-1
34371.291,1,283694,300,143180,-1
34371.589,2,278818,500,143190,-1
34371.749,2,278601,600,142620,1
34371.813,1,283987,500,143290,-1
34371.875,1,284031,600,142620,1
34372.061,2,278266,1500,142620,1
34372.063,2,278592,1500,143280,-1
34372.28,1,284221,1500,142720,1
34372.491,2,283694,300,143180,-1
34372.564,1,284367,300,143280,-1
34372.596,2,282767,200,142310,1
34372.611,1,284403,200,142410,1
34373.311,5,277520,1500,143070,-1
34373.311,4,265691,2000,143100,-1
34374.111,2,284367,300,143280,-1
34374.113,1,285310,300,143180,-1
34375.05,1,285781,2000,143000,1
34375.192,2,280515,100,142910,1
34375.313,1,285958,100,143010,1
34375.39,2,208470,2500,142300,1
34377.783,1,287246,800,143190,-1
34378.33,1,287504,800,142710,1
34378.493,4,283253,200,143100,-1
34378.746,2,237981,2000,142100,1
34378.851,4,283253,1100,143100,-1
34378.919,4,283253,700,143100,-1
34378.984,2,284403,200,142410,1
34379.544,2,132790,400,140000,1
34379.747,2,285310,300,143180,-1
34379.843,1,288267,1500,143380,-1
34379.888,1,288294,300,143280,-1
34380.102,2,285781,2000,143000,1
34380.126,1,288399,350,142300,1
34380.162,1,288412,1700,143100,1
34380.528,2,284031,600,142620,1
34380.652,1,288700,600,142720,1
34381.819,2,283987,500,143290,-1
34382.041,4,288412,100,143100,1
34382.105,1,289672,500,143290,-1
34382.534,2,288700,600,142720,1
34382.652,1,290070,600,142620,1
34382.714,2,290070,600,142620,1
34382.779,2,287246,800,143190,-1
34382.814,1,290208,700,144300,-1
34382.925,1,290282,800,143190,-1
34383.197,1,290452,600,142620,1
34383.204,2,288412,1600,143100,1
34383.33,2,287504,800,142710,1
34383.471,1,290629,800,142710,1
34383.542,2,290452,600,142620,1
34383.758,1,290836,600,142720,1
34383.782,5,278611,1000,143180,-1
34383.983,2,290629,800,142710,1
34383.986,2,290282,800,143190,-1
34384.071,5,291018,900,143160,-1
34384.104,5,291018,100,143160,-1
34384.238,1,291147,800,142910,1
34384.518,2,289672,500,143290,-1
34384.625,1,291405,500,143390,-1
34384.783,1,291525,800,143290,-1
34385.309,2,285958,100,143010,1
34385.394,1,291894,100,143010,1
34385.628,2,263416,1600,143400,-1
34385.631,1,292025,1600,143600,-1
34385.799,2,290836,600,142720,1
34385.838,1,292199,3400,147700,-1
34385.913,1,292250,600,142620,1
34386.399,1,292574,14540,145800,-1
34387.241,1,293156,500,147500,-1
34387.888,2,288294,300,143280,-1
34387.892,1,293641,600,143180,-1
34388.861,1,294307,1000,143200,-1
34389.24,2,291147,800,142910,1
34389.398,1,294664,800,142910,1
34389.79,2,291525,800,143290,-1
34389.935,2,284221,1500,142720,1
34389.938,2,288267,1500,143380,-1
34389.943,1,295123,800,143290,-1
34390.759,1,295747,1000,143100,-1
34391.213,2,291405,500,143390,-1
34391.338,1,296170,500,143290,-1
34392.423,2,291894,100,143010,1
34392.483,1,297011,1500,142720,1
34392.534,1,297057,100,142910,1
34392.585,1,297102,200,142310,1
34393.722,2,294307,1000,143200,-1
34393.724,2,292250,600,142620,1
34393.837,1,297986,600,142520,1
34393.994,2,294664,800,142910,1
34394.102,1,298146,800,143010,1
34394.137,2,297011,1500,142720,1
34394.745,5,296556,100,143050,-1
34394.745,5,297300,1000,143080,-1
34394.745,4,295747,1000,143100,-1
34394.745,5,294614,1420,143100,-1
34394.847,1,298638,1000,143100,-1
34394.95,2,295123,800,143290,-1
34394.963,4,298638,1000,143100,-1
34394.978,5,298613,80,143100,-1
34395.097,5,298711,1200,143030,1
34395.097,5,298715,600,143020,1
34395.097,4,298146,200,143010,1
34395.11,2,298146,600,143010,1
34395.142,5,298613,700,143100,-1
34395.234,1,298888,1500,142620,1
34395.619,2,297986,600,142520,1
34395.732,1,299276,600,142620,1
34396.289,2,299276,600,142620,1
34396.291,2,293641,600,143180,-1
34396.404,1,299758,600,143080,-1
34396.446,1,299787,1500,143280,-1
34396.463,4,299758,600,143080,-1
34396.864,2,297102,200,142310,1
34396.897,1,300174,600,142910,1
34397.001,1,300258,200,143080,-1
34397.046,4,300258,200,143080,-1
34397.445,1,300547,800,143290,-1
34397.499,1,300577,100,71500,1
34397.542,1,300592,200,143080,-1
34397.564,4,300592,200,143080,-1
34397.594,1,300619,8100,142800,1
34397.642,2,300577,100,71500,1
34397.855,1,300853,200,142310,1
34398.135,1,301035,100,143020,1
34398.221,2,296170,500,143290,-1
34398.444,1,301189,500,143190,-1
34398.532,1,301261,2000,143000,1
34398.589,2,301189,500,143190,-1
34398.698,1,301427,600,143580,-1
34398.976,1,301624,2000,144200,-1
34398.985,1,301637,500,143290,-1
34399.193,1,301740,5000,144200,-1
34400.245,5,300602,1200,143170,-1
34400.245,5,300605,600,143180,-1
34400.245,4,282154,200,143190,-1
34400.245,5,284920,1420,143200,-1
34400.399,2,300619,8100,142800,1
34400.5,2,297057,100,142910,1
34400.71,1,302721,100,143010,1
34401.078,2,301637,500,143290,-1
34401.215,2,301427,600,143580,-1
34401.251,1,303073,500,143390,-1
34401.286,2,301261,2000,143000,1
34401.428,1,303164,600,143680,-1
34401.525,2,302721,100,143010,1
34401.9,2,300174,600,142910,1
34401.915,1,303480,2000,143120,1
34402.033,1,303553,600,142910,1
34402.047,1,303563,100,143110,1
34402.45,2,300547,800,143290,-1
34402.585,1,303817,800,143290,-1
34402.804,1,303992,80,143200,1
34402.891,4,303992,80,143200,1
34403.116,2,298888,1500,142620,1
34403.119,2,299787,1500,143280,-1
34403.394,1,304299,1500,143380,-1
34404.073,2,301035,100,143020,1
34404.075,1,304771,100,143120,1
34405.165,1,305460,400,143390,-1
34406.062,2,300853,200,142310,1
34407.04,2,303553,600,142910,1
34407.175,1,306727,600,142910,1
34407.59,2,303817,800,143290,-1
34407.693,5,304049,1000,143140,1
34407.725,1,307069,800,143290,-1
34407.919,1,307213,900,142800,1
34408.126,2,303563,100,143110,1
34408.394,1,307483,100,143010,1
34408.725,2,303073,500,143390,-1
34408.939,1,307832,500,143290,-1
34409.931,2,303480,2000,143120,1
34410.206,2,303164,600,143680,-1
34410.324,1,308684,600,143780,-1
34410.417,2,304299,1500,143380,-1
34411.529,5,304049,200,143140,1
34411.529,5,304050,600,143130,1
34411.529,5,308822,400,143130,1
34411.536,5,308822,600,143130,1
34412.18,2,306727,600,142910,1
34412.25,1,309906,600,143010,1
34412.73,2,307069,800,143290,-1
34412.81,1,310264,800,143290,-1
34413.133,2,310264,800,143290,-1
34413.564,1,310625,800,143390,-1
34413.781,5,309864,100,143160,1
34413.781,4,304771,100,143120,1
34413.915,1,310908,100,143120,1
34414.073,2,308684,600,143780,-1
34414.267,2,307483,100,143010,1
34414.375,1,311174,100,142910,1
34414.46,1,311228,600,143680,-1
34415.913,2,311228,600,143680,-1
34416.044,1,312265,600,143780,-1
34416.394,2,312265,600,143780,-1
34416.636,1,312597,600,143680,-1
34416.679,1,312625,2000,143000,1
34416.738,2,312597,600,143680,-1
34417.206,2,310908,100,143120,1
34417.208,1,312994,100,143220,1
34417.253,2,309906,600,143010,1
34417.33,2,307832,500,143290,-1
34417.397,2,311174,100,142910,1
34417.433,1,313135,1500,143480,-1
34417.471,1,313152,500,143290,-1
34417.523,1,313185,600,143010,1
34417.661,1,313297,200,142510,1
34417.758,1,313388,600,143780,-1
34417.839,2,313152,500,143290,-1
34418.071,1,313617,100,143010,1
34418.515,2,313617,100,143010,1
34418.56,2,310625,800,143390,-1
34418.614,1,313969,500,143390,-1
34418.671,2,313135,1500,143480,-1
34418.742,1,314063,800,143390,-1
34418.758,2,313297,200,142510,1
34418.774,2,313388,600,143780,-1
34418.903,1,314197,600,143880,-1
34419.232,1,314386,2000,143200,1
34419.289,1,314428,100,143110,1
34419.665,2,314197,600,143880,-1
34419.772,1,314754,600,143780,-1
34419.923,1,314856,1500,143480,-1
34420.015,2,252511,1000,142500,1
34420.408,2,314063,800,143390,-1
34420.632,1,315381,800,143290,-1
34420.646,2,314754,600,143780,-1
34420.692,2,315381,800,143290,-1
34420.746,2,314856,1500,143480,-1
34420.758,1,315483,600,143880,-1
34421.178,1,315817,800,143390,-1
34421.327,2,312994,100,143220,1
34421.329,1,315937,100,143320,1
34421.512,2,315817,800,143390,-1
34421.533,2,315937,100,143320,1
34421.731,1,316289,800,143390,-1
34421.836,1,316383,100,143220,1
34422.521,2,313185,600,143010,1
34422.707,1,316994,600,143010,1
34422.877,2,316383,100,143220,1
34422.879,1,317128,100,143320,1
34422.939,2,313969,500,143390,-1
34423.284,1,317368,500,143490,-1
34423.67,1,317675,1000,142600,1
34424.278,2,314428,100,143110,1
34424.373,2,316994,600,143010,1
34424.47,1,318222,600,143110,1
34424.736,1,318430,100,143210,1
34425.321,5,316927,33,143340,-1
34425.354,2,316289,800,143390,-1
34425.359,4,317128,100,143320,1
34425.359,5,317491,1420,143300,1
34425.408,2,314386,2000,143200,1
34425.438,1,318864,600,142920,1
34425.457,1,318875,800,143490,-1
34425.959,1,319291,2000,143200,1
34426.35,1,319582,1000,143300,-1
34426.603,2,305460,400,143390,-1
34427.043,2,318864,600,142920,1
34427.044,2,315483,600,143880,-1
34427.202,1,320304,600,143780,-1
34427.279,5,318828,100,143220,1
34427.279,5,318876,1000,143220,1
34427.279,4,318430,100,143210,1
34427.279,4,319291,980,143200,1
34427.413,5,320364,73,143280,-1
34427.469,1,320532,500,142910,1
34427.783,5,320454,100,143250,1
34427.783,5,320370,100,143220,1
34427.783,4,319291,1020,143200,1
34427.783,5,313252,880,143200,1
34427.82,1,320823,600,142820,1
34427.876,5,320364,1020,143280,-1
34427.951,2,317368,500,143490,-1
34428.184,2,320532,500,142910,1
34428.299,1,321179,500,143390,-1
34428.848,1,321582,500,142810,1
34428.877,2,25849,100,135500,1
34429.034,2,321179,500,143390,-1
34429.051,2,318875,800,143490,-1
34429.19,1,321813,800,143390,-1
34429.392,1,321950,500,143290,-1
34429.429,2,321582,500,142810,1
34429.471,2,318222,600,143110,1
34429.576,1,322080,1500,142920,1
34429.611,1,322125,1000,143010,1
34429.665,1,322183,200,142710,1
34429.67,2,321950,500,143290,-1
34429.736,1,322284,5000,143200,1
34429.736,1,322285,600,143110,1
34430.166,1,322608,500,143390,-1
34430.343,2,322080,1500,142920,1
34430.738,1,323052,500,142910,1
34430.899,2,322608,500,143390,-1
34431.302,1,323446,1000,143300,-1
34431.387,2,322285,600,143110,1
34431.431,1,323529,900,144000,-1
34431.486,1,323558,600,143110,1
34431.686,2,323558,600,143110,1
34431.72,1,323727,500,143490,-1
34431.765,1,323762,1500,143020,1
34432.144,1,323980,600,143010,1
34432.531,2,323762,1500,143020,1
34432.772,2,322183,200,142710,1
34434.191,2,321813,800,143390,-1
34434.296,1,325531,400,143300,-1
34434.333,1,325560,800,143390,-1
34434.803,5,325538,41,143280,-1
34435.795,5,325538,66,143280,-1
34435.795,4,319582,834,143300,-1
34435.914,2,144435,2000,143600,-1
34436.086,2,323980,600,143010,1
34436.243,2,320823,600,142820,1
34436.246,2,320304,600,143780,-1
34436.3,1,326912,600,143110,1
34436.326,1,326933,2000,144400,-1
34436.341,4,319582,166,143300,-1
34436.341,4,323446,1000,143300,-1
34436.341,4,325531,400,143300,-1
34436.341,5,325978,880,143300,-1
34436.374,5,326950,600,143380,-1
34436.374,4,325560,800,143390,-1
34436.374,5,322438,1300,143390,-1
34436.39,5,322438,600,143390,-1
34436.39,4,150400,2500,143400,-1
34436.39,5,319988,1200,143400,-1
34436.462,1,327030,600,143680,-1
34436.484,1,327050,1500,143580,-1
34436.503,2,307213,900,142800,1
34436.759,2,327030,600,143680,-1
34436.825,1,327338,200,143890,-1
34436.861,1,327366,800,143490,-1
34436.869,1,327372,600,143780,-1
34437.033,1,327452,900,143100,1
34437.416,1,327664,600,142820,1
34438.62,2,172120,100,135000,1
34438.84,5,328077,20,143300,1
34439.022,1,328799,2000,142700,1
34439.31,2,327050,1500,143580,-1
34439.34,2,292025,1600,143600,-1
34439.343,1,328976,2400,143800,-1
34439.435,1,329039,1500,143580,-1
34439.444,2,327338,200,143890,-1
34439.643,2,329039,1500,143580,-1
34440.017,1,329501,1500,143580,-1
34440.077,2,329501,1500,143580,-1
34440.535,1,329841,1400,143900,-1
34440.564,1,329864,1500,143480,-1
34440.622,2,329864,1500,143480,-1
34440.741,2,323052,500,142910,1
34440.894,1,330150,200,143790,-1
34440.985,1,330230,500,142910,1
34441.048,1,330268,49,143400,-1
34441.182,1,330350,100,71600,1
34441.212,2,330350,100,71600,1
34441.301,2,326912,600,143110,1
34441.376,1,330465,800,143110,1
34441.436,1,330520,1500,143480,-1
34441.721,2,323727,500,143490,-1
34441.763,2,330520,1500,143480,-1
34441.861,2,327366,800,143490,-1
34441.89,1,330923,500,143490,-1
34441.949,2,330923,500,143490,-1
34442.091,1,331053,500,143700,-1
34442.092,1,331055,1500,143580,-1
34442.205,2,331053,500,143700,-1
34442.214,1,331156,500,143600,-1
34442.378,2,330150,200,143790,-1
34442.517,1,331390,200,143690,-1
34442.832,1,331657,500,143390,-1
34443.572,1,332093,1000,143400,-1
34443.644,2,331390,200,143690,-1
34444.075,2,331055,1500,143580,-1
34444.299,1,332625,1500,143480,-1
34444.444,2,327664,600,142820,1
34444.448,2,327372,600,143780,-1
34444.551,1,332815,600,143680,-1
34444.807,2,332815,600,143680,-1
34445.129,1,333332,600,143780,-1
34445.183,2,327452,900,143100,1
34445.367,2,328976,2400,143800,-1
34445.37,1,333489,1600,143600,-1
34445.522,2,330465,800,143110,1
34445.536,2,331657,500,143390,-1
34445.631,1,333674,200,143690,-1
34445.649,1,333692,600,142820,1
34445.672,1,333710,800,143210,1
34445.689,1,333726,900,143200,1
34445.785,1,333817,500,143390,-1
34446.201,2,333692,600,142820,1
34446.204,2,333332,600,143780,-1
34446.307,1,334143,600,143680,-1
34446.875,1,334486,600,142720,1
34446.95,2,330268,49,143400,-1
34447.229,2,331156,500,143600,-1
34447.25,1,334724,500,143400,-1
34447.529,2,332093,1000,143400,-1
34447.669,2,334486,600,142720,1
34447.671,2,334143,600,143680,-1
34447.786,1,335028,600,143780,-1
34448.192,1,335285,1000,143300,1
34448.317,2,334724,500,143400,-1
34448.341,1,335387,600,142820,1
34448.611,1,335555,800,143590,-1
34448.657,2,333710,800,143210,1
34448.876,1,335761,800,143110,1
34449.424,1,336058,800,143490,-1
34450.991,2,330230,500,142910,1
34451.079,2,328799,2000,142700,1
34451.129,1,337085,2000,146000,-1
34451.348,1,337213,500,142910,1
34451.753,2,337213,500,142910,1
34451.932,1,337578,200,143110,1
34452.175,4,335285,49,143300,1
34452.261,2,332625,1500,143480,-1
34453.403,1,338516,2000,143300,1
34453.881,2,335761,800,143110,1
34454.016,1,338932,800,143110,1
34454.421,2,336058,800,143490,-1
34454.564,1,339261,800,143490,-1
34454.78,1,339481,1500,143480,-1
34455.081,2,333674,200,143690,-1
34455.2,2,338516,2000,143300,1
34455.259,1,339811,200,143590,-1
34455.606,2,335387,600,142820,1
34455.608,2,335028,600,143780,-1
34455.674,1,340090,600,143680,-1
34455.791,2,333817,500,143390,-1
34455.912,1,340296,500,143390,-1
34456.209,1,340498,600,142720,1
34456.382,4,335285,951,143300,1
34456.645,2,339481,1500,143480,-1
34456.66,2,340498,600,142720,1
34456.661,5,340606,400,143300,-1
34456.665,2,340090,600,143680,-1
34456.677,5,340606,100,143300,-1
34456.798,1,340970,1500,143480,-1
34456.808,1,340977,600,143680,-1
34456.934,2,170258,500,139000,1
34457.248,2,340977,600,143680,-1
34457.319,1,341311,500,141000,1
34457.325,2,340970,1500,143480,-1
34457.387,1,341349,600,143780,-1
34457.391,2,339811,200,143590,-1
34457.9,1,341725,600,142820,1
34458.977,2,274055,2400,141100,1
34458.985,1,342491,2400,142100,1
34459.021,2,338932,800,143110,1
34459.188,1,342599,800,143110,1
34459.357,2,341725,600,142820,1
34459.36,2,341349,600,143780,-1
34459.365,1,342692,600,143680,-1
34459.562,2,339261,800,143490,-1
34459.709,2,342599,800,143110,1
34459.749,1,342985,800,143490,-1
34459.754,2,340296,500,143390,-1
34459.917,1,343085,600,142720,1
34459.989,1,343154,100,143400,-1
34460.068,5,342601,600,143380,-1
34460.068,4,343154,100,143400,-1
34460.189,1,343294,500,143490,-1
34460.283,1,343352,800,143210,1
34460.339,2,337578,200,143110,1
34460.406,2,342985,800,143490,-1
34460.466,2,343085,600,142720,1
34460.469,2,342692,600,143680,-1
34460.589,1,343528,600,143780,-1
34460.745,1,343697,400,143210,1
34460.75,2,343528,600,143780,-1
34460.873,2,343294,500,143490,-1
34460.981,1,343876,200,143690,-1
34460.987,1,343879,800,143590,-1
34460.999,1,343885,1500,143580,-1
34461.005,1,343886,400,143490,-1
34461.186,1,343977,600,143780,-1
34461.314,1,344050,500,143590,-1
34461.593,1,344211,900,143490,-1
34461.756,1,344363,600,142820,1
34462.117,1,344589,7000,143100,1
34463.121,2,343876,200,143690,-1
34463.342,1,345498,200,143590,-1
34464.566,2,345498,200,143590,-1
34464.981,2,343879,800,143590,-1
34465.084,1,346775,800,143490,-1
34465.151,2,343352,800,143210,1
34465.52,2,344050,500,143590,-1
34465.635,1,347085,800,143110,1
34465.701,2,343885,1500,143580,-1
34465.828,1,347276,1500,143480,-1
34465.915,1,347328,200,143590,-1
34465.982,2,347328,200,143590,-1
34466.033,1,347399,500,143490,-1
34466.054,2,347276,1500,143480,-1
34466.432,1,347691,200,143690,-1
34466.83,1,348020,1500,143480,-1
34466.971,2,347691,200,143690,-1
34467.076,1,348231,200,143590,-1
34467.327,5,344651,1000,143300,1
34467.721,2,348020,1500,143480,-1
34468.159,1,349096,1500,143480,-1
34468.225,2,349096,1500,143480,-1
34468.302,2,343697,400,143210,1
34468.327,1,349244,2500,143100,1
34468.438,1,349336,600,143110,1
34469.049,2,347399,500,143490,-1
34469.085,2,333489,1600,143600,-1
34469.088,1,349926,1600,143500,-1
34469.423,1,350136,500,143390,-1
34470.018,1,350653,1500,143480,-1
34470.082,2,346775,800,143490,-1
34470.243,1,350830,800,143490,-1
34470.343,2,350653,1500,143480,-1
34470.619,2,344363,600,142820,1
34470.622,2,343977,600,143780,-1
34470.633,2,347085,800,143110,1
34470.731,1,351189,600,143680,-1
34470.78,1,351229,1500,143480,-1
34470.891,1,351313,800,143110,1
34471.019,1,351410,1900,161000,-1
34471.271,1,351557,600,142720,1
34471.536,1,351727,1000,145500,-1
34471.605,2,348231,200,143590,-1
34471.688,1,351862,200,143490,-1
34471.767,5,351630,1000,143350,-1
34472.214,2,350136,500,143390,-1
34472.387,1,352394,500,143490,-1
34472.837,2,351862,200,143490,-1
34472.863,1,352742,200,143590,-1
34473.118,2,349336,600,143110,1
34473.281,1,353039,700,143210,1
34473.45,2,352742,200,143590,-1
34473.696,5,353244,840,143390,-1
34473.696,5,347127,460,143400,-1
34473.713,1,353384,200,143490,-1
34474.257,2,353384,200,143490,-1
34474.587,1,353998,200,143590,-1
34475.235,5,347127,1040,143400,-1
34475.235,5,354135,460,143400,-1
34475.242,2,350830,800,143490,-1
34475.244,5,354135,540,143400,-1
34475.244,5,352960,100,143430,-1
34475.244,5,352330,500,143470,-1
34475.244,5,353925,1000,143470,-1
34475.244,4,351229,460,143480,-1
34475.367,5,354531,367,143430,-1
34475.367,4,351229,673,143480,-1
34475.38,1,354569,800,143490,-1
34475.38,4,351229,367,143480,-1
34475.38,5,347698,41,143480,-1
34475.38,5,350572,1152,143480,-1
34475.395,5,350572,348,143480,-1
34475.395,4,343886,400,143490,-1
34475.395,4,344211,900,143490,-1
34475.395,4,352394,152,143490,-1
34475.527,2,351313,800,143110,1
34475.543,2,352394,348,143490,-1
34475.622,1,354730,1000,143600,-1
34475.691,5,354664,160,143480,-1
34475.691,4,354569,540,143490,-1
34475.737,1,354850,1500,143120,1
34475.739,4,354569,260,143490,-1
34475.832,1,354923,500,143590,-1
34475.89,5,354958,40,143490,-1
34475.958,1,355012,800,143210,1
34477.056,5,355321,1460,143490,-1
34477.056,4,169491,15,143500,-1
34477.056,4,349926,525,143500,-1
34477.278,2,349926,1075,143500,-1
34477.398,1,356027,1600,143600,-1
34478.387,1,356768,63,143500,-1
34478.629,1,356964,1000,141500,1
34478.669,2,354850,1500,143120,1
34478.78,1,357099,1500,143220,1
34480.062,1,358076,5000,143220,1
34480.732,2,351189,600,143680,-1
34480.836,1,358607,600,143680,-1
34480.963,2,355012,800,143210,1
34481.124,1,358733,800,143210,1
34481.272,2,351557,600,142720,1
34481.379,1,358864,600,142720,1
34483.195,1,360094,1000,143480,-1
34483.282,2,353039,700,143210,1
34483.423,1,360227,752,143210,1
34483.431,4,360094,100,143480,-1
34483.642,2,356027,1600,143600,-1
34483.645,1,360374,1600,143500,-1
34484.155,2,360374,1600,143500,-1
34484.158,1,360763,1600,143600,-1
34484.593,2,353998,200,143590,-1
34484.798,5,355780,63,143430,1
34484.947,1,361356,4000,143500,-1
34484.987,1,361385,200,143590,-1
34485.2,2,356768,63,143500,-1
34485.669,2,357099,1500,143220,1
34485.833,2,354923,500,143590,-1
34485.942,1,362118,500,143590,-1
34485.992,2,361385,200,143590,-1
34486.092,1,362261,200,143490,-1
34486.122,2,358733,800,143210,1
34486.267,1,362373,800,143210,1
34486.326,2,354730,1000,143600,-1
34486.426,2,358864,600,142720,1
34486.43,1,362524,600,143580,-1
34486.432,2,358607,600,143680,-1
34486.571,5,361810,1000,143440,-1
34486.632,5,353598,30,143300,1
34486.719,2,362118,500,143590,-1
34486.82,1,362925,500,143490,-1
34486.942,1,363031,600,142620,1
34487.066,2,360227,752,143210,1
34487.084,2,362925,500,143490,-1
34487.403,1,363406,752,143110,1
34487.856,1,363785,2000,143200,1
34488.233,2,363031,600,142620,1
34488.236,2,362524,600,143580,-1
34488.248,1,364128,600,143680,-1
34488.302,1,364173,200,149900,-1
34488.418,2,364128,600,143680,-1
34488.502,2,363406,752,143110,1
34488.817,1,364743,600,143580,-1
34488.949,2,364743,600,143580,-1
34489.068,1,364952,1152,143010,1
34489.36,1,365255,600,143680,-1
34489.901,1,365741,600,142720,1
34490.201,5,365885,200,143420,-1
34490.201,5,363200,700,143440,-1
34490.301,5,363200,200,143440,-1
34490.366,2,255928,3400,142200,1
34490.569,2,364952,1152,143010,1
34490.831,1,366498,1152,143110,1
34490.936,2,366498,1152,143110,1
34491.274,2,362373,800,143210,1
34491.437,1,366980,1500,143120,1
34491.468,1,366998,800,143210,1
34491.492,1,367021,1152,143210,1
34491.824,1,367383,3000,143400,-1
34491.858,4,367383,2900,143400,-1
34492.809,5,367860,100,143350,-1
34492.899,2,365741,600,142720,1
34492.903,2,365255,600,143680,-1
34492.933,1,368402,300,143400,-1
34492.951,1,368421,600,143580,-1
34493.428,1,368784,3400,143200,1
34493.533,1,368896,600,142620,1
34493.819,2,367021,1152,143210,1
34493.922,1,369318,1152,143110,1
34494.916,2,362261,200,143490,-1
34495.175,1,370460,200,143400,-1
34495.269,2,370460,200,143400,-1
34495.717,2,368896,600,142620,1
34495.72,2,368421,600,143580,-1
34495.737,1,370978,600,143680,-1
34495.847,1,371084,5000,141900,1
34495.901,2,370978,600,143680,-1
34495.947,1,371156,200,143490,-1
34496.246,2,360763,1600,143600,-1
34496.252,1,371438,2400,143700,-1
34496.289,1,371464,600,143680,-1
34496.473,2,366998,800,143210,1
34496.661,1,371748,800,143210,1
34496.864,1,371966,600,142720,1
34497.121,2,371156,200,143490,-1
34497.434,2,371966,600,142720,1
34497.438,2,371464,600,143680,-1
34497.454,2,363785,2000,143200,1
34497.548,1,372499,600,143580,-1
34497.759,1,372713,1000,143400,-1
34498.097,1,372979,600,142620,1
34500.855,1,375264,25,143400,-1
34501.382,2,371084,5000,141900,1
34501.594,4,367383,94,143400,-1
34501.663,2,371748,800,143210,1
34501.754,1,375868,800,143210,1
34501.915,2,369318,1152,143110,1
34502.175,1,376254,400,143110,1
34502.18,1,376259,1152,143210,1
34502.581,2,366980,1500,143120,1
34503.296,2,371438,2400,143700,-1
34503.299,1,377304,1600,143600,-1
34503.404,2,283249,2000,143000,1
34503.626,5,376845,36,143380,-1
34504.644,2,360094,900,143480,-1
34506.753,2,375868,800,143210,1
34507.021,1,380463,800,143210,1
34507.304,1,380696,200,143210,1
34507.553,2,372499,600,143580,-1
34507.639,1,380938,600,143580,-1
34507.717,2,372979,600,142620,1
34507.767,2,380938,600,143580,-1
34508.186,1,381434,600,143580,-1
34508.408,2,381434,600,143580,-1
34508.758,1,381919,600,143580,-1
34509.079,2,375264,25,143400,-1
34509.308,1,382311,600,142620,1
34510.098,5,376845,400,143380,-1
34511.012,1,383680,200,143300,1
34511.103,1,383765,8000,143400,-1
34511.109,2,382311,600,142620,1
34511.111,2,381919,600,143580,-1
34511.121,1,383779,600,143480,-1
34511.269,2,383779,600,143480,-1
34511.394,4,367383,6,143400,-1
34511.394,4,368402,300,143400,-1
34511.394,4,372713,994,143400,-1
34511.496,4,372713,6,143400,-1
34511.496,4,383765,94,143400,-1
34511.545,1,384097,600,143580,-1
34511.596,5,383846,100,143350,1
34511.596,5,383708,1200,143320,1
34511.596,4,383680,200,143300,1
34511.596,5,382987,150,143300,1
34511.596,1,384151,650,143300,-1
34511.689,4,384151,600,143300,-1
34511.95,4,384151,50,143300,-1
34512.023,2,380463,800,143210,1
34512.102,1,384658,600,142620,1
34512.178,5,384526,1000,143380,-1
34512.183,2,376259,1152,143210,1
34512.334,1,384819,1152,143110,1
34512.352,1,384831,800,143210,1
34512.381,1,384857,100,150900,-1
34512.482,2,384819,1152,143110,1
34512.895,1,385283,1152,143210,1
34513.217,1,385493,1000,143400,-1
34514.0,4,383765,600,143400,-1
34514.272,1,386298,1555,144700,-1
34514.801,1,386785,500,143300,1
34515.873,2,384658,600,142620,1
34515.876,2,384097,600,143580,-1
34515.977,1,387664,600,143680,-1
34516.04,2,387664,600,143680,-1
34516.206,1,387839,900,143400,-1
34516.282,2,118820,2000,146000,-1
34516.293,4,383765,7306,143400,-1
34516.293,4,385493,1000,143400,-1
34516.293,4,387839,900,143400,-1
34516.448,2,377304,1600,143600,-1
34516.451,1,387981,1600,143500,-1
34516.551,1,388043,600,143680,-1
34517.099,1,388464,600,142720,1
34517.353,2,384831,800,143210,1
34517.62,1,388875,800,143210,1
34518.551,1,389503,1000,143400,1
34518.805,2,387981,1600,143500,-1
34518.81,1,389778,1600,143600,-1
34518.845,2,388875,800,143210,1
34519.018,1,389955,800,143310,1
34519.281,5,390047,100,143440,1
34519.281,5,389793,1900,143410,1
34519.652,2,385283,1152,143210,1
34519.813,1,390602,1152,143310,1
34520.076,2,388464,600,142720,1
34520.078,2,388043,600,143680,-1
34520.184,1,390833,600,143780,-1
34520.727,1,391220,600,142820,1
34522.909,4,361356,1000,143500,-1
34523.211,1,393106,1500,143320,1
34523.773,2,389503,1000,143400,1
34523.898,4,361356,1000,143500,-1
34524.024,2,389955,800,143310,1
34524.242,2,390602,1152,143310,1
34524.286,1,393841,800,143310,1
34524.434,2,389778,1600,143600,-1
34524.452,1,393986,2300,143800,-1
34524.544,4,361356,1000,143500,-1
34524.757,1,394305,1152,143410,1
34525.09,2,391220,600,142820,1
34525.093,2,390833,600,143780,-1
34525.118,4,361356,700,143500,-1
34525.123,4,361356,300,143500,-1
34525.196,1,394634,600,143880,-1
34525.743,1,395177,600,142920,1
34526.173,2,393841,800,143310,1
34526.27,1,395686,800,143410,1
34526.437,5,394603,200,143570,-1
34526.437,4,335555,600,143590,-1
34526.55,4,335555,200,143590,-1
34526.702,2,393106,1500,143320,1
34526.753,1,396148,1500,143420,1
34527.021,4,128037,39,143700,-1
34527.979,4,128037,300,143700,-1
34528.017,1,397400,1000,143540,1
34528.539,1,397861,1100,143600,1
34529.035,2,397400,1000,143540,1
34529.696,2,395686,800,143410,1
34529.791,1,399164,800,143310,1
34530.812,2,394305,1152,143410,1
34531.063,1,400450,1152,143310,1
34532.057,5,401163,1000,143690,-1
34532.057,4,128037,96,143700,-1
34532.057,1,401343,4,143700,1
34532.637,4,401343,4,143700,1
34532.823,1,401999,1000,143890,-1
34533.008,2,393986,2300,143800,-1
34533.013,1,402175,2300,144000,-1
34533.532,2,397861,1100,143600,1
34534.63,1,403571,2000,143100,1
34534.74,2,400450,1152,143310,1
34534.794,2,399164,800,143310,1
34534.956,1,403935,800,143310,1
34535.014,5,396846,2600,143600,1
34535.125,1,404098,1152,143410,1
34535.194,2,394634,600,143880,-1
34535.335,1,404267,600,143880,-1
34535.423,2,333726,900,143200,1
34535.677,2,395177,600,142920,1
34535.682,2,404267,600,143880,-1
34535.883,1,404756,900,143300,1
34535.9,1,404767,600,142920,1
34536.047,2,404767,600,142920,1
34536.354,5,403116,400,143700,-1
34536.39,1,405159,55,143600,-1
34536.48,1,405224,600,143980,-1
34536.492,2,403935,800,143310,1
34536.594,1,405321,800,143410,1
34536.66,2,405321,800,143410,1
34536.717,1,405453,74,143690,-1
34536.719,2,405159,55,143600,-1
34537.005,1,405726,600,143020,1
34537.099,5,405586,55,143610,1
34537.141,1,405860,800,143310,1
34537.378,2,405860,800,143310,1
34537.905,1,406436,800,143410,1
34538.134,2,396148,1500,143420,1
34538.171,1,406646,1500,143520,1
34538.342,2,405726,600,143020,1
34538.346,2,405224,600,143980,-1
34538.454,1,406890,600,143880,-1
34538.995,1,407433,600,142920,1
34539.125,1,407530,800,143310,1
34539.42,4,405453,74,143690,-1
34539.555,2,407433,600,142920,1
34539.557,2,406890,600,143880,-1
34539.663,1,407901,600,143980,-1
34540.211,1,408327,600,143020,1
34542.072,2,408327,600,143020,1
34542.074,2,407901,600,143980,-1
34542.18,1,409826,600,144080,-1
34542.727,1,410269,600,143120,1
34542.904,2,406436,800,143410,1
34542.978,2,406646,1500,143520,1
34543.058,1,410508,1500,143520,1
34543.158,1,410594,800,143410,1
34543.18,1,410608,1200,147000,-1
34543.391,2,410508,1500,143520,1
34543.49,2,322125,1000,143010,1
34543.599,1,410915,2000,143600,1
34543.6,1,410916,1000,143420,1
34543.609,1,410925,1500,143620,1
34543.627,2,410916,1000,143420,1
34543.838,2,410925,1500,143620,1
34544.156,1,411449,1500,143620,1
34544.22,2,404098,1152,143410,1
34544.278,1,411570,23,143620,1
34544.386,1,411652,1152,143510,1
34544.871,5,411473,1200,143640,1
34544.871,5,411478,600,143630,1
34544.871,4,411449,1500,143620,1
34544.871,4,411570,23,143620,1
34544.871,5,408084,536,143620,1
34544.871,5,411305,1500,143610,1
34544.871,5,411438,600,143610,1
34544.871,5,411846,1000,143610,1
34544.871,4,410915,1441,143600,1
34544.946,5,412008,79,143700,-1
34544.951,2,402175,2300,144000,-1
34544.972,1,412254,2300,144300,-1
34545.185,1,412470,1500,143620,1
34545.606,1,412852,1000,143880,-1
34545.776,2,403571,2000,143100,1
34546.205,2,301624,2000,144200,-1
34546.257,2,344589,7000,143100,1
34546.374,2,410594,800,143410,1
34546.438,2,404756,900,143300,1
34546.483,1,413644,800,143510,1
34546.613,5,412484,2500,143640,1
34546.747,1,413971,2000,144800,-1
34546.858,1,414080,900,143500,1
34547.23,2,411652,1152,143510,1
34547.347,1,414542,1152,143410,1
34547.404,5,413885,1500,143640,1
34547.404,4,412470,500,143620,1
34547.505,2,412470,1000,143620,1
34547.645,5,414629,500,143630,1
34547.981,2,414542,1152,143410,1
34548.052,1,415189,1152,143310,1
34548.113,5,415029,2000,143640,1
34548.113,5,412295,1500,143610,1
34548.113,5,415000,400,143610,1
34548.113,4,410915,559,143600,1
34548.329,1,415437,7000,143300,1
34548.522,1,415592,3000,143700,-1
34548.616,2,412852,1000,143880,-1
34549.048,1,416059,1300,143520,1
34549.261,2,213636,3000,142000,1
34549.615,1,416463,200,143880,-1
34549.664,2,410269,600,143120,1
34549.665,2,409826,600,144080,-1
34549.771,1,416604,600,143980,-1
34549.908,1,416719,100,71800,1
34550.102,2,416719,100,71800,1
34550.351,1,417066,600,143020,1
34550.473,5,415614,23,143680,-1
34551.485,2,413644,800,143510,1
34551.607,1,418067,800,143510,1
34553.545,2,415189,1152,143310,1
34555.109,5,420584,400,143610,1
34556.605,2,418067,800,143510,1
34556.692,5,421905,600,143630,1
34556.749,1,422040,800,143510,1
34557.331,5,421985,2000,143600,-1
34558.363,2,416059,1300,143520,1
34558.39,2,417066,600,143020,1
34558.392,2,416604,600,143980,-1
34558.46,1,423349,600,143880,-1
34558.513,1,423382,1300,143420,1
34558.525,2,416463,200,143880,-1
34558.725,2,265874,3000,141500,1
34559.04,1,423928,600,142920,1
34559.059,1,423944,200,143780,-1
34559.373,1,424195,1152,143310,1
34560.015,5,424042,400,143600,-1
34560.035,5,424042,400,143600,-1
34560.039,5,424042,200,143600,-1
34560.322,1,425007,500,143600,-1
34560.452,5,425021,1000,143580,-1
34560.459,5,425021,177,143580,-1
34560.459,4,425007,500,143600,-1
34560.798,1,425403,3000,143300,1
34561.017,5,425467,400,143590,-1
34561.035,5,425467,100,143590,-1
34561.135,2,423928,600,142920,1
34561.136,2,423349,600,143880,-1
34561.228,5,421840,1000,143530,1
34561.242,1,425699,600,143980,-1
34561.504,5,425894,2100,143600,-1
34561.511,5,425894,700,143600,-1
34561.755,2,422040,800,143510,1
34561.789,1,426144,600,143020,1
34561.889,1,426210,800,143510,1
34562.416,1,426581,500,143600,1
34562.443,4,426581,500,143600,1
34563.496,2,423944,200,143780,-1
34563.84,1,427718,200,143880,-1
34563.981,2,424195,1152,143310,1
34564.067,1,427875,200,143400,1
34564.189,1,427965,1152,143410,1
34565.517,2,423382,1300,143420,1
34565.523,1,429024,1300,143520,1
34566.087,5,427915,600,143600,1
34566.885,2,426210,800,143510,1
34567.155,1,430326,800,143510,1
34569.049,1,431598,300,143700,-1
34570.623,2,427718,200,143880,-1
34571.01,2,430326,800,143510,1
34571.212,1,433220,800,143610,1
34571.244,2,425699,600,143980,-1
34571.274,2,426144,600,143020,1
34571.388,2,429024,1300,143520,1
34571.39,1,433340,600,144080,-1
34571.393,1,433342,1300,143620,1
34571.945,1,433779,600,143120,1
34572.411,2,358076,5000,143220,1
34573.226,2,106532,1000,144900,-1
34574.12,1,435512,74,100000,1
34574.167,2,433342,1300,143620,1
34574.172,1,435558,1300,143520,1
34574.196,2,427965,1152,143410,1
34574.343,1,435699,1152,143410,1
34574.613,2,433779,600,143120,1
34574.615,2,433340,600,144080,-1
34574.716,1,436038,600,143980,-1
34574.806,2,386785,500,143300,1
34575.093,1,436338,200,143880,-1
34575.305,1,436484,600,143020,1
34575.309,2,436038,600,143980,-1
34575.383,2,436484,600,143020,1
34575.561,1,436663,8000,143600,1
34575.569,2,431598,300,143700,-1
34575.885,1,437015,600,144080,-1
34576.215,2,433220,800,143610,1
34576.324,2,178214,200,145190,-1
34576.329,1,437358,800,143610,1
34576.435,1,437461,600,143120,1
34576.466,1,437491,100,149600,-1
34576.858,5,435608,1000,143690,-1
34576.858,4,415592,1000,143700,-1
34577.197,2,435699,1152,143410,1
34577.348,1,438197,1152,143510,1
34578.279,2,438197,1152,143510,1
34578.469,1,439019,1152,143610,1
34578.512,4,415592,2000,143700,-1
34578.621,2,436338,200,143880,-1
34579.511,2,171068,200,136810,1
34580.173,5,439706,300,143710,1
34580.275,1,440384,200,143980,-1
34580.766,2,349244,2500,143100,1
34581.335,2,437358,800,143610,1
34581.359,2,435558,1300,143520,1
34581.362,1,441164,1300,143620,1
34581.468,1,441232,800,143610,1
34582.277,2,441164,1300,143620,1
34582.468,1,441957,1300,143520,1
34583.013,2,441957,1300,143520,1
34583.016,1,442526,1300,143620,1
34584.323,2,275912,3100,142910,1
34584.437,1,443417,400,143900,-1
34585.885,2,437015,600,144080,-1
34585.959,1,444553,600,144080,-1
34586.435,2,437461,600,143120,1
34586.466,2,441232,800,143610,1
34586.508,1,444952,600,143120,1
34586.538,1,444980,800,143610,1
34588.068,2,444980,800,143610,1
34588.26,2,444952,600,143120,1
34588.263,2,444553,600,144080,-1
34588.281,1,446314,800,143710,1
34588.383,1,446394,600,144180,-1
34588.465,2,439019,1152,143610,1
34588.695,1,446639,1152,143610,1
34588.744,2,446314,800,143710,1
34588.934,2,440384,200,143980,-1
34588.937,1,446875,800,143610,1
34588.962,1,446891,600,143220,1
34589.329,5,447071,1000,143800,1
34590.028,1,447737,200,143980,-1
34590.36,2,447737,200,143980,-1
34590.928,2,312625,2000,143000,1
34592.768,2,442526,1300,143620,1
34592.771,1,449780,1300,143720,1
34593.33,2,436663,8000,143600,1
34593.432,2,446639,1152,143610,1
34593.644,1,450351,1152,143710,1
34593.935,2,446875,800,143610,1
34594.095,1,450703,800,143610,1
34594.646,1,451077,100,71900,1
34594.715,2,450703,800,143610,1
34594.818,5,450982,1000,143800,1
34594.843,2,451077,100,71900,1
34594.875,1,451261,800,143710,1
34595.37,5,450982,200,143800,1
34595.39,2,451261,800,143710,1
34595.534,1,451719,800,143610,1
34595.678,1,451836,4000,143700,1
34595.726,2,451719,800,143610,1
34596.124,1,452215,800,143710,1
34596.43,1,452422,3000,143000,1
34596.571,2,452215,800,143710,1
34596.639,2,449780,1300,143720,1
34596.687,1,452687,800,143610,1
34596.718,1,452725,1300,143620,1
34597.039,2,452687,800,143610,1
34597.062,1,452976,1000,143800,-1
34597.233,1,453088,800,143710,1
34597.261,1,453112,200,143980,-1
34597.737,2,401999,1000,143890,-1
34598.138,1,453787,2500,140000,1
34598.293,2,453112,200,143980,-1
34598.385,2,446394,600,144180,-1
34598.575,1,454075,200,143980,-1
34598.599,1,454106,600,144180,-1
34598.722,2,454075,200,143980,-1
34598.965,2,446891,600,143220,1
34599.038,1,454482,600,143220,1
34600.101,1,455115,200,143990,-1
34600.689,1,455462,200,143410,1
34600.817,2,414080,900,143500,1
34600.912,1,455678,5000,144000,-1
34601.418,1,456017,900,143600,1
34602.129,1,456481,600,143510,1
34602.236,2,453088,800,143710,1
34602.372,1,456623,800,143710,1
34603.415,2,450351,1152,143710,1
34603.69,1,457472,1152,143610,1
34605.352,2,455115,200,143990,-1
34605.461,1,458650,200,144090,-1
34605.539,2,458650,200,144090,-1
34606.002,1,458991,200,143990,-1
34606.064,2,458991,200,143990,-1
34606.23,2,452725,1300,143620,1
34606.234,1,459123,1300,143720,1
34606.574,1,459307,200,144090,-1
34606.61,2,455462,200,143410,1
34606.929,5,456190,44,143770,-1
34606.929,4,452976,1000,143800,-1
34607.068,2,456017,900,143600,1
34607.376,2,456623,800,143710,1
34607.442,1,459917,800,143710,1
34607.535,1,459975,200,143510,1
34607.798,1,460188,900,143700,1
34607.953,2,454482,600,143220,1
34607.956,2,454106,600,144180,-1
34608.081,1,460370,600,144280,-1
34608.649,1,460743,600,143320,1
34609.857,2,457472,1152,143610,1
34610.062,1,461758,1152,143610,1
34610.252,1,461875,5000,143600,1
34610.536,2,459917,800,143710,1
34610.691,1,462215,800,143810,1
34610.868,4,462215,800,143810,1
34611.232,1,462605,800,143710,1
34611.597,2,459123,1300,143720,1
34611.605,1,462901,1300,143820,1
34612.333,1,463487,2300,146500,-1
34612.81,5,459686,38,143890,-1
34613.183,2,461758,1152,143610,1
34613.219,2,459307,200,144090,-1
34613.223,1,464193,200,144190,-1
34613.302,1,464233,1152,143710,1
34613.473,2,459975,200,143510,1
34613.477,2,464193,200,144190,-1
34613.536,2,462605,800,143710,1
34613.638,1,464491,800,143810,1
34613.804,1,464620,200,144190,-1
34614.329,1,464964,200,143610,1
34614.528,2,460743,600,143320,1
34614.531,2,460370,600,144280,-1
34614.641,1,465182,600,143420,1
34614.679,4,462901,1300,143820,1
34614.693,4,464491,700,143810,1
34614.762,2,464491,100,143810,1
34614.773,2,465182,600,143420,1
34615.079,2,464620,200,144190,-1
34615.178,1,465602,600,144280,-1
34615.186,1,465608,1500,144180,-1
34615.21,1,465627,200,144090,-1
34615.785,1,466093,600,143320,1
34616.287,2,464964,200,143610,1
34616.513,2,464233,1152,143710,1
34616.601,1,466680,200,143510,1
34616.632,1,466714,1152,143610,1
34616.732,1,466811,800,143710,1
34617.276,1,467255,7000,143800,1
34617.302,1,467280,800,144090,-1
34617.31,5,466460,10,143890,-1
34617.476,4,467255,600,143800,1
34617.525,4,467255,300,143800,1
34617.554,4,467255,300,143800,1
34617.583,2,466714,1152,143610,1
34617.739,1,467616,1152,143710,1
34617.957,4,467255,500,143800,1
34618.012,2,467616,1152,143710,1
34618.303,1,468033,1152,143610,1
34618.847,4,467255,2500,143800,1
34619.142,2,70331,1000,144300,-1
34619.868,2,460188,900,143700,1
34619.973,1,469451,1000,145000,-1
34620.418,1,469777,900,143800,1
34620.771,4,467255,2000,143800,1
34621.019,4,467255,600,143800,1
34621.269,4,467255,200,143800,1
34621.364,4,469777,300,143800,1
34621.489,2,467280,800,144090,-1
34621.611,1,470766,800,143990,-1
34621.736,2,466811,800,143710,1
34621.995,2,466093,600,143320,1
34621.998,2,465602,600,144280,-1
34622.068,4,469777,600,143800,1
34622.068,1,471164,9200,143800,-1
34622.103,1,471188,600,144380,-1
34622.105,1,471189,1000,143600,1
34622.168,1,471228,800,143710,1
34622.348,4,471164,1000,143800,-1
34622.423,2,471188,600,144380,-1
34622.645,1,471579,600,143320,1
34622.774,1,471681,2000,143800,-1
34623.192,1,472002,600,144280,-1
34623.275,2,465608,1500,144180,-1
34623.69,4,471164,3700,143800,-1
34623.819,2,470766,800,143990,-1
34624.032,1,472663,800,144090,-1
34625.053,2,472663,800,144090,-1
34625.058,1,473408,1000,143800,-1
34625.14,1,473447,800,143990,-1
34625.216,2,465627,200,144090,-1
34625.26,2,473447,800,143990,-1
34625.354,1,473586,200,144090,-1
34625.687,1,473821,800,144090,-1
34625.845,2,288399,350,142300,1
34626.607,2,466680,200,143510,1
34626.698,2,471579,600,143320,1
34626.699,2,472002,600,144280,-1
34626.801,1,474641,600,144180,-1
34626.952,1,474728,386,130700,1
34627.123,1,474810,500,143800,-1
34627.168,2,471228,800,143710,1
34627.249,1,474902,800,143710,1
34627.253,1,474908,200,143510,1
34627.349,1,474951,600,143220,1
34628.307,2,468033,1152,143610,1
34629.417,2,474951,600,143220,1
34629.421,2,474641,600,144180,-1
34629.441,1,476262,600,143320,1
34629.651,2,474908,200,143510,1
34629.676,1,476424,200,143610,1
34629.833,2,476262,600,143320,1
34629.878,2,476424,200,143610,1
34629.973,1,476666,600,144180,-1
34630.43,2,476666,600,144180,-1
34630.584,1,477111,600,143320,1
34630.677,1,477214,200,143610,1
34630.687,2,473821,800,144090,-1
34630.812,2,477214,200,143610,1
34630.891,1,477404,800,144090,-1
34631.13,1,477567,600,144280,-1
34631.392,1,477767,1152,143710,1
34631.468,2,477767,1152,143710,1
34631.522,1,477894,200,143610,1
34631.94,1,478279,1000,143800,-1
34631.946,1,478286,1152,143610,1
34632.247,2,474902,800,143710,1
34632.421,1,478621,800,143710,1
34632.987,2,478286,1152,143610,1
34633.156,1,479158,1152,143710,1
34633.792,2,479158,1152,143710,1
34633.923,1,479686,1152,143610,1
34633.98,2,479686,1152,143610,1
34634.469,1,480052,1152,143710,1
34635.357,2,473586,200,144090,-1
34635.819,1,481047,200,144190,-1
34635.875,2,471681,2000,143800,-1
34635.898,2,477404,800,144090,-1
34636.06,1,481210,800,144090,-1
34636.334,2,481047,200,144190,-1
34636.491,1,481516,200,144190,-1
34636.531,2,478621,800,143710,1
34636.623,4,471164,800,143800,-1
34637.169,1,482093,700,143710,1
34637.285,1,482153,5000,143720,1
34638.256,2,209522,2400,142000,1
34638.262,1,482828,2300,143300,1
34639.009,2,471164,3700,143800,-1
34639.077,2,481516,200,144190,-1
34639.119,1,483383,200,144090,-1
34639.179,1,483428,100,71900,1
34639.378,2,483428,100,71900,1
34640.267,2,483383,200,144090,-1
34640.464,5,483323,1200,143740,1
34640.464,5,476039,900,143730,1
34640.464,4,482153,5000,143720,1
34640.464,4,480052,1152,143710,1
34640.464,4,482093,700,143710,1
34640.464,5,471216,48,143710,1
34640.464,5,474144,1900,143710,1
34640.464,5,480321,1000,143710,1
34640.464,4,451836,3100,143700,1
34640.587,2,477111,600,143320,1
34640.589,2,481210,800,144090,-1
34640.625,1,484421,200,144190,-1
34640.655,1,484439,800,143510,1
34640.749,1,484515,900,143710,1
34640.754,1,484521,500,143990,-1
34640.816,1,484565,600,143320,1
34640.819,2,484439,800,143510,1
34640.91,2,484421,200,144190,-1
34640.915,2,484515,900,143710,1
34641.137,2,477567,600,144280,-1
34641.142,1,484769,200,144090,-1
34641.2,1,484795,700,143790,-1
34641.365,1,484882,600,143610,1
34641.37,1,484887,600,144280,-1
34641.527,2,477894,200,143610,1
34641.685,1,485071,200,143610,1
34641.747,1,485128,800,143410,1
34641.953,1,485275,500,143890,-1
34643.671,2,415437,7000,143300,1
34644.508,2,485071,200,143610,1
34644.528,1,486869,200,143510,1
34644.961,2,486869,200,143510,1
34645.065,1,487276,200,143610,1
34645.136,2,487276,200,143610,1
34645.601,1,487565,200,143510,1
34646.197,2,484795,700,143790,-1
34646.264,1,487998,700,143790,-1
34646.75,2,485128,800,143410,1
34646.811,1,488378,800,143410,1
34647.79,2,485275,500,143890,-1
34647.908,1,489058,500,143990,-1
34648.203,2,489058,500,143990,-1
34648.574,2,484769,200,144090,-1
34648.677,1,489579,500,143990,-1
34650.818,2,484565,600,143320,1
34650.969,1,491158,600,143320,1
34651.267,2,487998,700,143790,-1
34651.348,1,491388,700,143790,-1
34651.367,2,484887,600,144280,-1
34651.368,2,484882,600,143610,1
34651.532,1,491487,600,144280,-1
34651.538,1,491490,600,143610,1
34651.808,2,488378,800,143410,1
34651.905,1,491800,800,143410,1
34652.033,2,487565,200,143510,1
34652.129,1,491957,200,143610,1
34656.265,1,494736,1000,142500,1
34656.347,2,491388,700,143790,-1
34656.436,1,494826,700,143790,-1
34656.907,2,491800,800,143410,1
34657.106,1,495274,800,143410,1
34657.354,5,490898,100,143710,1
34657.354,5,491540,800,143710,1
34658.678,2,489579,500,143990,-1
34658.985,1,496508,500,143990,-1
34659.098,1,496558,1000,143770,-1
34659.179,4,451836,400,143700,1
34659.281,2,491957,200,143610,1
34659.322,2,494826,700,143790,-1
34659.325,1,496714,200,143510,1
34659.399,1,496768,1000,143800,-1
34659.437,4,451836,500,143700,1
34659.437,1,496788,200,143690,-1
34659.552,2,496788,200,143690,-1
34659.997,2,491158,600,143320,1
34660.001,2,491487,600,144280,-1
34660.015,1,497269,200,143790,-1
34660.101,1,497349,600,143220,1
34660.358,2,497349,600,143220,1
34660.67,1,497782,600,143220,1
34661.023,2,471189,1000,143600,1
34661.207,1,498184,600,144180,-1
34661.247,1,498216,900,144800,-1
34661.412,5,498169,1000,143730,-1
34661.538,2,491490,600,143610,1
34661.695,1,498547,600,143610,1
34661.707,2,497269,200,143790,-1
34661.812,1,498666,200,143690,-1
34661.874,1,498711,100,143700,-1
34662.107,2,495274,800,143410,1
34662.359,1,499033,800,143410,1
34662.677,2,496508,500,143990,-1
34662.891,1,499416,500,143890,-1
34663.091,1,499535,1000,143700,-1
34663.103,2,499416,500,143890,-1
34663.438,1,499740,500,143890,-1
34663.557,2,499740,500,143890,-1
34663.672,4,498547,400,143610,1
34664.016,1,500143,500,143890,-1
34664.283,2,496714,200,143510,1
34664.387,1,500356,200,143410,1
34664.48,4,498547,100,143610,1
34664.7,2,500356,200,143410,1
34664.909,1,500761,200,143410,1
34664.945,2,498711,100,143700,-1
34665.074,2,498547,100,143610,1
34665.145,2,500143,500,143890,-1
34665.162,1,500893,500,143410,1
34665.219,1,500935,1000,145000,-1
34665.705,1,501220,200,143690,-1
34665.757,4,461875,200,143600,1
34665.779,1,501290,1500,143700,-1
34666.004,1,501443,300,143680,-1
34666.641,1,501826,2000,143700,-1
34666.818,2,498666,200,143690,-1
34667.012,1,502090,200,143690,-1
34667.358,2,499033,800,143410,1
34667.56,1,502435,800,143410,1
34668.614,4,461875,400,143600,1
34668.619,4,461875,400,143600,1
34669.139,4,461875,1000,143600,1
34670.326,2,499535,1000,143700,-1
34670.627,1,504411,2000,144100,-1
34670.668,2,497782,600,143220,1
34670.776,1,504557,600,143220,1
34671.208,2,498184,600,144180,-1
34671.235,2,501220,200,143690,-1
34671.319,1,504868,600,144180,-1
34671.374,1,504899,200,143790,-1
34672.018,2,502090,200,143690,-1
34672.084,1,505348,300,143700,-1
34672.107,1,505364,200,143690,-1
34672.48,1,505562,5000,143700,-1
34672.558,2,502435,800,143410,1
34672.67,1,505699,800,143410,1
34674.848,1,507304,500,143700,-1
34674.85,1,507307,1000,150000,-1
34674.902,2,501290,1500,143700,-1
34674.908,2,500761,200,143410,1
34674.915,5,507039,1000,143610,1
34674.915,4,461875,2000,143600,1
34675.056,1,507425,200,143410,1
34675.168,2,500893,500,143410,1
34675.239,1,507508,500,143410,1
34675.682,2,505364,200,143690,-1
34675.786,1,507888,200,143790,-1
34676.62,2,507508,500,143410,1
34677.033,1,508746,500,143510,1
34677.317,2,508746,500,143510,1
34677.405,1,508972,1000,144400,-1
34677.565,4,461875,1000,143600,1
34677.668,2,505699,800,143410,1
34677.712,1,509192,1500,143420,1
34677.734,1,509222,500,143510,1
34677.79,1,509267,800,143410,1
34678.007,1,509407,200,143700,-1
34678.867,2,504557,600,143220,1
34678.869,2,504868,600,144180,-1
34678.872,1,510011,600,143320,1
34678.957,2,507304,500,143700,-1
34679.017,2,509222,500,143510,1
34679.089,2,507425,200,143410,1
34679.238,1,510247,200,143510,1
34679.333,1,510311,600,144280,-1
34679.406,1,510373,500,143410,1
34679.598,5,509700,49,143640,-1
34680.314,2,505348,300,143700,-1
34680.338,2,510011,600,143320,1
34680.342,2,510311,600,144280,-1
34680.449,1,511200,600,143220,1
34680.487,2,510373,500,143410,1
34680.649,1,511396,500,143410,1
34680.759,2,511396,500,143410,1
34680.788,2,507888,200,143790,-1
34680.999,1,511741,200,143790,-1
34681.039,1,511768,600,144180,-1
34681.203,1,511920,500,143410,1
34681.266,2,511920,500,143410,1
34681.363,1,512016,1000,143700,-1
34681.378,2,504899,200,143790,-1
34681.463,2,501443,300,143680,-1
34681.623,1,512165,300,143800,-1
34681.753,1,512299,200,143790,-1
34682.231,2,509192,1500,143420,1
34682.294,5,512147,49,143660,-1
34682.298,1,512698,500,143410,1
34682.456,2,511200,600,143220,1
34682.465,2,511768,600,144180,-1
34682.468,1,512848,1500,143520,1
34682.559,1,512913,600,143320,1
34682.789,2,509267,800,143410,1
34682.999,1,513356,800,143410,1
34683.084,2,512698,500,143410,1
34683.102,1,513429,600,144280,-1
34683.297,1,513540,500,143510,1
34683.315,1,513563,100,71800,1
34683.514,2,513563,100,71800,1
34683.905,5,512082,82,143680,-1
34683.96,5,512082,400,143680,-1
34684.185,1,514341,100,143600,1
34684.589,2,510247,200,143510,1
34684.632,1,514683,200,143610,1
34685.016,5,514387,100,143630,1
34685.016,5,514747,200,143630,1
34685.596,2,514683,200,143610,1
34685.602,1,515674,200,143510,1
34686.0,2,511741,200,143790,-1
34686.106,1,516153,200,143790,-1
34687.221,2,513540,500,143510,1
34687.446,4,501826,2000,143700,-1
34687.446,4,505562,3000,143700,-1
34687.771,1,517527,500,143410,1
34687.819,4,505562,2000,143700,-1
34687.998,2,513356,800,143410,1
34688.107,1,517833,800,143410,1
34688.315,2,515674,200,143510,1
34688.445,2,516153,200,143790,-1
34688.474,1,518093,200,143610,1
34688.677,1,518309,200,143690,-1
34689.192,1,518782,1300,143700,-1
34690.991,4,518309,200,143690,-1
34690.991,5,518574,1900,143690,-1
34691.089,2,517833,800,143410,1
34691.109,1,520210,800,143890,-1
34691.468,1,520425,1000,143600,1
34691.672,1,520565,800,143510,1
34691.758,2,512299,200,143790,-1
34692.009,2,520565,800,143510,1
34692.329,4,509407,200,143700,-1
34692.329,4,512016,800,143700,-1
34692.347,1,521060,200,143790,-1
34692.382,4,512016,200,143700,-1
34692.382,4,518782,1300,143700,-1
34692.559,2,512913,600,143320,1
34692.646,1,521263,600,143320,1
34692.648,2,496768,1000,143800,-1
34693.098,2,513429,600,144280,-1
34693.242,1,521683,600,144280,-1
34693.904,1,522195,800,143510,1
34695.784,2,522195,800,143510,1
34696.109,2,520210,800,143890,-1
34696.423,1,523931,5000,143700,-1
34696.606,4,523931,2800,143700,-1
34696.628,4,523931,700,143700,-1
34696.673,1,524089,800,143890,-1
34696.925,2,518093,200,143610,1
34696.928,1,524323,200,143510,1
34697.214,1,524567,800,143410,1
34697.769,2,517527,500,143410,1
34698.08,1,525269,500,143410,1
34698.282,5,524725,300,143650,1
34699.267,5,526117,1000,143690,-1
34699.267,4,523931,500,143700,-1
34699.94,2,478279,1000,143800,-1
34701.679,2,524089,800,143890,-1
34701.71,4,523931,1000,143700,-1
34701.779,1,527979,800,143890,-1
34702.175,1,528290,8000,143700,1
34702.22,2,524567,800,143410,1
34702.35,2,521060,200,143790,-1
34702.503,5,528349,200,143740,1
34702.649,2,521263,600,143320,1
34702.745,2,525269,500,143410,1
34702.823,1,528880,600,143320,1
34702.865,2,524323,200,143510,1
34702.892,1,528936,800,143410,1
34703.098,1,529099,200,143610,1
34703.188,1,529156,100,143610,1
34703.249,2,521683,600,144280,-1
34703.338,2,528880,600,143320,1
34703.369,1,529264,600,143420,1
34703.65,1,529413,1000,143710,1
34703.782,1,529491,500,143890,-1
34703.914,1,529543,600,144380,-1
34705.281,1,530497,1500,143800,-1
34705.351,2,496558,1000,143770,-1
34705.668,1,530760,800,146500,-1
34706.779,2,527979,800,143890,-1
34706.889,1,531625,800,143890,-1
34707.029,1,531722,400,143790,-1
34707.682,2,528936,800,143410,1
34707.699,2,530497,1500,143800,-1
34707.708,5,531804,300,143740,1
34707.708,4,529413,1000,143710,1
34707.708,4,528290,200,143700,1
34708.228,4,528290,1500,143700,1
34708.265,2,529099,200,143610,1
34709.772,1,533746,5000,143400,1
34710.177,5,533752,282,143720,1
34710.177,4,528290,718,143700,1
34710.485,4,528290,1000,143700,1
34711.377,2,531722,400,143790,-1
34711.89,2,531625,800,143890,-1
34711.998,1,535473,800,143890,-1
34712.469,2,512848,1500,143520,1
34712.809,1,536102,800,143510,1
34713.189,2,529156,100,143610,1
34713.266,1,536417,100,143610,1
34713.369,2,529264,600,143420,1
34713.52,1,536574,600,143420,1
34713.779,2,529491,500,143890,-1
34713.831,1,536821,3000,143720,1
34713.92,2,529543,600,144380,-1
34714.087,1,536962,600,144380,-1
34714.438,1,537213,500,143800,-1
34714.468,1,537233,500,143890,-1
34715.718,1,538240,2000,143800,-1
34716.146,5,537052,100,143750,1
34716.146,4,536821,600,143720,1
34716.994,2,537233,500,143890,-1
34716.999,2,535473,800,143890,-1
34717.108,1,539224,800,143890,-1
34717.141,1,539240,500,143990,-1
34717.81,2,536102,800,143510,1
34717.828,2,539240,500,143990,-1
34718.169,1,540047,500,143990,-1
34718.582,2,540047,500,143990,-1
34718.866,1,540654,500,143890,-1
34719.085,1,540832,1300,144000,-1
34719.431,2,536574,600,143420,1
34719.435,2,536962,600,144380,-1
34719.438,1,541115,600,144280,-1
34719.668,5,530634,3000,143790,-1
34719.668,5,540119,800,143790,-1
34719.668,4,473408,500,143800,-1
34719.722,1,541440,200,143990,-1
34719.851,2,541440,200,143990,-1
34719.962,1,541676,600,143320,1
34720.355,1,542019,200,143610,1
34720.641,1,542272,13560,151000,-1
34721.658,2,540654,500,143890,-1
34721.876,1,543416,500,143990,-1
34722.065,5,541542,3000,143790,-1
34722.065,4,473408,500,143800,-1
34722.065,4,474810,500,143800,-1
34722.065,4,512165,300,143800,-1
34722.11,2,539224,800,143890,-1
34722.215,1,543618,800,143890,-1
34722.277,2,166206,308,155000,-1
34722.431,2,412254,2300,144300,-1
34722.434,1,543738,1600,144400,-1
34723.269,2,536417,100,143610,1
34723.421,1,544417,100,143610,1
34724.681,4,537213,500,143800,-1
34724.681,4,538240,2000,143800,-1
34724.868,1,545468,200,144090,-1
34726.46,5,546225,100,143840,-1
34726.46,5,545334,150,143870,-1
34727.22,2,543618,800,143890,-1
34727.305,2,536821,2400,143720,1
34727.323,1,547368,800,143890,-1
34727.617,2,541676,600,143320,1
34727.62,2,541115,600,144280,-1
34727.653,1,547591,100,71900,1
34727.722,1,547669,600,143420,1
34727.86,2,547591,100,71900,1
34727.889,1,547794,800,143510,1
34728.271,1,548048,600,144380,-1
34728.675,2,545468,200,144090,-1
34728.786,5,547381,1050,143870,-1
34728.786,5,547385,600,143880,-1
34728.786,4,547368,800,143890,-1
34728.786,4,169115,1000,143900,-1
34728.786,4,329841,150,143900,-1
34728.897,2,547794,800,143510,1
34728.907,1,548488,200,144190,-1
34728.942,4,329841,1250,143900,-1
34728.942,4,443417,400,143900,-1
34728.947,1,548520,2000,143800,1
34728.996,1,548561,800,143710,1
34729.153,2,301740,5000,144200,-1
34730.155,1,549400,2000,143800,1
34730.36,2,542019,200,143610,1
34730.499,1,549626,200,143610,1
34731.046,1,550013,5000,145200,-1
34731.065,1,550023,3000,145200,-1
34731.868,2,548520,2000,143800,1
34731.88,2,543416,500,143990,-1
34731.907,2,549400,2000,143800,1
34731.985,1,550722,500,143990,-1
34733.42,2,544417,100,143610,1
34733.656,1,551926,100,143610,1
34734.0,2,548561,800,143710,1
34734.137,1,552321,800,143710,1
34734.371,1,552472,1000,143900,-1
34735.756,2,547669,600,143420,1
34735.757,2,548048,600,144380,-1
34735.865,1,553653,600,144280,-1
34736.41,1,554034,600,143320,1
34738.253,1,555326,1000,143900,-1
34738.91,2,548488,200,144190,-1
34739.14,2,552321,800,143710,1
34739.214,1,555900,800,143710,1
34739.267,1,555925,200,144190,-1
34740.016,2,551926,100,143610,1
34740.16,1,556524,100,143710,1
34740.306,2,554034,600,143320,1
34740.308,2,553653,600,144280,-1
34740.413,1,556723,600,143420,1
34740.5,2,549626,200,143610,1
34740.594,5,556635,1700,143800,1
34740.755,1,556988,200,143610,1
34740.975,1,557151,600,144380,-1
34741.019,2,556524,100,143710,1
34741.034,2,555925,200,144190,-1
34741.098,2,556988,200,143610,1
34741.154,1,557277,100,143610,1
34741.279,1,557353,200,144090,-1
34741.549,2,555900,800,143710,1
34741.67,1,557595,800,143810,1
34741.7,4,557595,800,143810,1
34741.814,1,557764,200,143510,1
34741.99,2,550722,500,143990,-1
34742.221,1,558099,800,143710,1
34742.414,1,558269,500,143990,-1
34742.417,2,556723,600,143420,1
34742.428,2,557151,600,144380,-1
34742.431,2,557353,200,144090,-1
34742.432,1,558287,200,143990,-1
34742.524,1,558350,600,144280,-1
34742.777,1,558564,800,144090,-1
34743.067,1,558789,600,143320,1
34743.092,2,514341,100,143600,1
34744.703,2,558287,200,143990,-1
34744.832,1,560283,200,144090,-1
34745.511,5,557895,1000,143740,1
34745.511,5,558116,1200,143730,1
34745.511,5,558119,600,143720,1
34745.511,4,558099,800,143710,1
34745.511,4,528290,1400,143700,1
34745.674,1,560911,100,143710,1
34745.751,2,558564,800,144090,-1
34745.767,2,560911,100,143710,1
34745.778,2,560283,200,144090,-1
34745.896,1,561161,200,143990,-1
34745.919,4,528290,700,143700,1
34746.047,1,561252,1000,146400,-1
34746.155,1,561312,4000,143800,-1
34746.214,1,561362,800,143790,-1
34746.36,5,561335,900,143710,1
34746.506,2,558269,500,143990,-1
34746.633,1,561700,500,143890,-1
34746.683,4,528290,1000,143700,1
34746.89,1,561945,800,143410,1
34747.601,2,557764,200,143510,1
34747.651,1,562500,185,146500,-1
34747.791,2,558789,600,143320,1
34747.793,2,558350,600,144280,-1
34747.88,1,562729,200,143410,1
34747.895,1,562740,600,144180,-1
34748.087,4,528290,1482,143700,1
34748.443,1,563193,200,143800,-1
34748.454,1,563199,600,143220,1
34748.527,1,563259,200,143790,-1
34748.531,2,563193,200,143800,-1
34748.772,2,555326,1000,143900,-1
34748.871,2,561161,200,143990,-1
34748.952,1,563675,200,143890,-1
34749.19,1,563864,200,143780,-1
34749.194,2,563259,200,143790,-1
34749.217,2,552472,1000,143900,-1
34749.285,2,563864,200,143780,-1
34749.84,2,563675,200,143890,-1
34749.958,1,564531,200,143990,-1
34750.378,2,564531,200,143990,-1
34750.507,1,564909,200,143890,-1
34751.16,2,557277,100,143610,1
34751.227,2,561362,800,143790,-1
34751.319,1,565581,100,143610,1
34751.465,1,565723,800,143790,-1
34751.524,1,565787,200,143700,-1
34751.729,2,564909,200,143890,-1
34751.742,5,566012,200,143680,-1
34751.746,2,565787,200,143700,-1
34751.892,2,561945,800,143410,1
34751.999,1,566247,800,143410,1
34752.336,2,565723,800,143790,-1
34752.406,1,566539,200,143990,-1
34752.548,1,566652,800,143690,-1
34753.287,5,566685,100,143650,-1
34753.581,2,566539,200,143990,-1
34753.687,1,567558,1000,143800,-1
34753.789,1,567670,200,143890,-1
34754.937,1,568527,1200,143800,-1
34755.224,2,563199,600,143220,1
34755.227,2,562740,600,144180,-1
34755.332,1,568801,600,143120,1
34755.884,1,569220,600,144080,-1
34755.903,5,568426,849,143650,1
34755.903,5,568502,1000,143640,1
34755.903,5,566032,151,143630,1
34756.631,2,561700,500,143890,-1
34756.768,1,569845,500,143890,-1
34757.001,2,566247,800,143410,1
34757.105,2,566652,800,143690,-1
34757.214,1,570192,800,143510,1
34757.417,2,568801,600,143120,1
34757.419,2,569220,600,144080,-1
34757.555,1,570388,600,143220,1
34757.796,1,570600,800,143890,-1
34757.88,2,562729,200,143410,1
34757.909,2,561312,4000,143800,-1
34758.036,1,570737,200,143410,1
34758.098,1,570771,600,144180,-1
34759.157,5,563144,800,143700,-1
34759.441,5,563144,200,143700,-1
34759.595,2,567670,200,143890,-1
34759.677,1,572017,200,143990,-1
34760.14,1,572389,200,143610,1
34760.145,2,572389,200,143610,1
34761.321,2,565581,100,143610,1
34761.425,1,573318,100,143610,1
34761.5,2,570737,200,143410,1
34761.613,1,573440,200,143410,1
34761.677,2,573440,200,143410,1
34762.157,1,573861,200,143510,1
34762.212,2,570192,800,143510,1
34762.268,2,568527,1200,143800,-1
34762.313,1,573947,1200,143900,-1
34762.34,1,573965,800,143510,1
34762.8,2,570600,800,143890,-1
34762.995,1,574394,800,143890,-1
34763.475,2,573861,200,143510,1
34763.79,1,574984,200,143410,1
34763.872,1,575046,200,143800,-1
34763.91,2,569845,500,143890,-1
34764.013,1,575191,500,143990,-1
34764.591,2,575046,200,143800,-1
34765.735,5,570116,1151,143780,-1
34765.735,5,574556,49,143780,-1
34765.864,2,574984,200,143410,1
34765.97,1,576800,200,143510,1
34766.092,1,576892,400,144000,-1
34766.128,2,572017,200,143990,-1
34766.678,5,576805,1000,143700,1
34766.832,2,484521,500,143990,-1
34766.834,2,456481,600,143510,1
34767.038,2,427875,200,143400,1
34767.34,2,573965,800,143510,1
34767.428,1,577921,4000,143800,-1
34767.546,1,578000,800,143510,1
34767.561,2,570388,600,143220,1
34767.69,2,380696,200,143210,1
34767.691,2,407530,800,143310,1
34767.723,1,578119,600,143220,1
34767.817,5,569641,300,143790,-1
34768.001,2,574394,800,143890,-1
34768.002,2,576800,200,143510,1
34768.101,2,570771,600,144180,-1
34768.193,1,578500,200,143990,-1
34768.222,1,578517,800,143890,-1
34768.288,1,578562,600,144180,-1
34768.519,5,570120,200,143790,-1
34768.732,1,578928,200,143510,1
34768.849,2,376254,400,143110,1
34768.999,2,577921,4000,143800,-1
34770.178,2,578928,200,143510,1
34770.456,1,580309,200,143410,1
34771.431,2,573318,100,143610,1
34771.503,5,581302,100,143760,-1
34771.503,5,581289,900,143780,-1
34771.625,1,581478,100,143610,1
34771.99,1,581754,100,71900,1
34772.132,2,580309,200,143410,1
34772.191,2,581754,100,71900,1
34772.22,1,581941,200,143510,1
34772.341,2,581941,200,143510,1
34772.551,2,578000,800,143510,1
34772.763,1,582365,1500,143420,1
34772.792,1,582392,200,143410,1
34772.875,1,582436,800,143510,1
34773.222,2,578517,800,143890,-1
34773.222,2,582392,200,143410,1
34773.356,1,582854,200,143510,1
34773.469,1,582943,800,143890,-1
34774.011,2,575191,500,143990,-1
34774.187,1,583566,500,143990,-1
34774.2,1,583582,200,143800,-1
34774.291,2,578500,200,143990,-1
34774.669,1,583968,4000,143800,-1
34775.261,2,583582,200,143800,-1
34776.387,1,585266,200,143790,-1
34777.322,5,582879,33,143710,1
34777.556,1,586216,800,143890,-1
34777.58,2,582854,200,143510,1
34777.721,2,578119,600,143220,1
34777.773,1,586517,200,143410,1
34777.882,2,582436,800,143510,1
34777.925,2,582365,1500,143420,1
34777.967,1,586708,600,143220,1
34777.992,2,578562,600,144180,-1
34778.052,2,586708,600,143220,1
34778.108,1,586832,800,143510,1
34778.259,2,583968,4000,143800,-1
34778.332,1,587003,200,143890,-1
34778.471,2,582943,800,143890,-1
34778.519,1,587164,600,144080,-1
34778.652,1,587290,800,143890,-1
34779.051,1,587720,600,143120,1
34780.193,2,585266,200,143790,-1
34780.499,5,581501,69,143630,1
34780.786,2,586517,200,143410,1
34781.631,2,581478,100,143610,1
34781.799,1,590174,200,143310,1
34781.8,2,587003,200,143890,-1
34781.828,1,590198,100,143610,1
34781.989,2,583566,500,143990,-1
34782.34,1,590630,200,143790,-1
34782.405,1,590675,500,143890,-1
34783.112,2,586832,800,143510,1
34783.264,2,590198,100,143610,1
34783.324,1,591455,800,143410,1
34783.399,1,591512,100,143510,1
34783.573,1,591599,1000,143700,-1
34783.651,2,587290,800,143890,-1
34783.794,5,590715,500,143660,1
34783.978,1,592046,800,143890,-1
34784.593,1,592646,600,143510,1
34785.303,5,576984,67,143620,1
34785.936,2,587720,600,143120,1
34785.939,2,587164,600,144080,-1
34785.964,1,594052,5000,143700,-1
34786.036,1,594125,600,143980,-1
34786.375,2,592046,800,143890,-1
34786.487,1,594428,800,143790,-1
34786.599,1,594509,600,143020,1
34787.028,5,591417,100,143620,1
34787.775,5,591417,14,143620,1
34788.322,2,591455,800,143410,1
34788.45,1,596211,800,143410,1
34788.46,2,482828,2300,143300,1
34788.463,1,596221,2300,143000,1
34788.511,5,591417,1000,143620,1
34788.76,1,596522,1500,143780,-1
34788.823,5,591417,17,143620,1
34788.823,5,595502,667,143610,1
34788.823,4,520425,116,143600,1
34788.867,2,590174,200,143310,1
34788.963,4,520425,22,143600,1
34789.152,2,590675,500,143890,-1
34789.591,2,594052,5000,143700,-1
34789.656,4,520425,862,143600,1
34790.849,2,594509,600,143020,1
34790.854,2,594125,600,143980,-1
34790.959,1,598827,600,143880,-1
34791.03,1,598883,200,143210,1
34791.207,1,598986,500,143890,-1
34791.491,2,594428,800,143790,-1
34791.53,1,599326,600,142920,1
34791.692,2,596522,1500,143780,-1
34791.804,1,599673,800,143790,-1
34791.874,2,590630,200,143790,-1
34791.932,1,599797,1500,143680,-1
34792.094,1,599923,200,143690,-1
34792.906,1,600729,308,146500,-1
34793.015,5,597555,41,143520,1
34793.402,2,591512,100,143510,1
34793.452,2,596211,800,143410,1
34793.554,1,601292,100,143510,1
34793.59,1,601332,800,143410,1
34793.769,2,598883,200,143210,1
34793.894,2,598986,500,143890,-1
34794.114,1,601871,500,143790,-1
34794.844,5,597555,43,143520,1
34795.952,5,597555,100,143520,1
34796.335,2,601332,800,143410,1
34796.569,1,604344,800,143310,1
34796.611,4,592646,600,143510,1
34796.611,4,601292,100,143510,1
34796.611,1,604404,300,143500,-1
34796.765,1,604617,500,143310,1
34796.803,2,599673,800,143790,-1
34796.846,1,604722,200,143110,1
34797.349,1,605173,3000,143500,-1
34798.697,2,599326,600,142920,1
34798.701,2,598827,600,143880,-1
34798.802,1,606576,600,143780,-1
34799.06,1,606727,800,143310,1
34799.349,1,606950,600,142820,1
34800.347,5,605571,300,143460,-1
34800.54,5,605571,2200,143460,-1
34800.54,5,605593,1000,143460,-1
34800.54,5,607821,1200,143480,-1
34800.54,5,604948,357,143490,-1
34800.54,5,605215,243,143490,-1
34800.918,1,608325,800,143690,-1
34801.262,1,608737,1150,143500,-1
34801.45,2,599923,200,143690,-1
34801.468,1,608923,200,143590,-1
34801.572,2,604344,800,143310,1
34801.652,2,608923,200,143590,-1
34801.684,1,609144,800,143310,1
34801.84,2,368784,3400,143200,1
34802.046,1,609502,200,143690,-1
34803.551,2,608325,800,143690,-1
34803.67,5,608570,2000,143490,-1
34803.67,4,604404,300,143500,-1
34803.67,4,605173,2700,143500,-1
34804.122,2,601871,500,143790,-1
34804.251,1,611460,500,143790,-1
34805.483,4,605173,300,143500,-1
34805.483,4,608737,1150,143500,-1
34806.397,2,606950,600,142820,1
34806.401,2,606576,600,143780,-1
34806.43,2,599797,1500,143680,-1
34806.64,2,322284,5000,143200,1
34806.682,2,609144,800,143310,1
34806.688,1,613591,600,143780,-1
34806.716,1,613619,800,143790,-1
34806.763,2,604617,500,143310,1
34806.852,2,604722,200,143110,1
34806.876,1,613777,1500,143680,-1
34806.924,1,613815,500,143310,1
34807.237,1,614007,600,142820,1
34807.26,1,614023,800,143310,1
34807.295,2,614007,600,142820,1
34807.299,2,613591,600,143780,-1
34807.305,2,613777,1500,143680,-1
34807.48,1,614180,200,143110,1
34807.638,1,614331,1500,143680,-1
34807.819,1,614518,600,143780,-1
34808.001,5,613533,1000,143510,1
34808.048,2,614518,600,143780,-1
34808.2,2,614331,1500,143680,-1
34808.455,2,591599,1000,143700,-1
34808.456,1,615051,600,143880,-1
34808.577,1,615173,1000,143410,1
34808.591,1,615190,1500,143780,-1
34808.964,1,615555,600,142920,1
34809.561,2,615173,1000,143410,1
34811.723,2,613619,800,143790,-1
34811.854,1,618181,800,143790,-1
34812.052,2,609502,200,143690,-1
34812.07,2,614180,200,143110,1
34812.14,1,618428,200,143690,-1
34812.263,2,614023,800,143310,1
34812.401,1,618634,800,143310,1
34812.577,1,618783,1000,143410,1
34812.677,1,618900,200,143210,1
34813.055,2,618900,200,143210,1
34813.248,1,619458,200,143110,1
34814.253,2,611460,500,143790,-1
34814.403,2,619458,200,143110,1
34814.427,1,620454,500,143790,-1
34814.445,2,615555,600,142920,1
34814.447,2,615051,600,143880,-1
34814.556,1,620551,600,143980,-1
34814.646,1,620640,200,143210,1
34814.706,1,620715,400,143690,-1
34815.098,1,621051,600,143020,1
34815.214,5,614647,300,143600,-1
34815.214,5,621031,700,143600,-1
34816.0,2,618428,200,143690,-1
34816.004,1,621880,200,143790,-1
34816.124,1,622007,100,71800,1
34816.3,2,620715,400,143690,-1
34816.326,2,622007,100,71800,1
34816.852,2,618181,800,143790,-1
34816.923,2,613815,500,143310,1
34816.972,1,622629,200,143670,-1
34816.998,1,622656,800,143790,-1
34817.081,1,622723,500,143310,1
34817.402,2,618634,800,143310,1
34817.541,1,623107,800,143310,1
34818.116,2,620551,600,143980,-1
34818.133,2,621051,600,143020,1
34818.208,2,621880,200,143790,-1
34818.214,1,623699,600,143880,-1
34818.223,2,622629,200,143670,-1
34818.321,1,623812,200,143690,-1
34818.713,2,623812,200,143690,-1
34818.722,1,624186,600,142920,1
34818.907,1,624350,200,143790,-1
34819.008,1,624444,200,143670,-1
34819.643,2,622656,800,143790,-1
34819.776,1,625179,800,143690,-1
34821.213,2,622723,500,143310,1
34821.268,1,626391,600,143790,-1
34821.347,1,626458,500,143210,1
34822.542,2,623107,800,143310,1
34822.741,2,620454,500,143790,-1
34822.913,1,627795,500,143690,-1
34822.948,2,624350,200,143790,-1
34823.186,2,624444,200,143670,-1
34823.249,1,628094,200,143690,-1
34824.119,2,620640,200,143210,1
34824.782,2,625179,800,143690,-1
34824.875,1,629615,800,143690,-1
34828.213,2,623699,600,143880,-1
34828.378,1,632382,600,143880,-1
34828.496,2,576892,400,144000,-1
34828.723,2,624186,600,142920,1
34828.946,1,632873,600,142920,1
34829.15,2,615190,1500,143780,-1
34829.37,1,633270,1500,143680,-1
34829.795,1,633678,2000,143600,-1
34829.872,2,629615,800,143690,-1
34829.942,1,633795,2000,143700,-1
34830.009,1,633842,800,143690,-1
34830.108,5,633748,600,143560,-1
34830.124,5,633748,400,143560,-1
34830.368,2,633270,1500,143680,-1
34830.592,1,634267,1500,143680,-1
34830.815,2,634267,1500,143680,-1
34831.206,5,633748,600,143560,-1
34831.343,2,626458,500,143210,1
34831.378,1,634905,2500,143800,-1
34831.591,1,635089,500,143210,1
34832.187,1,635645,4840,142800,1
34832.194,1,635647,4840,143800,-1
34832.703,5,618810,51,143430,1
34832.797,2,632873,600,142920,1
34832.799,2,632382,600,143880,-1
34832.914,2,627795,500,143690,-1
34832.963,1,636377,600,143880,-1
34833.086,2,586216,800,143890,-1
34833.14,1,636543,500,143690,-1
34833.253,2,628094,200,143690,-1
34833.329,1,636709,1500,143680,-1
34833.335,1,636712,200,143590,-1
34833.466,1,636833,1000,144600,-1
34833.585,2,636377,600,143880,-1
34833.588,1,636960,600,142920,1
34833.708,2,636960,600,142920,1
34834.104,1,637530,600,143780,-1
34834.644,1,637968,600,142820,1
34834.991,5,637786,1000,143560,-1
34834.991,5,637851,200,143570,-1
34835.013,2,633842,800,143690,-1
34835.15,1,638450,800,143690,-1
34835.158,5,637851,200,143570,-1
34835.48,5,638590,100,143570,-1
34835.48,4,636712,200,143590,-1
34835.587,5,638718,300,143590,-1
34835.591,5,638718,284,143590,-1
34835.591,4,633678,2000,143600,-1
34835.591,1,638788,716,143610,1
34835.635,2,635645,4840,142800,1
34835.753,1,638936,200,143310,1
34835.76,1,638944,4840,142700,1
34835.885,2,637968,600,142820,1
34835.887,2,637530,600,143780,-1
34836.007,1,639148,600,143880,-1
34836.3,1,639412,200,143690,-1
34836.335,2,636709,1500,143680,-1
34836.536,2,638936,200,143310,1
34836.551,1,639594,600,142920,1
34836.846,2,636543,500,143690,-1
34836.873,1,639953,200,143410,1
34836.911,1,639983,100,143600,1
34837.067,1,640137,200,143680,-1
34837.067,1,640138,500,143790,-1
34837.662,5,640238,105,143620,1
34837.662,4,638788,716,143610,1
34837.662,4,639983,100,143600,1
34837.776,1,640649,800,143310,1
34838.411,2,639594,600,142920,1
34838.416,2,639148,600,143880,-1
34838.484,1,641204,600,143980,-1
34838.701,2,639953,200,143410,1
34838.707,2,639412,200,143690,-1
34838.773,2,638944,4840,142700,1
34838.781,2,635647,4840,143800,-1
34838.927,1,641684,200,143510,1
34838.936,1,641694,4840,142800,1
34838.943,1,641699,4840,143900,-1
34838.997,2,640137,200,143680,-1
34839.027,1,641774,100,143600,1
34839.074,1,641818,600,143020,1
34839.159,2,635089,500,143210,1
34839.254,1,641992,500,143310,1
34839.497,1,642214,200,143690,-1
34839.604,1,642321,200,143790,-1
34839.75,2,638450,800,143690,-1
34839.854,1,642563,800,143790,-1
34840.977,1,643874,5000,143600,1
34841.267,2,641684,200,143510,1
34841.273,1,644148,200,143410,1
34841.333,1,644226,200,143680,-1
34841.414,2,642214,200,143690,-1
34841.958,1,644741,1500,143700,-1
34842.774,2,640649,800,143310,1
34842.974,2,644148,200,143410,1
34843.025,1,645826,800,143310,1
34843.073,1,645870,200,143510,1
34843.274,2,645870,200,143510,1
34843.654,1,646430,200,143510,1
34844.853,2,642563,800,143790,-1
34845.214,1,647760,800,143790,-1
34845.275,2,644226,200,143680,-1
34845.284,5,642163,900,143680,-1
34845.284,4,633795,1300,143700,-1
34847.073,2,640138,500,143790,-1
34847.193,1,649464,500,143790,-1
34847.79,2,643874,5000,143600,1
34848.023,2,645826,800,143310,1
34848.062,2,647760,800,143790,-1
34848.175,1,650298,800,143690,-1
34848.483,2,641204,600,143980,-1
34848.601,2,650298,800,143690,-1
34848.633,1,650622,600,143980,-1
34848.714,1,650703,800,143790,-1
34848.913,5,645600,400,143620,1
34849.054,1,650950,1400,143000,1
34849.073,2,641818,600,143020,1
34849.253,2,641992,500,143310,1
34849.283,1,651132,600,143020,1
34849.363,1,651185,500,143310,1
34849.482,5,650878,451,143680,-1
34849.482,5,647943,649,143690,-1
34849.603,2,642321,200,143790,-1
34849.989,1,651702,200,143790,-1
34850.35,1,651985,1500,143780,-1
34850.506,2,641694,4840,142800,1
34850.508,2,641699,4840,143900,-1
34850.569,1,652118,4840,142700,1
34850.623,1,652164,4840,143800,-1
34850.709,2,651985,1500,143780,-1
34850.948,2,652118,4840,142700,1
34850.974,2,652164,4840,143800,-1
34851.003,1,652533,4840,142800,1
34851.03,1,652554,4840,143900,-1
34851.694,1,653177,1500,143780,-1
34851.702,2,641774,100,143600,1
34851.783,1,653285,800,143310,1
34851.793,2,652533,4840,142800,1
34851.859,1,653349,4840,142700,1
34852.004,1,653476,300,143700,-1
34852.524,2,653177,1500,143780,-1
34852.97,1,654202,1975,143700,-1
34853.654,2,646430,200,143510,1
34853.713,2,650703,800,143790,-1
34853.805,1,654888,200,143510,1
34853.856,1,654929,800,143790,-1
34853.879,1,654951,2000,143700,-1
34854.125,2,651702,200,143790,-1
34854.199,2,649464,500,143790,-1
34854.214,2,653349,4840,142700,1
34854.271,1,655279,4840,142800,1
34854.486,1,655423,500,143890,-1
34854.524,1,655441,200,143890,-1
34855.292,2,652554,4840,143900,-1
34855.364,1,656123,4840,144000,-1
34855.53,4,633795,100,143700,-1
34855.579,2,655441,200,143890,-1
34855.586,1,656260,100,143790,-1
34855.793,5,656265,1000,143650,1
34855.793,5,651617,2400,143600,1
34856.137,2,618783,1000,143410,1
34856.521,2,651132,600,143020,1
34856.524,2,650622,600,143980,-1
34856.566,1,657084,200,143690,-1
34856.582,1,657102,600,143880,-1
34856.595,2,655279,4840,142800,1
34856.65,2,655423,500,143890,-1
34856.653,1,657174,4840,142700,1
34856.733,1,657268,500,143790,-1
34856.75,2,656123,4840,144000,-1
34856.784,2,653285,800,143310,1
34856.844,2,657084,200,143690,-1
34856.848,1,657351,200,143680,-1
34856.915,1,657415,800,143310,1
34856.999,1,657479,4840,143900,-1
34857.022,2,654888,200,143510,1
34857.07,5,657358,500,143630,-1
34857.07,5,657536,1100,143640,-1
34857.07,5,657452,1000,143670,-1
34857.07,5,657501,800,143670,-1
34857.121,2,425403,3000,143300,1
34857.166,1,657609,600,142920,1
34857.187,2,657351,200,143680,-1
34857.275,1,657723,200,143410,1
34857.296,1,657749,1500,143220,1
34857.399,2,657174,4840,142700,1
34857.402,2,657479,4840,143900,-1
34857.458,1,657875,4840,142800,1
34857.463,1,657879,4840,144000,-1
34857.575,2,657723,200,143410,1
34857.588,5,657689,1000,143660,-1
34857.588,5,657695,1000,143660,-1
34857.588,5,657700,1400,143660,-1
34857.588,5,657501,200,143670,-1
34857.588,4,633795,600,143700,-1
34857.588,4,644741,200,143700,-1
34857.664,1,658109,200,143680,-1
34857.741,2,658109,200,143680,-1
34857.853,2,657875,4840,142800,1
34857.87,2,657879,4840,144000,-1
34857.895,1,658360,200,143510,1
34857.909,1,658373,200,143680,-1
34857.923,1,658385,4840,142700,1
34857.935,1,658396,4840,143900,-1
34857.984,2,657268,500,143790,-1
34858.18,2,658373,200,143680,-1
34858.227,1,658581,500,143890,-1
34858.336,1,658672,3000,142800,1
34858.651,2,658385,4840,142700,1
34858.655,2,658396,4840,143900,-1
34858.708,1,659039,4840,142800,1
34858.719,1,659055,4840,144000,-1
34858.853,2,654929,800,143790,-1
34859.004,2,657415,800,143310,1
34859.104,1,659409,800,143790,-1
34859.178,1,659466,200,143700,-1
34859.18,2,657609,600,142920,1
34859.185,2,657102,600,143880,-1
34859.206,2,656260,100,143790,-1
34859.302,1,659560,600,143980,-1
34859.363,2,651185,500,143310,1
34859.463,1,659700,500,143310,1
34859.667,1,659863,800,143410,1
34859.716,5,658378,500,143530,1
34859.723,5,658378,500,143530,1
34859.928,1,660079,200,143790,-1
34859.93,1,660081,600,143020,1
34860.069,5,658378,200,143530,1
34860.069,5,658379,600,143520,1
34860.069,5,658945,100,143520,1
34860.082,2,658581,500,143890,-1
34860.15,1,660270,500,143790,-1
34860.271,2,659466,200,143700,-1
34860.324,2,658360,200,143510,1
34860.327,2,660079,200,143790,-1
34860.63,1,660637,200,143410,1
34860.966,1,660915,100,71800,1
34861.101,1,661007,200,143690,-1
34861.164,2,660915,100,71800,1
34861.288,2,659700,500,143310,1
34861.64,1,661415,500,143210,1
34862.803,2,657749,1500,143220,1
34863.608,2,660081,600,143020,1
34863.61,2,659560,600,143980,-1
34863.711,1,663082,600,143880,-1
34864.104,2,659409,800,143790,-1
34864.243,1,663529,800,143790,-1
34864.255,1,663536,600,142920,1
34864.664,2,659863,800,143410,1
34864.791,1,664008,800,143410,1
34865.111,1,664230,100,140000,1
34866.108,1,664971,6000,143600,-1
34866.664,2,664008,800,143410,1
34866.774,1,665522,800,143310,1
34866.865,2,665522,800,143310,1
34867.322,1,665980,800,143410,1
34867.637,2,455678,5000,144000,-1
34867.996,2,661415,500,143210,1
34868.14,1,666824,500,143310,1
34869.244,2,663529,800,143790,-1
34869.283,5,666065,500,143530,1
34869.546,1,667988,800,143790,-1
34869.971,2,665980,800,143410,1
34869.974,2,667988,800,143790,-1
34870.103,2,660270,500,143790,-1
34870.26,1,668614,500,143790,-1
34870.33,5,668496,200,143500,1
34870.403,1,668723,200,143690,-1
34870.429,2,668614,500,143790,-1
34870.461,2,661007,200,143690,-1
34870.519,5,668496,800,143500,1
34870.587,1,668843,200,143790,-1
34870.634,2,660637,200,143410,1
34870.761,1,669013,1500,143120,1
34870.766,1,669016,500,143890,-1
34870.799,5,668869,1000,143510,1
34870.945,1,669182,800,143310,1
34871.171,1,669383,200,143410,1
34871.452,1,669613,1000,143600,-1
34871.489,2,669016,500,143890,-1
34871.587,2,663536,600,142920,1
34871.59,2,663082,600,143880,-1
34871.697,1,669854,600,143020,1
34871.805,2,669854,600,143020,1
34871.913,1,670062,500,143790,-1
34872.249,1,670293,600,143880,-1
34872.586,2,668843,200,143790,-1
34872.611,2,668723,200,143690,-1
34872.73,1,670771,100,143690,-1
34872.786,1,670812,600,142920,1
34872.808,1,670829,200,143590,-1
34873.075,2,664971,6000,143600,-1
34873.945,1,671735,200,143600,-1
34874.549,2,670812,600,142920,1
34874.553,2,670293,600,143880,-1
34874.603,1,672185,600,143020,1
34874.642,2,659055,4840,144000,-1
34874.71,1,672306,4840,144100,-1
34874.716,2,669383,200,143410,1
34874.723,2,670771,100,143690,-1
34875.004,1,672552,200,143510,1
34875.138,1,672661,600,143980,-1
34875.201,2,669613,1000,143600,-1
34875.238,1,672742,200,143500,1
34875.397,2,672742,200,143500,1
34875.703,1,673124,200,143790,-1
34875.783,1,673213,2500,150000,-1
34875.794,2,670062,500,143790,-1
34875.944,2,669182,800,143310,1
34875.989,1,673380,500,143790,-1
34876.088,1,673470,800,143310,1
34877.139,5,670839,400,143570,-1
34877.158,5,670839,400,143570,-1
34877.178,5,670839,400,143570,-1
34877.207,4,670829,200,143590,-1
34877.207,4,671735,200,143600,-1
34877.235,5,660351,400,143600,-1
34877.252,2,672185,600,143020,1
34877.255,2,672661,600,143980,-1
34877.311,1,674401,600,143120,1
34877.32,2,669013,1500,143120,1
34877.401,1,674481,800,143790,-1
34877.465,2,672552,200,143510,1
34877.472,2,673124,200,143790,-1
34877.538,2,673380,500,143790,-1
34877.551,1,674621,1000,143510,1
34877.57,1,674640,200,143510,1
34877.597,2,659039,4840,142800,1
34877.617,2,672306,4840,144100,-1
34877.677,1,674778,4840,142900,1
34877.684,1,674785,500,143890,-1
34877.692,1,674800,4840,144200,-1
34877.806,1,674938,600,144080,-1
34877.976,1,675076,200,143610,1
34878.144,2,666824,500,143310,1
34878.152,2,674401,600,143120,1
34878.31,2,675076,200,143610,1
34878.334,1,675390,500,143310,1
34878.362,1,675422,1000,143510,1
34878.37,2,673470,800,143310,1
34878.394,2,674938,600,144080,-1
34878.398,1,675456,600,143980,-1
34878.401,2,674640,200,143510,1
34878.49,2,674778,4840,142900,1
34878.493,1,675528,800,143410,1
34878.539,2,674800,4840,144200,-1
34878.546,1,675572,4840,142800,1
34878.568,2,675456,600,143980,-1
34878.619,1,675656,4840,144100,-1
34878.633,1,675670,200,143510,1
34878.976,1,676001,600,143120,1
34879.023,1,676039,200,143790,-1
34879.215,1,676223,200,143600,1
34879.399,2,676223,200,143600,1
34879.529,1,676537,600,144080,-1
34879.597,2,674621,1000,143510,1
34879.743,2,675422,1000,143510,1
34880.111,5,676960,600,143620,1
34880.111,5,676773,400,143550,1
34880.131,1,677052,200,143600,1
34880.149,2,675670,200,143510,1
34880.15,2,676039,200,143790,-1
34880.459,1,677326,200,143610,1
34880.695,1,677524,3000,143600,1
34880.757,1,677581,200,143610,1
34880.835,2,677052,200,143600,1
34881.029,1,677777,200,143890,-1
34881.588,2,676001,600,143120,1
34881.592,2,676537,600,144080,-1
34881.597,1,678217,600,144180,-1
34881.981,1,678617,200,143630,1
34882.07,2,675572,4840,142800,1
34882.078,2,677581,200,143610,1
34882.111,1,678760,600,143220,1
34882.128,1,678778,4840,142900,1
34882.138,2,675656,4840,144100,-1
34882.27,1,678886,200,143700,-1
34882.37,1,678961,4840,144200,-1
34882.404,2,674481,800,143790,-1
34882.66,1,679178,800,143790,-1
34883.495,2,675528,800,143410,1
34883.635,1,679965,800,143410,1
34883.897,2,678778,4840,142900,1
34883.906,2,678961,4840,144200,-1
34884.008,1,680320,4840,142800,1
34884.012,1,680327,4840,144100,-1
34884.129,1,680424,200,143800,-1
34884.39,2,678617,200,143630,1
34884.478,2,680327,4840,144100,-1
34884.533,1,680733,4840,144200,-1
34884.562,2,168714,130,146500,-1
34884.862,5,678861,1000,143640,1
34884.948,2,680733,4840,144200,-1
34885.004,1,681159,4840,144100,-1
34886.127,2,677326,200,143610,1
34886.129,2,677777,200,143890,-1
34886.225,5,681740,200,143680,-1
34886.388,2,679965,800,143410,1
34886.475,1,682506,200,143600,1
34886.477,1,682507,800,143310,1
34887.043,1,683054,200,143310,1
34887.208,2,682506,200,143600,1
34887.287,2,683054,200,143310,1
34887.509,1,683446,200,143410,1
34887.664,2,679178,800,143790,-1
34887.685,2,674785,500,143890,-1
34887.827,5,677121,200,143630,1
34887.9,1,683847,800,143790,-1
34888.093,1,684027,500,143890,-1
34888.152,1,684095,200,143990,-1
34888.335,2,675390,500,143310,1
34888.557,2,677524,3000,143600,1
34888.912,1,684814,500,143310,1
34888.976,2,678760,600,143220,1
34888.979,2,678217,600,144180,-1
34889.081,1,684956,600,144080,-1
34889.137,2,683446,200,143410,1
34889.261,1,685100,1500,143220,1
34889.32,1,685171,200,143310,1
34889.577,1,685407,1000,143410,1
34889.646,1,685474,600,143120,1
34890.008,1,685840,420,144000,-1
34890.107,2,684095,200,143990,-1
34890.219,1,686025,200,143890,-1
34891.343,2,685474,600,143120,1
34891.346,2,684956,600,144080,-1
34891.451,1,687032,600,143980,-1
34891.475,2,682507,800,143310,1
34891.617,1,687189,800,143310,1
34892.021,1,687504,600,143020,1
34892.711,2,684027,500,143890,-1
34892.906,2,683847,800,143790,-1
34892.961,1,688393,500,143790,-1
34893.04,1,688455,800,143790,-1
34893.352,2,684814,500,143310,1
34893.354,2,636833,1000,144600,-1
34893.446,2,685100,1500,143220,1
34893.715,1,689137,500,143210,1
34894.5,5,689277,500,143600,-1
34894.888,2,681159,4840,144100,-1
34894.918,2,685407,1000,143410,1
34894.947,1,690338,4840,144000,-1
34895.494,5,690437,800,143590,-1
34895.494,5,689277,200,143600,-1
34895.554,5,689277,300,143600,-1
34896.304,1,691710,800,143600,-1
34896.308,2,573947,1200,143900,-1
34896.621,2,687189,800,143310,1
34896.758,1,692170,800,143310,1
34898.045,2,688455,800,143790,-1
34898.187,1,693388,800,143790,-1
34899.02,2,685171,200,143310,1
34899.066,1,694138,200,143210,1
