34200.191,1,189293,75,138600,1
34200.386,5,189298,22,138650,1
34200.389,1,189436,74,100000,1
34202.555,2,157287,680,138500,1
34204.04,1,191468,150,138700,-1
34204.419,1,191625,680,138600,1
34204.76,4,191468,150,138700,-1
34206.252,5,191975,478,138650,1
34206.252,5,191630,222,138620,1
34206.771,5,191630,700,138620,1
34207.724,5,189299,500,138810,-1
34207.724,5,189442,22,138810,-1
34207.724,5,192749,478,138810,-1
34211.537,1,195732,150,138800,-1
34211.71,5,195739,600,138780,-1
34212.42,1,196202,1800,138700,-1
34212.461,5,196218,322,138680,-1
34212.461,4,196202,1478,138700,-1
34212.54,4,196202,100,138700,-1
34212.667,4,196202,222,138700,-1
34212.945,5,196336,600,138790,-1
34212.945,4,195732,150,138800,-1
34213.166,2,188519,1400,138070,1
34213.169,2,188521,1400,138860,-1
34213.206,1,196655,1000,138990,-1
34213.207,1,196656,1400,138000,1
34213.211,1,196658,1400,138790,-1
34213.253,2,196656,1400,138000,1
34213.255,2,196658,1400,138790,-1
34213.302,1,196715,1400,138070,1
34213.302,2,196655,1000,138990,-1
34213.306,1,196718,1400,138860,-1
34213.91,2,196715,1400,138070,1
34213.913,2,196718,1400,138860,-1
34213.957,1,197123,1400,138000,1
34213.96,1,197124,1400,138790,-1
34214.009,1,197149,2000,138800,-1
34214.841,2,197123,1400,138000,1
34214.844,2,197124,1400,138790,-1
34214.879,1,197664,1400,138070,1
34214.881,1,197665,1400,138860,-1
34215.227,2,197665,1400,138860,-1
34215.477,2,197664,1400,138070,1
34215.515,1,198007,1400,138420,1
34216.001,4,197149,1000,138800,-1
34216.659,2,198007,1400,138420,1
34216.662,1,198727,1400,138790,-1
34216.705,1,198772,1400,138350,1
34216.787,2,198772,1400,138350,1
34216.791,2,198727,1400,138790,-1
34216.828,1,198846,1400,138420,1
34216.831,1,198850,1400,138860,-1
34217.133,2,198846,1400,138420,1
34217.171,1,199050,1400,138350,1
34217.196,2,198850,1400,138860,-1
34217.235,1,199122,1400,138790,-1
34218.12,4,199122,300,138790,-1
34218.638,2,199050,1400,138350,1
34218.641,2,199122,1100,138790,-1
34218.874,4,197149,200,138800,-1
34220.576,5,199962,150,138750,1
34220.978,4,197149,800,138800,-1
34221.408,1,201330,1400,138280,1
34221.517,2,201330,1400,138280,1
34221.556,1,201405,1400,138350,1
34222.361,1,201758,7000,138700,1
34223.518,2,201405,1400,138350,1
34223.52,5,201135,350,138750,1
34223.52,5,201761,1050,138720,1
34223.559,1,202327,1400,138280,1
34223.581,1,202341,1400,138900,-1
34223.616,5,202354,1050,138880,-1
34223.616,4,202341,350,138900,-1
34223.628,4,202341,1050,138900,-1
34223.628,5,202342,350,138900,-1
34223.949,2,202327,1400,138280,1
34223.98,5,202342,1150,138900,-1
34223.98,5,200909,150,138940,-1
34223.98,5,202309,350,138940,-1
34223.98,5,196679,1350,138990,-1
34224.161,5,202561,500,138850,1
34224.161,1,202641,900,138790,-1
34224.208,4,202641,900,138790,-1
34224.514,1,202783,3500,138820,1
34225.452,5,203114,500,138950,-1
34225.452,5,196679,3650,138990,-1
34225.452,4,151828,850,139000,-1
34225.471,4,151828,1400,139000,-1
34225.726,1,203314,1400,138350,1
34225.748,2,203314,1400,138350,1
34225.857,4,151828,750,139000,-1
34225.891,2,180788,2300,139900,-1
34225.899,1,203412,2300,140400,-1
34225.928,1,203431,1000,139390,-1
34225.95,1,203441,1400,138280,1
34225.997,5,203426,500,138950,1
34225.997,5,203404,900,138870,1
34226.181,2,203441,1400,138280,1
34226.349,1,203582,1400,139080,-1
34226.395,1,203612,1400,138350,1
34226.398,2,203582,1400,139080,-1
34226.437,1,203639,1400,139150,-1
34226.455,2,203612,1400,138350,1
34226.456,2,203639,1400,139150,-1
34227.248,1,204182,1400,139220,-1
34227.27,1,204201,2400,139700,-1
34227.272,1,204202,2400,138000,1
34227.512,1,204369,1400,138420,1
34227.688,2,204369,1400,138420,1
34227.69,2,204182,1400,139220,-1
34227.825,1,204608,1400,138350,1
34227.838,1,204615,1400,139150,-1
34228.066,5,204637,900,139130,-1
34228.066,4,204615,500,139150,-1
34228.759,1,205045,3500,139020,1
34228.93,2,204608,1400,138350,1
34228.931,2,204615,900,139150,-1
34228.969,1,205149,1400,138420,1
34228.973,1,205152,1400,139220,-1
34229.113,2,202783,3500,138820,1
34229.55,5,205049,150,139040,1
34229.86,2,204201,2400,139700,-1
34229.863,1,205582,2400,140900,-1
34230.65,2,205149,1400,138420,1
34230.653,2,205152,1400,139220,-1
34230.69,1,205912,1400,138350,1
34230.698,1,205919,1400,139150,-1
34230.894,2,205045,3500,139020,1
34231.053,1,206085,1000,138710,1
34231.065,1,206091,500,138800,1
34231.176,2,206085,1000,138710,1
34231.208,1,206167,1000,138810,1
34231.788,2,205912,1400,138350,1
34231.789,2,205919,1400,139150,-1
34231.826,1,206468,1400,138420,1
34231.829,1,206470,1400,139220,-1
34232.629,1,206863,2000,139100,1
34232.946,1,207046,600,139280,-1
34233.495,1,207308,600,138320,1
34233.549,2,201758,7000,138700,1
34233.973,2,206468,1400,138420,1
34233.974,2,206470,1400,139220,-1
34233.988,2,207308,600,138320,1
34233.99,2,207046,600,139280,-1
34234.013,1,207616,1400,138500,1
34234.015,1,207618,1400,139290,-1
34234.058,1,207654,600,139380,-1
34234.589,1,207925,600,138420,1
34237.918,2,206863,2000,139100,1
34238.148,2,207618,1400,139290,-1
34238.15,2,207925,600,138420,1
34238.155,2,207654,600,139380,-1
34238.199,1,209805,600,139480,-1
34238.228,1,209827,1400,139360,-1
34238.237,2,207616,1400,138500,1
34238.281,1,209864,1400,138570,1
34238.568,1,210019,150,139100,-1
34238.748,1,210142,600,138520,1
34238.75,2,206091,500,138800,1
34238.916,2,210142,600,138520,1
34238.921,2,209805,600,139480,-1
34238.955,2,209864,1400,138570,1
34238.994,1,210262,1400,138500,1
34239.148,2,210262,1400,138500,1
34239.187,1,210359,1400,138570,1
34239.293,1,210393,600,139480,-1
34239.349,2,210393,600,139480,-1
34239.842,1,210647,600,139380,-1
34239.866,2,210359,1400,138570,1
34239.87,2,209827,1400,139360,-1
34239.905,1,210682,1400,138500,1
34239.909,1,210685,1400,139290,-1
34239.996,5,210028,150,139080,-1
34239.996,5,210624,1850,139090,-1
34240.371,1,210864,300,138500,1
34240.386,1,210872,600,138420,1
34242.102,4,210019,150,139100,-1
34242.102,1,211622,1350,139100,1
34242.497,2,211622,1350,139100,1
34245.449,2,210682,1400,138500,1
34245.45,2,210685,1400,139290,-1
34245.483,1,213109,2000,139000,1
34245.487,1,213114,1400,138420,1
34245.491,1,213117,1400,139220,-1
34245.495,2,210872,600,138420,1
34245.497,2,210647,600,139380,-1
34245.502,1,213124,600,139280,-1
34245.633,2,213124,600,139280,-1
34246.091,1,213452,600,139380,-1
34246.416,2,213114,1400,138420,1
34246.418,2,213117,1400,139220,-1
34246.458,1,213617,1400,138500,1
34246.461,1,213619,1400,139290,-1
34246.472,2,203431,1000,139390,-1
34246.505,1,213638,1000,139370,-1
34246.669,1,213722,600,138420,1
34246.696,2,185726,1000,137500,1
34247.567,5,213131,150,139020,1
34247.997,2,213722,600,138420,1
34247.999,2,213452,600,139380,-1
34248.107,1,214365,600,139480,-1
34248.639,1,214535,600,138520,1
34248.67,2,213109,2000,139000,1
34249.456,2,213638,1000,139370,-1
34250.498,2,214535,600,138520,1
34250.501,2,214365,600,139480,-1
34250.622,1,215421,600,139380,-1
34250.97,1,215606,200,139200,-1
34251.183,1,215725,600,138420,1
34253.035,2,213617,1400,138500,1
34253.037,2,213619,1400,139290,-1
34253.1,1,216689,1400,138570,1
34253.103,1,216690,1400,139360,-1
34253.77,2,216689,1400,138570,1
34253.772,2,216690,1400,139360,-1
34253.809,1,217144,1400,138500,1
34253.814,1,217148,1400,139290,-1
34255.241,1,217823,1400,139100,1
34255.732,5,215616,150,139180,-1
34255.732,5,218004,1050,139190,-1
34256.581,4,217823,150,139100,1
34256.61,2,215421,600,139380,-1
34256.612,2,215725,600,138420,1
34256.732,1,218503,600,139480,-1
34257.191,2,217823,1250,139100,1
34257.276,1,218723,600,138520,1
34257.827,2,218723,600,138520,1
34257.828,2,218503,600,139480,-1
34257.933,1,219020,600,139380,-1
34258.479,1,219249,600,138420,1
34259.398,4,215606,200,139200,-1
34259.6,2,217144,1400,138500,1
34259.602,2,217148,1400,139290,-1
34259.66,1,219806,1400,138570,1
34259.662,1,219808,1400,139360,-1
34260.992,2,219806,1400,138570,1
34260.994,2,219808,1400,139360,-1
34261.03,1,220466,1400,138500,1
34261.041,1,220480,1400,139290,-1
34262.736,2,220466,1400,138500,1
34262.774,1,221267,1400,138850,1
34262.832,2,206167,1000,138810,1
34262.863,1,221312,1000,138860,1
34263.927,1,221801,1000,139000,1
34263.946,2,219249,600,138420,1
34263.948,2,219020,600,139380,-1
34264.025,1,221846,600,139480,-1
34264.34,1,221950,5000,139100,1
34264.606,1,222031,600,138520,1
34265.177,1,222286,300,127100,1
34265.59,1,222436,150,139300,-1
34267.678,5,221222,500,139270,-1
34267.678,4,220480,1400,139290,-1
34267.678,4,222436,150,139300,-1
34267.962,2,221267,1400,138850,1
34268.042,5,221957,1200,139120,1
34268.042,5,223412,300,139120,1
34268.229,1,223569,1400,139650,-1
34268.667,5,223347,500,139350,-1
34268.667,5,219712,100,139370,-1
34268.667,5,219838,5000,139370,-1
34268.667,5,219843,4400,139370,-1
34268.679,5,219843,600,139370,-1
34268.679,5,219853,2400,139370,-1
34268.733,5,219853,1550,139370,-1
34268.733,5,223502,1200,139380,-1
34268.733,4,26794,1000,139400,-1
34268.733,4,154477,2000,139400,-1
34269.131,1,224024,1400,138920,1
34269.133,2,223569,1400,139650,-1
34269.166,2,222031,600,138520,1
34269.168,2,221846,600,139480,-1
34269.171,1,224047,1400,139720,-1
34269.176,1,224054,600,139580,-1
34269.731,5,223939,300,139380,-1
34269.739,1,224384,600,138620,1
34270.335,5,224136,500,139250,1
34270.335,5,224164,1000,139140,1
34270.335,5,223849,500,139120,1
34270.442,2,221312,1000,138860,1
34270.471,1,224766,1000,139110,1
34270.592,1,224823,900,139400,1
34270.858,1,225006,2000,139300,1
34271.875,1,225507,1000,139300,1
34271.884,1,225516,770,135000,1
34272.105,4,49772,850,139500,-1
34274.139,2,225006,2000,139300,1
34274.813,5,225014,150,139420,1
34275.822,1,227391,1000,139400,1
34276.225,2,224024,1400,138920,1
34276.227,2,224047,1400,139720,-1
34276.273,1,227579,1400,138850,1
34276.276,1,227582,1400,139650,-1
34277.545,2,189293,75,138600,1
34277.577,2,224823,900,139400,1
34277.639,1,228275,75,139400,1
34279.173,2,224054,600,139580,-1
34279.301,1,229120,600,139580,-1
34279.743,2,224384,600,138620,1
34279.871,1,229434,600,138620,1
34280.446,1,229683,700,139500,1
34281.633,4,229683,300,139500,1
34281.753,4,229683,300,139500,1
34281.761,1,230338,1500,139880,-1
34281.817,2,227579,1400,138850,1
34281.819,2,227582,1400,139650,-1
34281.849,5,230368,550,139520,1
34281.849,4,229683,100,139500,1
34281.849,4,227391,1000,139400,1
34281.849,4,228275,75,139400,1
34281.849,5,226018,275,139320,1
34281.86,1,230397,1400,138780,1
34281.864,1,230399,1400,139580,-1
34281.91,1,230437,3500,139400,-1
34281.916,2,230338,1500,139880,-1
34282.0,2,225507,1000,139300,1
34282.075,5,230445,1200,139380,-1
34282.075,4,230437,2300,139400,-1
34282.272,5,230622,1200,139390,-1
34282.28,5,230622,3500,139390,-1
34282.302,5,230622,300,139390,-1
34282.302,4,230437,1200,139400,-1
34282.365,1,230687,1500,139120,1
34282.457,2,224766,1000,139110,1
34282.487,1,230765,1000,139130,1
34282.565,2,230765,1000,139130,1
34282.918,1,231047,1500,139780,-1
34282.933,1,231061,150,139400,-1
34282.964,4,231061,150,139400,-1
34283.926,2,229434,600,138620,1
34283.929,2,229120,600,139580,-1
34284.033,1,231638,600,139480,-1
34284.31,2,231638,600,139480,-1
34284.578,1,231861,600,139580,-1
34285.01,2,191625,680,138600,1
34285.122,1,232143,600,138620,1
34285.274,2,232143,600,138620,1
34285.279,2,231861,600,139580,-1
34285.464,2,230687,1500,139120,1
34285.467,2,231047,1500,139780,-1
34285.476,1,232295,82,139400,1
34285.572,1,232344,1500,139020,1
34285.683,1,232414,600,139580,-1
34285.734,2,232295,82,139400,1
34285.815,1,232479,1000,139110,1
34286.119,1,232650,1500,139680,-1
34286.135,1,232660,82,139400,1
34286.258,1,232709,600,138620,1
34286.384,1,232769,900,138700,1
34286.408,2,232660,82,139400,1
34286.487,1,232803,8000,139490,-1
34286.596,5,232847,82,139400,-1
34287.481,2,232709,600,138620,1
34287.484,2,232414,600,139580,-1
34287.599,1,233311,600,139480,-1
34288.135,1,233581,600,138520,1
34290.136,2,230397,1400,138780,1
34290.173,1,234443,1400,138710,1
34290.256,1,234473,2700,139300,1
34290.285,2,230399,1400,139580,-1
34290.323,1,234504,1400,139500,-1
34291.376,2,232803,8000,139490,-1
34291.652,1,235169,150,139400,-1
34292.5,2,234443,1400,138710,1
34292.502,2,234504,1400,139500,-1
34292.55,1,235626,1400,138780,1
34292.551,1,235629,1400,139580,-1
34292.751,2,232769,900,138700,1
34292.774,2,234473,2700,139300,1
34294.195,2,173385,1000,139900,-1
34296.07,1,237374,2500,139000,1
34297.604,2,233311,600,139480,-1
34297.701,1,238146,600,139480,-1
34298.132,2,233581,600,138520,1
34298.244,1,238366,600,138520,1
34299.566,2,232479,1000,139110,1
34300.081,1,239125,1000,139110,1
34300.284,2,239125,1000,139110,1
34300.464,2,235626,1400,138780,1
34300.467,2,235629,1400,139580,-1
34300.537,1,239314,1400,138850,1
34300.54,1,239315,1400,139650,-1
34300.607,2,232344,1500,139020,1
34300.609,2,232650,1500,139680,-1
34300.656,1,239400,150,139300,-1
34300.683,1,239413,1500,139120,1
34300.775,2,239314,1400,138850,1
34300.817,1,239494,1400,138780,1
34300.85,2,239413,1500,139120,1
34300.898,2,239494,1400,138780,1
34300.95,1,239562,1400,138850,1
34301.058,2,239562,1400,138850,1
34301.06,2,239315,1400,139650,-1
34301.198,1,239692,1500,139020,1
34301.284,1,239739,1400,138780,1
34301.286,1,239742,1400,139580,-1
34301.6,2,239739,1400,138780,1
34301.611,2,239742,1400,139580,-1
34301.667,2,235169,150,139400,-1
34301.694,1,239974,1400,138850,1
34301.7,1,239977,1400,139650,-1
34301.762,1,240015,150,139300,-1
34302.108,2,239692,1500,139020,1
34302.212,1,240249,1500,139120,1
34302.419,2,240249,1500,139120,1
34302.762,1,240571,1500,139020,1
34302.817,2,240571,1500,139020,1
34303.212,1,240809,300,139400,-1
34303.277,4,239400,125,139300,-1
34303.307,1,240866,1500,139120,1
34303.362,2,240866,1500,139120,1
34303.627,2,221801,1000,139000,1
34303.726,1,241079,800,137500,1
34303.853,1,241131,1500,139020,1
34304.255,1,241278,1000,139200,1
34304.563,1,241393,500,139700,-1
34304.617,2,241131,1500,139020,1
34304.731,1,241475,1500,139120,1
34304.783,2,239974,1400,138850,1
34304.784,2,239977,1400,139650,-1
34304.824,1,241536,1400,138920,1
34304.827,1,241539,1400,139720,-1
34304.847,2,238366,600,138520,1
34304.85,2,238146,600,139480,-1
34304.865,1,241572,600,139580,-1
34304.976,4,239400,25,139300,-1
34304.976,4,240015,150,139300,-1
34304.976,5,240313,193,139300,-1
34304.976,1,241647,732,139300,1
34305.4,1,241863,600,138620,1
34305.934,2,241647,732,139300,1
34307.01,4,240809,300,139400,-1
34307.067,1,242662,1000,139570,-1
34307.237,2,242662,1000,139570,-1
34307.608,1,242893,1500,139300,1
34308.143,2,241572,600,139580,-1
34308.147,1,243111,600,139680,-1
34308.213,2,241863,600,138620,1
34308.286,1,243175,500,139700,-1
34308.314,1,243195,1000,139670,-1
34308.73,1,243364,600,138720,1
34309.241,2,243364,600,138720,1
34309.245,2,243111,600,139680,-1
34309.278,1,243621,600,139780,-1
34309.668,5,242917,150,139320,1
34309.838,1,243887,600,138820,1
34311.158,1,244501,390,128100,1
34311.479,2,241475,1500,139120,1
34311.593,1,244695,1500,139220,1
34312.043,2,244695,1500,139220,1
34312.151,1,244931,1500,139120,1
34312.492,2,244931,1500,139120,1
34312.706,2,243195,1000,139670,-1
34312.718,1,245321,1500,139220,1
34312.754,1,245352,1000,139690,-1
34313.36,2,241536,1400,138920,1
34313.362,2,241539,1400,139720,-1
34313.403,1,245694,1400,139000,1
34313.408,1,245699,1400,139790,-1
34313.482,2,245694,1400,139000,1
34313.483,2,245699,1400,139790,-1
34313.525,1,245795,1400,138850,1
34313.531,1,245796,1400,139650,-1
34313.611,2,245795,1400,138850,1
34313.614,2,245796,1400,139650,-1
34313.653,1,245880,1400,139000,1
34313.656,1,245885,1400,139720,-1
34313.731,2,245880,1400,139000,1
34313.796,2,243887,600,138820,1
34313.799,2,243621,600,139780,-1
34313.859,1,246047,600,139880,-1
34313.876,1,246055,1400,138850,1
34313.924,2,246055,1400,138850,1
34313.928,2,245885,1400,139720,-1
34313.99,1,246130,1400,139000,1
34313.994,1,246133,1400,139790,-1
34314.236,1,246272,7000,139300,1
34314.267,2,246130,1400,139000,1
34314.274,2,246133,1400,139790,-1
34314.311,1,246325,1400,138920,1
34314.313,1,246328,1400,139720,-1
34314.314,2,246047,600,139880,-1
34314.448,1,246421,600,139780,-1
34315.012,1,246758,600,138820,1
34316.03,2,246758,600,138820,1
34316.033,2,246421,600,139780,-1
34316.139,1,247440,600,139880,-1
34316.449,1,247600,100,139300,1
34316.705,1,247752,600,138920,1
34316.846,2,247600,100,139300,1
34316.956,2,246328,1400,139720,-1
34316.999,1,247918,1400,139790,-1
34317.022,2,247752,600,138920,1
34317.023,2,247440,600,139880,-1
34317.06,1,247948,100,139400,1
34317.151,2,246325,1400,138920,1
34317.189,1,248028,1400,139000,1
34317.254,1,248077,600,139880,-1
34317.481,2,247948,100,139400,1
34317.579,1,248236,100,139300,1
34317.839,1,248443,600,138920,1
34318.274,2,246272,7000,139300,1
34318.363,1,248671,500,140300,-1
34318.675,1,248812,150,139400,-1
34319.266,2,248443,600,138920,1
34319.268,2,248077,600,139880,-1
34319.376,1,249172,600,139780,-1
34319.819,4,248812,150,139400,-1
34319.916,1,249471,600,138820,1
34319.931,1,249482,500,139600,-1
34319.999,2,243175,500,139700,-1
34320.013,1,249522,500,139600,-1
34320.049,2,245352,1000,139690,-1
34320.067,1,249554,1000,139590,-1
34322.84,2,143808,900,137800,1
34323.561,2,249482,500,139600,-1
34324.422,1,251905,500,139400,-1
34325.066,1,252330,500,139590,-1
34325.111,4,251905,500,139400,-1
34325.193,2,249554,1000,139590,-1
34325.477,2,248236,100,139300,1
34325.492,1,252628,100,139300,1
34325.662,1,252770,500,139010,1
34326.089,2,252628,100,139300,1
34326.14,2,252330,500,139590,-1
34326.386,1,253205,100,139400,1
34326.432,1,253246,500,139690,-1
34326.599,2,242893,1500,139300,1
34326.942,2,253246,500,139690,-1
34327.084,1,253601,500,139590,-1
34327.472,5,253237,1000,139420,1
34327.815,5,253237,50,139420,1
34327.815,5,253136,100,139410,1
34328.487,2,249471,600,138820,1
34328.492,2,249172,600,139780,-1
34328.592,1,254299,600,139880,-1
34328.878,2,252770,500,139010,1
34328.881,2,253601,500,139590,-1
34329.078,2,248028,1400,139000,1
34329.08,2,247918,1400,139790,-1
34329.138,1,254674,600,138920,1
34329.146,1,254682,1400,139070,1
34329.147,1,254684,1400,139860,-1
34329.242,1,254740,500,139690,-1
34329.321,2,254740,500,139690,-1
34329.598,1,254943,8100,139200,1
34329.998,2,245321,1500,139220,1
34330.113,1,255284,1500,139320,1
34330.136,1,255295,500,139590,-1
34330.709,1,255583,500,139010,1
34332.017,2,254943,8100,139200,1
34333.115,5,255308,26,139570,-1
34333.376,2,255583,500,139010,1
34333.377,2,255295,500,139590,-1
34333.418,2,249522,500,139600,-1
34333.459,1,257026,39,159900,-1
34333.55,1,257077,1000,139690,-1
34333.629,2,257077,1000,139690,-1
34333.632,1,257146,1500,139500,1
34334.167,1,257445,500,139690,-1
34334.19,2,254674,600,138920,1
34334.192,2,254299,600,139880,-1
34334.255,2,254682,1400,139070,1
34334.257,2,254684,1400,139860,-1
34334.3,1,257538,1400,139140,1
34334.303,1,257539,1400,139930,-1
34334.315,1,257549,600,139980,-1
34334.677,2,253205,100,139400,1
34334.771,1,257885,500,139210,1
34334.854,1,257931,600,139020,1
34335.386,1,258214,3000,139500,1
34335.579,1,258317,100,139200,1
34335.788,2,255284,1500,139320,1
34335.907,1,258568,1500,139420,1
34335.915,2,257445,500,139690,-1
34336.139,1,258688,500,139790,-1
34336.855,1,259032,3500,139520,1
34336.953,2,257931,600,139020,1
34336.954,2,257549,600,139980,-1
34337.057,1,259133,600,140080,-1
34337.284,2,258688,500,139790,-1
34337.398,1,259307,500,139690,-1
34337.438,5,259102,500,139560,1
34337.438,5,257762,1000,139540,1
34337.438,5,257848,300,139530,1
34337.647,1,259451,600,139120,1
34337.682,2,258214,3000,139500,1
34337.82,5,257848,200,139530,1
34337.82,5,259039,600,139530,1
34337.82,4,259032,1100,139520,1
34338.268,1,259812,150,139600,-1
34338.356,4,259812,150,139600,-1
34338.669,2,259451,600,139120,1
34338.672,2,259133,600,140080,-1
34338.777,1,260126,600,139980,-1
34339.324,1,260407,600,139020,1
34339.676,2,259307,500,139690,-1
34340.029,1,260796,500,139790,-1
34340.076,5,260594,500,139680,-1
34340.135,1,260870,1000,139500,1
34340.478,5,260594,674,139680,-1
34340.478,5,260600,600,139690,-1
34340.478,4,241393,500,139700,-1
34340.76,2,260407,600,139020,1
34340.761,2,260126,600,139980,-1
34340.858,1,261238,600,140080,-1
34341.404,1,261478,600,139120,1
34341.562,2,241278,1000,139200,1
34341.981,1,261759,1000,139300,1
34342.186,2,257538,1400,139140,1
34342.189,2,257539,1400,139930,-1
34342.226,1,261859,1400,139210,1
34342.231,1,261863,1400,140000,-1
34343.815,2,261478,600,139120,1
34343.817,2,261238,600,140080,-1
34343.915,1,262707,600,139120,1
34344.166,2,259032,2400,139520,1
34344.453,2,258568,1500,139420,1
34344.464,1,262916,600,140080,-1
34344.556,1,262952,1500,139520,1
34344.714,5,262744,300,139570,1
34344.774,2,257885,500,139210,1
34344.821,2,261863,1400,140000,-1
34344.859,1,263141,1400,140080,-1
34344.948,2,261859,1400,139210,1
34344.95,1,263202,100,139600,1
34344.964,1,263206,500,139210,1
34344.986,1,263229,1400,139280,1
34345.505,2,263229,1400,139280,1
34345.507,2,263141,1400,140080,-1
34345.543,1,263551,1400,139210,1
34345.545,1,263552,1400,140000,-1
34345.9,2,263202,100,139600,1
34345.961,2,263552,1400,140000,-1
34346.003,1,263829,1400,140080,-1
34346.124,2,263206,500,139210,1
34346.202,2,263551,1400,139210,1
34346.224,1,263994,500,139310,1
34346.239,1,264003,1400,139280,1
34346.536,2,262916,600,140080,-1
34346.537,2,262707,600,139120,1
34346.656,2,264003,1400,139280,1
34346.657,2,263829,1400,140080,-1
34346.683,1,264290,600,140180,-1
34346.696,1,264306,1400,139210,1
34346.699,1,264309,1400,140000,-1
34346.772,2,185901,2000,138000,1
34346.78,1,264356,2000,139600,1
34346.79,1,264361,1500,139600,1
34346.844,2,264290,600,140180,-1
34347.083,2,263994,500,139310,1
34347.245,1,264640,600,140080,-1
34347.255,1,264644,500,139210,1
34347.44,1,264752,900,138800,1
34347.484,2,264306,1400,139210,1
34347.486,2,264309,1400,140000,-1
34347.527,1,264827,1400,139280,1
34347.529,1,264828,1400,140080,-1
34347.65,2,264827,1400,139280,1
34347.671,2,264640,600,140080,-1
34347.692,1,264970,1400,139210,1
34347.708,2,264970,1400,139210,1
34347.747,1,265040,1400,139280,1
34347.859,1,265123,600,140180,-1
34348.419,1,265414,600,139220,1
34348.736,5,264889,79,139740,-1
34348.84,2,260796,500,139790,-1
34348.91,1,265829,1000,139890,-1
34348.917,1,265837,3000,139600,1
34348.935,1,265854,500,139690,-1
34349.105,2,265837,3000,139600,1
34349.134,2,265854,500,139690,-1
34349.386,2,264644,500,139210,1
34349.438,1,266174,100,139600,1
34349.491,1,266200,500,139790,-1
34350.016,1,266538,500,139310,1
34354.546,1,269450,150,139700,-1
34354.828,5,264368,1200,139620,1
34354.828,5,266172,800,139610,1
34354.84,5,266172,900,139610,1
34354.863,1,269638,150,139700,-1
34355.504,5,266172,2000,139610,1
34355.514,5,266172,100,139610,1
34355.514,4,264356,2000,139600,1
34355.514,4,264361,1500,139600,1
34355.525,4,266174,100,139600,1
34355.788,2,262952,1500,139520,1
34355.902,1,270229,1500,139420,1
34356.123,2,266538,500,139310,1
34356.446,2,266200,500,139790,-1
34356.486,2,265414,600,139220,1
34356.488,2,265123,600,140180,-1
34356.655,1,270552,600,140080,-1
34356.805,1,270639,500,139690,-1
34357.01,2,265040,1400,139280,1
34357.012,2,264828,1400,140080,-1
34357.052,1,270754,1400,139210,1
34357.055,1,270755,1400,140000,-1
34357.188,1,270815,600,139120,1
34357.42,1,270927,500,139210,1
34358.517,2,270754,1400,139210,1
34358.519,2,270755,1400,140000,-1
34358.555,1,271614,1400,139280,1
34358.557,1,271616,1400,140080,-1
34358.867,2,271614,1400,139280,1
34358.87,2,271616,1400,140080,-1
34358.914,1,271860,1400,139210,1
34358.917,1,271863,1400,140000,-1
34359.375,2,270927,500,139210,1
34359.652,2,269450,150,139700,-1
34359.727,1,272367,500,139210,1
34359.886,1,272467,2000,139600,-1
34359.889,2,269638,150,139700,-1
34360.133,2,270229,1500,139420,1
34360.244,1,272649,1500,139320,1
34361.673,2,270815,600,139120,1
34361.678,2,270552,600,140080,-1
34361.698,2,271863,1400,140000,-1
34361.721,2,272649,1500,139320,1
34361.735,1,273424,1400,140080,-1
34361.785,1,273462,600,139120,1
34361.877,1,273511,1500,139420,1
34361.891,2,273424,1400,140080,-1
34361.934,1,273533,1400,140000,-1
34361.934,2,273511,1500,139420,1
34362.313,2,271860,1400,139210,1
34362.315,2,273533,1400,140000,-1
34362.341,1,273747,600,140080,-1
34362.356,1,273762,1400,139280,1
34362.361,1,273770,1400,140080,-1
34362.444,1,273820,1500,139420,1
34362.628,1,273950,150,139600,-1
34362.631,1,273955,150,139600,-1
34363.193,2,270639,500,139690,-1
34363.647,2,273820,1500,139420,1
34363.764,1,274647,1500,139320,1
34363.88,2,273762,1400,139280,1
34363.885,2,273770,1400,140080,-1
34363.902,1,274735,150,139600,-1
34363.913,2,273462,600,139120,1
34363.916,2,273747,600,140080,-1
34363.923,1,274747,1400,139210,1
34363.925,1,274749,1400,140000,-1
34363.968,1,274783,600,139980,-1
34364.021,1,274819,500,139690,-1
34364.307,1,274980,100,143900,-1
34364.504,1,275072,600,139020,1
34364.678,1,275191,500,139800,-1
34365.938,2,159789,2000,137000,1
34367.649,2,273950,150,139600,-1
34367.652,2,273955,150,139600,-1
34368.383,5,272699,300,139560,-1
34368.383,5,276229,300,139560,-1
34368.508,5,277102,100,139560,-1
34368.508,5,274743,1200,139580,-1
34368.508,4,272467,2000,139600,-1
34368.508,4,274735,150,139600,-1
34369.725,2,272367,500,139210,1
34369.762,2,275191,500,139800,-1
34369.869,1,277797,500,139210,1
34370.169,2,275072,600,139020,1
34370.171,2,274783,600,139980,-1
34370.275,1,277989,600,139120,1
34370.465,2,277989,600,139120,1
34370.793,2,274819,500,139690,-1
34370.827,1,278293,600,139980,-1
34370.905,1,278352,500,139790,-1
34370.985,1,278391,1000,135300,1
34371.098,2,278293,600,139980,-1
34371.107,2,274747,1400,139210,1
34371.145,1,278478,1400,139140,1
34371.152,2,278352,500,139790,-1
34371.172,2,274749,1400,140000,-1
34371.215,1,278517,1400,139930,-1
34371.218,1,278520,500,139900,-1
34371.37,1,278620,600,139980,-1
34371.475,1,278677,500,139790,-1
34371.512,2,274647,1500,139320,1
34371.607,2,278520,500,139900,-1
34371.62,1,278762,500,139800,-1
34371.622,1,278763,1500,139880,-1
34371.75,2,264752,900,138800,1
34371.971,1,278971,600,139020,1
34372.001,2,278677,500,139790,-1
34372.184,1,279094,150,139700,-1
34372.266,1,279136,900,139200,1
34372.272,1,279138,150,139700,-1
34372.387,1,279209,500,139690,-1
34372.561,4,279209,36,139690,-1
34372.817,2,279209,464,139690,-1
34372.82,2,277797,500,139210,1
34372.823,1,279483,150,139700,-1
34372.98,1,279580,1500,139220,1
34373.145,1,279653,36,139410,1
34373.16,1,279661,1000,139000,1
34373.213,2,279653,36,139410,1
34373.594,2,279580,1500,139220,1
34373.597,2,278763,1500,139880,-1
34373.695,1,279968,1500,139320,1
34373.862,1,280073,36,139510,1
34373.909,2,278971,600,139020,1
34373.912,2,278620,600,139980,-1
34374.01,1,280157,600,140080,-1
34374.174,2,55074,200,140000,-1
34374.466,1,280374,500,139790,-1
34374.631,1,280443,600,139120,1
34375.251,4,279094,50,139700,-1
34376.92,2,261759,1000,139300,1
34377.203,2,279094,100,139700,-1
34377.289,2,279138,150,139700,-1
34377.333,1,281689,1000,139500,1
34378.016,1,281999,600,138800,1
34379.045,1,282514,100,139700,-1
34379.146,1,282579,150,139700,-1
34379.646,2,278762,500,139800,-1
34379.839,2,280443,600,139120,1
34379.841,2,280157,600,140080,-1
34379.953,1,283140,600,139980,-1
34380.495,1,283473,600,139020,1
34381.227,2,279968,1500,139320,1
34381.998,2,278478,1400,139140,1
34382.001,2,278517,1400,139930,-1
34382.041,1,284664,1400,139070,1
34382.045,1,284669,1400,139860,-1
34382.11,1,284715,1500,139220,1
34382.846,2,279483,150,139700,-1
34382.955,2,284669,1400,139860,-1
34382.995,1,285266,1400,139930,-1
34383.033,2,284664,1400,139070,1
34383.033,5,277116,1200,139520,1
34383.033,4,280073,36,139510,1
34383.033,5,277114,600,139510,1
34383.033,4,257146,1500,139500,1
34383.033,4,260870,864,139500,1
34383.07,1,285323,1400,139140,1
34383.165,1,285382,500,139310,1
34383.194,2,285323,1400,139140,1
34383.197,2,285266,1400,139930,-1
34383.239,1,285428,1400,139070,1
34383.241,1,285429,1400,139860,-1
34383.359,1,285510,13100,141200,-1
34383.621,2,285382,500,139310,1
34383.641,1,285688,150,139600,-1
34383.8,2,280374,500,139790,-1
34383.96,1,285927,500,139210,1
34384.017,2,285927,500,139210,1
34384.557,1,286243,500,139600,-1
34385.274,1,286655,500,139110,1
34385.745,5,285380,1100,139510,1
34385.869,5,285380,1136,139510,1
34386.312,4,260870,136,139500,1
34386.312,4,281689,1000,139500,1
34386.407,1,287167,1000,139230,1
34386.713,2,283473,600,139020,1
34386.715,2,283140,600,139980,-1
34386.821,1,287359,600,138920,1
34387.37,1,287557,600,139880,-1
34387.845,2,285428,1400,139070,1
34387.847,2,285429,1400,139860,-1
34387.911,1,287813,1400,139140,1
34387.913,1,287818,1400,139930,-1
34388.274,1,288015,100,139400,1
34388.323,2,287813,1400,139140,1
34388.326,2,287818,1400,139930,-1
34388.374,1,288073,1400,139070,1
34388.378,1,288077,1400,139860,-1
34388.607,2,288015,100,139400,1
34389.596,2,288073,1400,139070,1
34389.6,2,288077,1400,139860,-1
34389.637,1,288821,1400,139140,1
34389.639,1,288823,1400,139930,-1
34389.82,2,288821,1400,139140,1
34389.861,1,288961,1400,139070,1
34390.296,2,282514,100,139700,-1
34390.298,2,282579,150,139700,-1
34390.302,1,289233,150,139600,-1
34390.386,1,289294,100,139600,-1
34390.475,1,289346,150,139600,-1
34390.606,2,288823,1400,139930,-1
34390.648,1,289473,1400,139860,-1
34390.695,1,289511,100,139500,1
34390.875,5,289418,150,139510,1
34390.982,2,288961,1400,139070,1
34390.986,2,289473,1400,139860,-1
34391.053,1,289741,1400,139140,1
34391.058,1,289745,1400,139930,-1
34391.506,2,289511,100,139500,1
34392.018,1,290277,100,139500,1
34392.342,5,287137,1200,139580,-1
34392.342,4,285688,150,139600,-1
34392.342,4,286243,350,139600,-1
34392.519,2,286655,500,139110,1
34392.66,1,290609,350,139310,1
34392.795,2,289741,1400,139140,1
34392.796,2,289745,1400,139930,-1
34392.84,1,290739,1400,139070,1
34392.845,1,290746,1400,139860,-1
34393.105,2,286243,150,139600,-1
34393.134,2,290739,1400,139070,1
34393.137,2,290746,1400,139860,-1
34393.174,1,290961,1400,139140,1
34393.176,1,290962,1400,139930,-1
34393.402,2,290961,1400,139140,1
34393.406,2,290962,1400,139930,-1
34393.43,2,290609,350,139310,1
34393.433,1,291127,500,139690,-1
34393.45,1,291138,1400,139070,1
34393.451,1,291142,1400,139860,-1
34393.888,2,291127,500,139690,-1
34393.94,5,290538,200,139520,1
34393.94,5,290242,4600,139510,1
34393.94,4,290277,100,139500,1
34394.008,1,291572,350,139410,1
34394.77,1,292021,500,139690,-1
34395.066,1,292183,7000,139500,1
34395.207,2,291572,350,139410,1
34395.243,2,289294,100,139600,-1
34395.33,2,289346,150,139600,-1
34395.333,2,289233,150,139600,-1
34395.431,1,292403,350,139310,1
34395.828,2,287359,600,138920,1
34395.829,2,287557,600,139880,-1
34395.94,1,292712,600,139980,-1
34396.195,1,292928,100,139600,-1
34396.198,1,292930,150,139600,-1
34396.201,1,292932,150,139600,-1
34396.479,1,293188,600,139020,1
34397.715,2,284715,1500,139220,1
34397.766,2,293188,600,139020,1
34397.769,2,292712,600,139980,-1
34397.841,1,294294,1500,139780,-1
34397.854,1,294305,600,139880,-1
34397.9,5,292199,1200,139520,1
34397.9,4,292183,700,139500,1
34397.927,2,292403,350,139310,1
34398.178,1,294547,350,139410,1
34398.248,2,291138,1400,139070,1
34398.25,2,291142,1400,139860,-1
34398.297,1,294623,1400,139000,1
34398.305,1,294633,1400,139790,-1
34398.393,1,294719,600,138920,1
34398.763,2,292183,6300,139500,1
34399.007,2,294547,350,139410,1
34399.146,1,295348,1500,139120,1
34399.34,1,295485,350,139310,1
34399.929,1,295917,150,139500,-1
34400.803,2,117560,1000,138300,1
34401.155,2,294719,600,138920,1
34401.158,2,294305,600,139880,-1
34401.261,1,296795,600,139780,-1
34401.529,2,295485,350,139310,1
34401.822,1,297195,600,138820,1
34401.867,1,297224,350,139410,1
34401.959,2,297224,350,139410,1
34402.267,2,287167,1000,139230,1
34402.312,1,297485,1000,139210,1
34402.444,1,297533,350,139410,1
34402.817,2,292928,100,139600,-1
34402.82,2,292930,150,139600,-1
34402.823,2,292932,150,139600,-1
34402.871,4,297533,350,139410,1
34403.009,1,297904,500,139110,1
34403.298,2,292021,500,139690,-1
34403.376,2,297904,500,139110,1
34403.598,1,298238,500,139590,-1
34404.164,1,298668,500,139010,1
34404.306,1,298739,100,139500,-1
34404.396,1,298784,150,139500,-1
34404.402,1,298786,150,139500,-1
34404.735,2,297195,600,138820,1
34404.737,2,296795,600,139780,-1
34404.753,2,295348,1500,139120,1
34404.758,2,294294,1500,139780,-1
34404.787,1,299042,600,139680,-1
34404.837,2,294623,1400,139000,1
34404.839,2,294633,1400,139790,-1
34404.882,1,299134,1400,138920,1
34404.884,1,299137,1400,139720,-1
34404.889,1,299140,1500,139680,-1
34404.992,2,203412,2300,140400,-1
34405.299,1,299422,600,138720,1
34405.979,1,299950,2300,139500,-1
34406.16,2,299422,600,138720,1
34406.163,2,299042,600,139680,-1
34406.209,2,299134,1400,138920,1
34406.21,1,300121,600,138820,1
34406.212,2,299137,1400,139720,-1
34406.248,1,300156,1400,139000,1
34406.253,1,300160,1400,139790,-1
34406.744,1,300541,600,139780,-1
34407.267,2,60241,2000,140500,-1
34407.423,2,300156,1400,139000,1
34407.426,2,300160,1400,139790,-1
34407.46,2,300121,600,138820,1
34407.464,1,301021,1400,138920,1
34407.465,2,300541,600,139780,-1
34407.467,1,301023,1400,139720,-1
34407.509,1,301053,600,139000,1
34407.512,1,301056,600,139680,-1
34408.105,1,301469,600,138720,1
34408.376,1,301650,1000,139500,-1
34409.282,2,297485,1000,139210,1
34409.326,5,297488,279,139260,1
34409.326,5,288440,2621,139240,1
34409.635,1,302480,1500,139400,-1
34409.654,2,298668,500,139010,1
34410.101,1,302775,500,138910,1
34410.258,1,302887,1500,139020,1
34410.914,2,302887,1500,139020,1
34410.917,2,299140,1500,139680,-1
34411.994,1,304140,3000,139400,-1
34412.097,2,298739,100,139500,-1
34412.1,2,295917,150,139500,-1
34412.103,2,298784,150,139500,-1
34412.107,2,298786,150,139500,-1
34412.294,1,304362,150,139300,-1
34412.339,2,281999,600,138800,1
34412.957,5,297521,100,139220,1
34412.957,5,297528,900,139220,1
34413.596,2,298238,500,139590,-1
34413.749,1,305494,500,139590,-1
34413.935,5,297535,150,139220,1
34414.026,5,297535,150,139220,1
34414.029,5,297535,150,139220,1
34414.039,2,304140,3000,139400,-1
34414.325,2,301021,1400,138920,1
34414.33,2,301023,1400,139720,-1
34414.366,1,305866,1400,138850,1
34414.372,1,305869,1400,139650,-1
34414.668,2,302480,1500,139400,-1
34417.517,2,301056,600,139680,-1
34417.622,1,307986,600,139680,-1
34417.827,1,308160,100,139100,1
34418.107,2,301469,600,138720,1
34418.178,1,308382,600,138720,1
34418.286,2,305866,1400,138850,1
34418.289,2,305869,1400,139650,-1
34418.333,1,308496,1400,138920,1
34418.339,1,308502,1400,139720,-1
34418.528,2,308160,100,139100,1
34420.017,5,309594,150,139220,1
34420.107,2,302775,500,138910,1
34420.592,1,310023,100,139200,1
34420.608,1,310035,500,138910,1
34420.998,1,310283,2000,139400,-1
34421.226,5,309792,1000,139230,1
34421.673,2,299950,2300,139500,-1
34422.367,2,308496,1400,138920,1
34422.407,1,311060,1400,138850,1
34422.473,2,305494,500,139590,-1
34422.614,1,311214,500,139690,-1
34422.703,4,304362,50,139300,-1
34422.767,2,311060,1400,138850,1
34422.805,1,311354,1400,138920,1
34422.832,2,310023,100,139200,1
34423.054,2,311354,1400,138920,1
34423.058,2,308502,1400,139720,-1
34423.096,1,311517,1400,138850,1
34423.1,1,311522,1400,139650,-1
34423.23,2,311522,1400,139650,-1
34423.245,2,311517,1400,138850,1
34423.268,1,311631,1400,139720,-1
34423.294,1,311654,1400,138920,1
34423.585,1,311824,2000,139100,1
34423.841,2,310035,500,138910,1
34424.053,1,312138,500,139010,1
34425.434,2,311654,1400,138920,1
34425.437,2,311631,1400,139720,-1
34425.474,1,312897,1400,139000,1
34425.476,1,312901,1400,139790,-1
34425.481,2,308382,600,138720,1
34425.483,2,307986,600,139680,-1
34425.524,1,312931,600,138820,1
34426.086,1,313345,600,139780,-1
34426.423,1,313568,10000,139700,-1
34426.766,4,304362,100,139300,-1
34426.766,5,309983,300,139300,-1
34426.91,5,313500,150,139250,1
34427.103,5,309983,100,139300,-1
34427.334,5,309983,200,139300,-1
34427.378,1,314234,600,138900,1
34427.837,5,309983,1000,139300,-1
34428.302,1,314792,200,139300,1
34428.73,1,315057,200,141200,-1
34428.948,1,315171,2000,139300,1
34429.891,1,315796,400,139390,-1
34429.985,1,315860,100,139320,1
34430.105,2,301053,600,139000,1
34430.744,2,312897,1400,139000,1
34430.783,1,316324,1400,138920,1
34431.141,2,312901,1400,139790,-1
34431.181,1,316586,1400,139720,-1
34431.913,2,205582,2400,140900,-1
34431.915,1,317133,1600,140100,-1
34432.07,2,315796,400,139390,-1
34432.113,2,312138,500,139010,1
34432.194,4,315860,100,139320,1
34432.194,5,314748,300,139310,1
34432.233,1,317367,500,138910,1
34432.617,2,311214,500,139690,-1
34432.727,1,317779,1500,139680,-1
34432.769,1,317828,250,139330,1
34432.989,2,317367,500,138910,1
34433.139,1,318044,2000,139700,-1
34433.152,1,318054,500,139010,1
34433.234,4,317828,250,139330,1
34433.234,5,314748,250,139310,1
34433.725,1,318490,500,139690,-1
34433.94,2,170578,1000,135000,1
34434.69,1,319106,2000,138800,1
34435.266,2,318054,500,139010,1
34435.38,1,319588,500,138910,1
34435.398,5,314748,300,139310,1
34435.527,2,312931,600,138820,1
34435.638,2,313345,600,139780,-1
34435.749,1,319865,600,138920,1
34435.922,5,314748,150,139310,1
34436.192,2,317779,1500,139680,-1
34436.233,1,320163,1500,139120,1
34436.234,2,316324,1400,138920,1
34436.236,2,316586,1400,139720,-1
34436.272,1,320190,1400,139000,1
34436.274,1,320191,1400,139790,-1
34436.305,1,320217,600,139880,-1
34437.195,1,320815,1000,145500,-1
34437.255,2,315171,2000,139300,1
34438.15,5,314748,2200,139310,1
34438.278,2,319588,500,138910,1
34438.724,1,321789,500,139010,1
34438.792,2,318490,500,139690,-1
34439.281,1,322123,500,139790,-1
34439.389,2,322123,500,139790,-1
34439.833,1,322513,500,139690,-1
34441.413,2,314792,200,139300,1
34441.477,1,323581,100,69600,1
34441.677,2,323581,100,69600,1
34442.75,2,319865,600,138920,1
34442.756,2,320217,600,139880,-1
34442.853,1,324523,600,138820,1
34443.192,2,321789,500,139010,1
34443.38,1,324817,500,138910,1
34443.411,1,324829,600,139780,-1
34444.348,1,325437,100,139200,1
34444.735,2,325437,100,139200,1
34444.841,1,325825,100,139300,1
34444.932,5,325819,150,139310,1
34446.04,2,320163,1500,139120,1
34446.15,1,326724,1500,139120,1
34446.477,2,326724,1500,139120,1
34446.621,2,320190,1400,139000,1
34446.623,2,320191,1400,139790,-1
34446.672,1,327085,1400,138920,1
34446.677,1,327091,1400,139720,-1
34447.372,1,327706,200,139400,-1
34447.647,5,325819,100,139310,1
34447.669,5,325819,100,139310,1
34447.705,5,325819,100,139310,1
34447.732,5,325819,100,139310,1
34447.749,5,325819,100,139310,1
34447.885,2,325825,100,139300,1
34448.051,1,328265,1500,139020,1
34448.056,2,327085,1400,138920,1
34448.058,2,327091,1400,139720,-1
34448.094,1,328294,1400,138850,1
34448.096,1,328296,1400,139650,-1
34448.393,2,328265,1500,139020,1
34448.608,1,328729,1500,139580,-1
34449.284,2,322513,500,139690,-1
34449.616,4,258317,100,139200,1
34449.616,4,279136,600,139200,1
34449.644,4,279136,300,139200,1
34449.659,1,329557,1600,139300,-1
34449.694,1,329610,500,139590,-1
34449.835,2,318044,2000,139700,-1
34450.0,2,324523,600,138820,1
34450.001,2,324829,600,139780,-1
34450.116,1,329919,600,139680,-1
34450.662,2,329557,1600,139300,-1
34450.72,1,330382,600,138720,1
34450.732,2,324817,500,138910,1
34450.916,1,330540,500,138810,1
34451.059,1,330665,1500,138920,1
34451.063,2,330540,500,138810,1
34451.242,1,330809,3000,139300,-1
34451.516,1,330990,2000,139300,-1
34451.523,4,221950,1000,139100,1
34451.568,1,331024,500,138910,1
34452.37,2,330990,2000,139300,-1
34452.377,1,331659,2000,139200,-1
34452.67,2,331024,500,138910,1
34452.699,4,221950,50,139100,1
34452.882,1,332070,500,138810,1
34452.976,2,330665,1500,138920,1
34452.979,2,328729,1500,139580,-1
34453.076,2,330382,600,138720,1
34453.085,2,329919,600,139680,-1
34453.183,1,332234,600,138620,1
34453.775,1,332613,600,139580,-1
34453.96,4,221950,2000,139100,1
34453.985,1,332740,150,139200,-1
34455.147,2,328294,1400,138850,1
34455.15,2,328296,1400,139650,-1
34455.199,1,333674,1400,138780,1
34455.203,1,333677,1400,139580,-1
34455.451,4,221950,1000,139100,1
34458.23,2,333674,1400,138780,1
34458.233,2,333677,1400,139580,-1
34458.282,1,336000,1500,139380,-1
34458.29,1,336009,1400,138710,1
34458.293,1,336013,1400,139500,-1
34458.302,2,332613,600,139580,-1
34458.308,1,336028,600,139480,-1
34458.313,2,332234,600,138620,1
34458.826,1,336506,600,138520,1
34459.005,2,332740,150,139200,-1
34459.104,1,336698,150,139200,-1
34459.698,2,329610,500,139590,-1
34459.82,1,337211,500,139590,-1
34460.351,2,330809,3000,139300,-1
34462.098,2,319106,2000,138800,1
34462.878,2,332070,500,138810,1
34462.951,1,339531,150,139200,-1
34463.043,1,339601,500,138810,1
34463.34,2,336009,1400,138710,1
34463.341,2,336013,1400,139500,-1
34463.381,1,339820,1400,138780,1
34463.381,2,336000,1500,139380,-1
34463.385,1,339822,1400,139580,-1
34463.42,2,336506,600,138520,1
34463.428,2,336028,600,139480,-1
34463.517,1,339919,600,138620,1
34463.591,1,339986,1500,139480,-1
34463.691,2,339820,1400,138780,1
34463.693,2,339822,1400,139580,-1
34463.732,1,340137,1400,138710,1
34463.737,1,340144,1400,139500,-1
34463.737,2,339986,1500,139480,-1
34464.027,1,340392,600,139580,-1
34464.152,1,340497,1500,139380,-1
34464.247,2,337211,500,139590,-1
34464.544,1,340767,500,139590,-1
34464.81,2,339919,600,138620,1
34464.812,2,340392,600,139580,-1
34464.884,2,340767,500,139590,-1
34464.918,1,341151,600,139480,-1
34465.1,1,341290,500,139590,-1
34465.139,2,340497,1500,139380,-1
34465.369,2,341151,600,139480,-1
34465.463,1,341510,1500,139480,-1
34465.492,1,341528,600,139580,-1
34465.715,4,221950,61,139100,1
34465.805,2,341510,1500,139480,-1
34465.896,2,279661,1000,139000,1
34466.023,1,341962,1500,139480,-1
34466.029,1,341966,600,138620,1
34466.531,1,342300,1000,138800,1
34467.225,2,341962,1500,139480,-1
34467.554,1,342902,1500,139380,-1
34467.903,2,341966,600,138620,1
34467.905,2,341528,600,139580,-1
34467.911,4,221950,20,139100,1
34468.015,1,343237,600,139480,-1
34468.58,1,343560,600,138520,1
34468.585,2,343237,600,139480,-1
34468.68,2,343560,600,138520,1
34468.757,2,342902,1500,139380,-1
34468.868,1,343793,1500,139480,-1
34469.136,1,344013,600,138620,1
34469.331,2,340137,1400,138710,1
34469.334,2,340144,1400,139500,-1
34469.375,1,344163,1400,138780,1
34469.379,1,344169,1400,139580,-1
34469.691,1,344470,600,139580,-1
34470.496,4,221950,100,139100,1
34470.545,2,341290,500,139590,-1
34470.822,1,345364,500,139490,-1
34471.449,2,301650,1000,139500,-1
34471.96,4,221950,150,139100,1
34472.026,1,346263,850,135000,1
34472.67,2,345364,500,139490,-1
34472.805,1,346812,500,139590,-1
34472.865,2,346812,500,139590,-1
34473.049,2,339601,500,138810,1
34473.072,1,346968,1000,139600,-1
34473.351,1,347164,500,138810,1
34473.851,1,347585,500,141500,-1
34473.931,1,347648,500,139490,-1
34474.357,2,344163,1400,138780,1
34474.359,2,344169,1400,139580,-1
34474.399,1,347987,1400,138710,1
34474.4,1,347989,1400,139500,-1
34475.478,1,348816,2000,138900,1
34475.536,1,348850,8000,139200,-1
34476.163,1,349244,2500,139600,-1
34478.255,2,339531,150,139200,-1
34478.351,4,221950,150,139100,1
34479.139,2,344013,600,138620,1
34479.233,1,351218,600,138620,1
34479.345,2,331659,2000,139200,-1
34479.605,4,221950,469,139100,1
34479.605,4,311824,2000,139100,1
34479.689,2,344470,600,139580,-1
34479.922,1,351786,600,139580,-1
34480.843,1,352464,100,139100,1
34481.232,5,352461,1000,139110,1
34481.34,5,352461,150,139110,1
34481.38,5,352461,1000,139110,1
34481.444,2,352464,100,139100,1
34481.542,1,352888,100,139100,1
34481.587,2,347648,500,139490,-1
34481.703,1,353062,500,139590,-1
34481.849,2,353062,500,139590,-1
34482.241,1,353517,500,139490,-1
34482.25,1,353524,2300,140100,-1
34482.28,2,347987,1400,138710,1
34482.284,2,347989,1400,139500,-1
34482.314,2,91245,500,138300,1
34482.322,1,353585,1400,138780,1
34482.327,1,353588,1400,139580,-1
34483.349,2,347164,500,138810,1
34483.621,1,354737,500,138810,1
34484.007,2,352888,100,139100,1
34484.651,2,353585,1400,138780,1
34484.653,2,353588,1400,139580,-1
34484.706,1,355585,1400,138710,1
34484.707,1,355586,1400,139500,-1
34484.75,2,355586,1400,139500,-1
34484.787,1,355682,1400,139580,-1
34485.832,5,356122,900,139100,1
34485.846,5,356122,100,139100,1
34485.896,1,356601,15000,139800,-1
34486.183,2,355585,1400,138710,1
34486.225,1,356860,1400,138780,1
34486.418,1,357014,100,69600,1
34486.643,2,357014,100,69600,1
34486.807,2,356860,1400,138780,1
34486.809,2,355682,1400,139580,-1
34486.846,1,357353,1400,138710,1
34486.853,1,357356,1400,139500,-1
34487.278,1,357659,1000,139200,-1
34487.511,2,357353,1400,138710,1
34487.514,2,357356,1400,139500,-1
34487.55,1,357842,1400,138780,1
34487.553,1,357846,1400,139580,-1
34488.194,1,358344,900,139800,-1
34489.239,2,351218,600,138620,1
34489.37,1,359159,600,138620,1
34489.919,2,351786,600,139580,-1
34489.979,1,359598,150,139100,-1
34490.048,1,359640,600,139580,-1
34491.578,2,359159,600,138620,1
34491.581,2,359640,600,139580,-1
34491.69,1,360661,600,138520,1
34492.098,2,354737,500,138810,1
34492.197,1,360931,1500,138820,1
34492.239,2,353517,500,139490,-1
34492.249,1,360960,600,139480,-1
34492.321,1,360995,500,139490,-1
34492.663,4,359598,150,139100,-1
34492.663,1,361218,1850,139100,1
34493.228,1,361602,500,138710,1
34493.47,2,360661,600,138520,1
34493.472,1,361782,600,138620,1
34493.526,2,360960,600,139480,-1
34493.783,2,357842,1400,138780,1
34493.786,2,357846,1400,139580,-1
34493.828,1,362135,1400,138710,1
34493.83,1,362138,1400,139500,-1
34493.976,1,362291,4000,139100,1
34494.016,1,362334,600,139580,-1
34494.435,2,361218,1850,139100,1
34495.103,1,363235,1800,139400,-1
34495.318,4,362291,3800,139100,1
34495.581,2,361602,500,138710,1
34495.678,2,360931,1500,138820,1
34495.68,2,343793,1500,139480,-1
34495.689,1,363695,400,139290,-1
34495.724,2,362291,200,139100,1
34495.812,2,362135,1400,138710,1
34495.816,2,362138,1400,139500,-1
34495.864,1,363905,1400,138640,1
34495.87,1,363914,1400,139430,-1
34495.996,1,364053,500,138710,1
34496.015,5,363868,1000,139090,-1
34496.015,5,363783,1000,139100,-1
34496.018,1,364073,1500,139380,-1
34496.019,1,364074,100,139100,1
34496.086,2,361782,600,138620,1
34496.089,2,362334,600,139580,-1
34496.107,5,364068,100,139110,1
34496.131,5,364068,100,139110,1
34496.171,1,364204,600,139480,-1
34496.23,2,364074,100,139100,1
34496.284,2,364204,600,139480,-1
34496.344,1,364376,400,138710,1
34496.67,1,364684,600,139580,-1
34496.794,2,364684,600,139580,-1
34497.214,1,365139,600,139480,-1
34497.309,1,365202,1500,139100,-1
34497.431,2,336698,150,139200,-1
34497.772,1,365564,150,139100,-1
34497.773,1,365565,600,138520,1
34498.249,4,237374,2500,139000,1
34498.287,1,365923,100,139000,1
34498.369,2,365923,100,139000,1
34498.621,2,363905,1400,138640,1
34498.624,2,363914,1400,139430,-1
34498.674,1,366227,1400,138570,1
34498.68,1,366230,1400,139360,-1
34498.793,2,364073,1500,139380,-1
34498.862,2,360995,500,139490,-1
34499.007,1,366550,500,139390,-1
34499.249,2,364053,500,138710,1
34499.391,2,365565,600,138520,1
34499.395,2,365139,600,139480,-1
34499.476,4,314234,600,138900,1
34499.476,4,348816,2000,138900,1
34499.489,1,366921,150,139000,-1
34499.494,1,366925,600,139380,-1
34499.562,1,366977,1000,138810,1
34499.563,1,366978,500,138610,1
34499.592,2,366977,1000,138810,1
34499.598,1,367027,1500,138620,1
34499.968,2,366550,500,139390,-1
34500.059,1,367541,600,138420,1
34500.118,1,367573,500,139290,-1
34500.153,1,367601,2000,138900,-1
34500.155,1,367606,2000,139200,-1
34500.183,1,367638,1000,137500,1
34500.298,2,366978,500,138610,1
34500.596,5,366980,2100,138810,1
34500.664,1,368049,500,138510,1
34500.69,2,363695,400,139290,-1
34500.85,5,367274,650,138810,1
34500.85,4,342300,350,138800,1
34501.036,2,368049,500,138510,1
34501.179,2,366227,1400,138570,1
34501.182,2,366230,1400,139360,-1
34501.191,5,368343,300,138810,1
34501.204,5,368343,100,138810,1
34501.204,4,342300,400,138800,1
34501.211,1,368554,500,138610,1
34501.218,1,368563,1400,138640,1
34501.222,1,368568,1400,139430,-1
34501.35,2,364376,400,138710,1
34501.64,5,368854,500,138810,1
34501.697,1,369130,400,138810,1
34501.721,1,369155,2000,138800,1
34501.743,5,368115,100,138850,-1
34501.743,5,368280,600,138890,-1
34501.743,5,368479,300,138890,-1
34502.217,1,369612,2000,138900,-1
34502.382,1,369788,100,138800,1
34502.791,2,365564,150,139100,-1
34502.967,5,370044,150,138820,1
34503.224,5,370044,850,138820,1
34503.224,4,369130,50,138810,1
34503.236,4,369130,200,138810,1
34503.258,1,370529,2500,139600,-1
34503.316,2,369130,150,138810,1
34503.365,2,367601,2000,138900,-1
34503.377,1,370612,250,139090,-1
34503.769,2,369788,100,138800,1
34503.839,2,369612,2000,138900,-1
34503.923,1,371059,400,138710,1
34504.639,1,371677,100,138800,1
34505.128,2,371677,100,138800,1
34505.548,1,372335,100,138800,1
34505.656,1,372426,1900,161000,-1
34507.259,2,372335,100,138800,1
34507.717,5,373526,1000,138930,1
34508.003,5,373465,150,138920,1
34508.01,2,204202,2400,138000,1
34508.03,1,374279,2400,138700,1
34508.379,2,370612,250,139090,-1
34508.603,1,374654,100,138900,1
34508.638,1,374713,250,139090,-1
34508.7,2,353524,2300,140100,-1
34508.709,1,374807,2300,139600,-1
34508.824,5,371005,300,138980,-1
34508.838,5,371005,200,138980,-1
34508.844,5,371005,100,138980,-1
34508.87,2,374654,100,138900,1
34508.919,2,371059,400,138710,1
34508.981,5,371005,100,138980,-1
34509.075,5,371005,100,138980,-1
34509.184,5,371005,100,138980,-1
34509.202,2,374279,2400,138700,1
34509.205,1,375165,2400,138600,1
34509.273,1,375209,100,138900,1
34509.305,2,367573,500,139290,-1
34509.444,5,371005,100,138980,-1
34509.469,5,371005,200,138980,-1
34509.469,4,366921,147,139000,-1
34509.487,1,375368,500,139390,-1
34509.499,2,366925,600,139380,-1
34509.57,4,366921,3,139000,-1
34509.649,1,375502,600,139380,-1
34509.907,2,368554,500,138610,1
34510.053,2,375209,100,138900,1
34510.06,2,367541,600,138420,1
34510.154,1,375904,500,138710,1
34510.31,1,376014,600,138420,1
34510.512,2,375368,500,139390,-1
34510.697,1,376352,500,139490,-1
34510.873,1,376482,1000,138810,1
34511.127,5,375436,600,139080,-1
34511.127,4,374713,200,139090,-1
34511.143,1,376655,400,138710,1
34511.216,2,374713,50,139090,-1
34511.232,2,376655,400,138710,1
34511.288,2,370529,2500,139600,-1
34511.32,1,376759,1500,139280,-1
34511.478,2,375904,500,138710,1
34511.608,1,376945,500,138810,1
34511.811,1,377149,150,139010,1
34512.122,4,365202,700,139100,-1
34512.182,2,376014,600,138420,1
34512.187,2,375502,600,139380,-1
34512.308,1,377465,600,139480,-1
34512.337,1,377485,100,139000,1
34512.366,1,377515,400,139390,-1
34512.54,2,376759,1500,139280,-1
34512.542,2,367027,1500,138620,1
34512.817,2,376352,500,139490,-1
34512.885,1,377945,600,138520,1
34512.941,2,377149,150,139010,1
34512.943,2,377515,400,139390,-1
34512.956,2,377485,100,139000,1
34513.061,1,378055,500,139590,-1
34513.132,1,378117,1500,138720,1
34513.283,2,368563,1400,138640,1
34513.285,2,368568,1400,139430,-1
34513.334,1,378301,1400,138710,1
34513.338,1,378304,1400,139500,-1
34513.382,2,342300,250,138800,1
34513.597,1,378544,100,139000,1
34513.698,1,378691,1500,139380,-1
34513.997,2,377945,600,138520,1
34513.999,2,377465,600,139480,-1
34514.069,1,379026,250,138000,1
34514.101,1,379053,600,138620,1
34514.686,1,379533,600,139580,-1
34514.75,1,379594,50,139190,-1
34515.32,1,380029,3,139080,-1
34515.482,1,380163,1000,138600,1
34516.148,2,313568,10000,139700,-1
34516.367,1,380815,6000,139000,1
34516.602,1,380993,500,139000,1
34516.63,1,381017,47,139080,-1
34516.78,5,381004,1200,139020,1
34516.78,5,376557,150,139010,1
34516.78,5,378530,4700,139010,1
34516.78,4,378544,100,139000,1
34516.78,4,380815,3850,139000,1
34517.011,1,381320,150,139100,-1
34517.278,2,378055,500,139590,-1
34517.477,1,381657,500,139490,-1
34517.779,2,376945,500,138810,1
34517.843,1,381970,400,139200,-1
34518.031,1,382112,500,138710,1
34518.548,2,381657,500,139490,-1
34518.701,1,382586,500,139390,-1
34519.095,2,367606,2000,139200,-1
34519.429,2,378301,1400,138710,1
34519.432,2,378304,1400,139500,-1
34519.498,1,383157,1400,138640,1
34519.501,1,383159,1400,139430,-1
34519.512,2,379053,600,138620,1
34519.515,2,379533,600,139580,-1
34519.539,2,383159,1400,139430,-1
34519.58,1,383224,1400,139500,-1
34519.728,1,383424,600,138620,1
34519.75,2,379594,50,139190,-1
34519.775,2,383224,1400,139500,-1
34519.818,1,383512,1400,139430,-1
34520.284,1,383891,600,139580,-1
34520.624,5,383966,300,139040,-1
34520.647,5,384117,200,139040,1
34520.665,2,383424,600,138620,1
34520.672,2,383891,600,139580,-1
34520.876,1,384441,600,139480,-1
34521.327,4,380815,400,139000,1
34521.417,1,384908,600,138520,1
34521.87,1,385334,50,139190,-1
34521.925,2,385334,50,139190,-1
34522.395,4,380815,1750,139000,1
34522.395,4,380993,500,139000,1
34522.395,5,375219,350,138920,1
34522.424,2,383157,1400,138640,1
34522.465,1,385763,1400,138570,1
34522.624,2,382112,500,138710,1
34522.633,2,382586,500,139390,-1
34522.774,1,386186,500,138610,1
34522.779,2,376482,1000,138810,1
34522.973,1,386363,3,139000,-1
34523.317,1,386674,300,139000,-1
34523.337,5,375219,2200,138920,1
34523.466,2,380163,1000,138600,1
34523.573,2,380029,3,139080,-1
34523.677,1,387043,2000,138900,1
34523.679,2,384908,600,138520,1
34523.684,2,384441,600,139480,-1
34523.756,2,383512,1400,139430,-1
34523.797,1,387199,1400,139360,-1
34523.906,1,387350,600,138520,1
34524.061,2,378117,1500,138720,1
34524.067,2,378691,1500,139380,-1
34524.264,1,387625,50,139090,-1
34524.343,2,387350,600,138520,1
34524.449,1,387764,600,139380,-1
34524.46,1,387770,47,139000,-1
34524.655,5,375219,450,138920,1
34524.655,4,387043,1550,138900,1
34524.699,2,381017,47,139080,-1
34524.998,1,388276,600,138420,1
34525.006,4,387043,3,138900,1
34525.145,4,387043,447,138900,1
34525.145,4,369155,1553,138800,1
34525.203,2,386363,3,139000,-1
34525.26,1,388511,1500,138620,1
34525.285,2,386674,300,139000,-1
34525.627,2,365202,800,139100,-1
34525.964,1,389108,300,139000,-1
34526.019,1,389141,150,138900,-1
34526.308,2,386186,500,138610,1
34526.356,4,369155,447,138800,1
34526.356,5,388489,500,138630,1
34526.356,4,388511,53,138620,1
34526.494,2,388511,1447,138620,1
34526.508,1,389465,53,138980,-1
34526.534,2,389108,300,139000,-1
34526.538,1,389492,500,138510,1
34526.566,1,389514,1000,138610,1
34526.632,1,389564,1500,138900,-1
34526.749,2,389514,1000,138610,1
34526.765,1,389697,400,138710,1
34526.786,2,388276,600,138420,1
34526.788,2,387764,600,139380,-1
34526.908,1,389778,600,138320,1
34527.047,2,381320,150,139100,-1
34527.134,1,389927,2000,138800,-1
34527.14,1,389934,150,138800,-1
34527.394,4,389697,400,138710,1
34527.394,5,389412,500,138630,1
34527.394,5,389476,100,138630,1
34527.459,1,390138,600,139280,-1
34527.966,2,389564,1500,138900,-1
34528.298,2,389927,2000,138800,-1
34528.577,2,387625,50,139090,-1
34528.921,2,265829,1000,139890,-1
34528.934,5,389476,2000,138630,1
34528.994,1,391350,300,138800,-1
34529.309,1,391572,3000,139100,-1
34529.452,1,391673,400,138990,-1
34529.666,2,389465,53,138980,-1
34529.671,1,391848,53,138880,-1
34529.673,2,391350,300,138800,-1
34529.875,5,388497,47,138620,1
34530.125,2,387770,47,139000,-1
34530.265,1,392329,3000,138710,-1
34531.046,2,389141,150,138900,-1
34531.139,5,392239,150,138620,1
34531.154,1,392983,100,69300,1
34531.353,2,392983,100,69300,1
34531.839,1,393478,300,138790,-1
34531.996,2,375165,2400,138600,1
34531.998,1,393546,2400,138500,1
34532.085,1,393593,1447,138520,1
34532.371,1,393750,2000,143200,-1
34532.466,2,385763,1400,138570,1
34532.468,2,387199,1400,139360,-1
34532.507,1,393817,1400,138640,1
34532.512,1,393822,1400,139430,-1
34532.669,2,389778,600,138320,1
34532.673,2,390138,600,139280,-1
34532.675,1,393973,600,138420,1
34532.724,2,393593,1447,138520,1
34532.727,2,391848,53,138880,-1
34533.022,1,394235,3000,138700,-1
34533.043,1,394257,600,139380,-1
34533.33,5,394327,300,138670,-1
34533.33,5,394266,1200,138680,-1
34534.45,2,391673,400,138990,-1
34534.524,2,393817,1400,138640,1
34534.561,4,394235,1500,138700,-1
34534.599,2,393822,1400,139430,-1
34534.631,1,395366,400,138990,-1
34534.638,1,395376,1400,139080,-1
34534.951,2,393973,600,138420,1
34534.954,2,394257,600,139380,-1
34535.055,1,395710,1447,138520,1
34535.058,1,395713,600,138420,1
34535.167,4,394235,1000,138700,-1
34535.169,4,394235,500,138700,-1
34535.264,1,395876,1200,138700,1
34535.279,4,395876,150,138700,1
34535.308,4,392329,1000,138710,-1
34535.392,2,395713,600,138420,1
34535.407,4,392329,500,138710,-1
34535.442,4,392329,700,138710,-1
34535.527,4,392329,300,138710,-1
34535.652,1,396159,600,138320,1
34535.706,4,392329,500,138710,-1
34535.858,2,356601,15000,139800,-1
34536.218,1,396552,600,139280,-1
34536.541,2,389492,500,138510,1
34536.672,1,396872,500,138510,1
34537.627,2,395876,1050,138700,1
34538.314,1,398237,700,138700,-1
34539.076,4,398237,700,138700,-1
34539.524,1,399135,53,138880,-1
34539.63,2,395366,400,138990,-1
34539.766,1,399322,400,138990,-1
34540.132,4,393478,300,138790,-1
34540.167,4,389934,47,138800,-1
34540.273,1,399719,500,139190,-1
34540.386,2,396872,500,138510,1
34540.836,4,389934,103,138800,-1
34540.836,1,400139,197,138810,1
34540.967,2,400139,197,138810,1
34540.98,1,400268,1400,138570,1
34540.983,2,395376,1400,139080,-1
34541.028,1,400321,1400,139000,-1
34541.08,2,399719,500,139190,-1
34541.12,1,400395,50,138700,1
34541.411,4,399135,53,138880,-1
34541.411,1,400612,144,138910,1
34541.431,4,400612,144,138910,1
34541.434,1,400633,8000,138710,1
34541.859,1,401035,2000,139100,-1
34541.929,1,401084,500,138710,1
34542.476,1,401496,500,139390,-1
34542.778,2,396159,600,138320,1
34542.782,2,396552,600,139280,-1
34542.792,1,401753,50,138700,1
34542.886,1,401829,600,138420,1
34543.216,2,400395,50,138700,1
34543.431,1,402178,600,139380,-1
34543.975,2,395710,1447,138520,1
34544.04,1,402627,150,138900,-1
34544.06,1,402648,50,138800,1
34544.085,1,402661,1500,138620,1
34544.553,2,400268,1400,138570,1
34544.626,2,400321,1400,139000,-1
34544.665,1,403099,1400,139360,-1
34544.772,2,399322,400,138990,-1
34544.906,1,403264,400,138990,-1
34545.02,1,403356,1400,138640,1
34545.024,2,403099,1400,139360,-1
34545.078,2,403356,1400,138640,1
34545.126,4,402627,100,138900,-1
34545.177,1,403494,1400,139430,-1
34545.215,1,403540,1400,138570,1
34545.283,4,402627,50,138900,-1
34545.292,2,403540,1400,138570,1
34545.331,1,403628,1400,138640,1
34545.331,2,401829,600,138420,1
34545.333,2,402178,600,139380,-1
34545.439,1,403709,600,138520,1
34545.979,1,404131,600,139480,-1
34546.06,2,400633,8000,138710,1
34546.171,1,404266,50,138900,1
34546.27,5,403594,400,138970,-1
34546.469,5,404379,100,138950,-1
34546.509,2,401753,50,138700,1
34546.572,1,404577,100,138900,1
34546.584,5,404575,100,138910,1
34546.735,5,404379,100,138950,-1
34546.863,5,404379,100,138950,-1
34546.922,2,402648,50,138800,1
34547.579,5,405351,100,138940,-1
34547.597,2,404577,100,138900,1
34548.186,1,405906,400,138610,1
34548.214,2,403264,400,138990,-1
34548.241,2,405906,400,138610,1
34548.379,1,406050,1500,139280,-1
34548.54,2,357659,1000,139200,-1
34548.716,2,402661,1500,138620,1
34548.723,2,406050,1500,139280,-1
34548.929,1,406477,1500,138720,1
34548.934,1,406483,1500,139000,-1
34550.718,1,407652,350,138910,1
34551.045,1,407882,100,138900,1
34551.664,2,403709,600,138520,1
34551.668,2,404131,600,139480,-1
34551.744,1,408452,600,138620,1
34551.837,2,408452,600,138620,1
34551.93,2,401084,500,138710,1
34552.053,1,408676,500,138710,1
34552.313,1,408860,600,138620,1
34552.461,2,403628,1400,138640,1
34552.462,2,403494,1400,139430,-1
34552.48,2,401496,500,139390,-1
34552.501,1,408995,1400,138710,1
34552.504,1,408999,1400,139500,-1
34552.609,1,409083,500,139390,-1
34552.854,1,409277,600,139580,-1
34553.049,1,409404,150,139000,-1
34553.136,1,409474,400,139290,-1
34553.236,4,406483,50,139000,-1
34553.669,2,409474,400,139290,-1
34553.707,2,409083,500,139390,-1
34553.712,4,407652,350,138910,1
34553.712,5,407877,650,138910,1
34553.825,1,410118,500,139390,-1
34554.199,2,404266,50,138900,1
34554.365,5,409979,300,138940,1
34554.574,2,401035,2000,139100,-1
34555.126,2,407882,100,138900,1
34555.245,4,406483,50,139000,-1
34555.887,2,408860,600,138620,1
34555.89,2,409277,600,139580,-1
34555.909,1,412112,400,139290,-1
34556.001,1,412188,600,138520,1
34556.452,1,412520,400,138710,1
34556.542,1,412603,600,139480,-1
34556.561,4,406483,950,139000,-1
34556.998,4,406483,35,139000,-1
34557.233,4,406483,415,139000,-1
34557.233,4,409404,150,139000,-1
34557.285,5,405933,13,139050,-1
34557.468,2,412112,400,139290,-1
34557.547,1,413663,400,139190,-1
34557.587,1,413699,100,138900,1
34558.708,2,412188,600,138520,1
34558.712,2,412603,600,139480,-1
34558.815,1,414942,600,138620,1
34559.387,1,415406,600,139580,-1
34559.407,1,415422,2500,139400,-1
34559.511,2,413699,100,138900,1
34559.642,1,415626,100,138900,1
34560.18,2,412520,400,138710,1
34560.28,1,416156,400,138610,1
34560.888,2,410118,500,139390,-1
34561.103,1,416870,500,139290,-1
34561.142,5,403717,35,139090,-1
34561.165,5,415643,1200,138920,1
34561.165,5,416805,800,138920,1
34561.413,2,415626,100,138900,1
34561.535,1,417213,100,138900,1
34561.982,2,417213,100,138900,1
34562.051,2,408676,500,138710,1
34562.134,1,417779,150,139000,-1
34562.158,4,417779,150,139000,-1
34562.213,1,417843,500,138710,1
34562.294,5,417881,3,138950,1
34562.551,2,413663,400,139190,-1
34562.694,1,418206,400,139190,-1
34563.571,2,414942,600,138620,1
34563.574,2,415406,600,139580,-1
34563.683,1,418931,600,138520,1
34563.792,2,417843,500,138710,1
34563.903,1,419134,1000,138730,1
34564.03,1,419253,200,139000,1
34564.085,1,419297,500,138610,1
34564.228,1,419464,600,139480,-1
34564.244,5,417821,1200,139080,-1
34564.244,5,418989,800,139080,-1
34564.244,5,403717,12,139090,-1
34564.244,5,405986,100,139090,-1
34564.244,4,391572,888,139100,-1
34564.281,2,419297,500,138610,1
34564.291,2,418931,600,138520,1
34564.296,2,419464,600,139480,-1
34564.305,4,391572,2000,139100,-1
34564.589,2,416870,500,139290,-1
34564.656,1,419802,500,139390,-1
34564.783,1,419926,600,139580,-1
34565.106,4,391572,100,139100,-1
34565.166,2,419253,200,139000,1
34565.212,1,420257,500,138710,1
34565.282,2,416156,400,138610,1
34565.326,1,420343,600,138620,1
34565.42,1,420432,400,138610,1
34565.765,2,420432,400,138610,1
34565.968,1,420933,400,138710,1
34566.189,1,421082,200,139000,1
34566.966,2,418206,400,139190,-1
34567.064,1,421761,400,139290,-1
34567.138,2,421082,200,139000,1
34567.987,2,420257,500,138710,1
34568.12,2,408995,1400,138710,1
34568.123,2,408999,1400,139500,-1
34568.159,1,422877,1400,138780,1
34568.162,1,422880,1400,139580,-1
34568.217,2,419134,1000,138730,1
34568.253,1,422973,1000,138790,1
34568.271,1,422991,500,138810,1
34568.571,2,406477,1500,138720,1
34568.729,1,423456,1500,138820,1
34569.676,2,422877,1400,138780,1
34569.686,2,422880,1400,139580,-1
34569.707,2,419926,600,139580,-1
34569.711,2,420343,600,138620,1
34569.729,1,424428,1400,138710,1
34569.732,1,424431,1400,139500,-1
34569.742,2,423456,1500,138820,1
34569.778,1,424494,600,138520,1
34570.045,1,424725,2000,138900,1
34570.307,1,424917,600,139480,-1
34570.971,2,420933,400,138710,1
34571.108,1,425630,400,138710,1
34571.114,1,425633,150,139100,-1
34571.4,2,422991,500,138810,1
34571.419,2,424494,600,138520,1
34571.421,2,424917,600,139480,-1
34571.511,1,425925,600,138620,1
34571.61,1,426006,500,138710,1
34571.692,2,424431,1400,139500,-1
34571.737,1,426157,1400,139580,-1
34571.788,2,425925,600,138620,1
34571.877,2,424428,1400,138710,1
34571.915,1,426358,1400,138780,1
34571.983,2,426358,1400,138780,1
34572.029,1,426467,1400,138710,1
34572.057,2,426157,1400,139580,-1
34572.061,2,421761,400,139290,-1
34572.086,1,426514,600,139480,-1
34572.098,1,426527,1400,139500,-1
34572.204,1,426619,400,139290,-1
34572.523,2,426514,600,139480,-1
34572.657,1,427029,600,138620,1
34573.201,1,427529,600,139580,-1
34573.314,2,310283,2000,139400,-1
34573.476,2,374807,2300,139600,-1
34573.485,1,427720,2300,140100,-1
34573.692,1,427904,100,69500,1
34573.89,2,427904,100,69500,1
34574.662,2,419802,500,139390,-1
34574.78,1,428723,500,139390,-1
34575.595,2,381970,400,139200,-1
34576.111,2,425630,400,138710,1
34576.25,1,429810,400,138710,1
34576.981,1,430345,1326,143000,-1
34577.201,2,426619,400,139290,-1
34577.346,1,430618,400,139290,-1
34577.363,2,424725,2000,138900,1
34577.559,1,430772,1500,138720,1
34577.708,2,426467,1400,138710,1
34577.71,2,426527,1400,139500,-1
34577.745,2,430772,1500,138720,1
34577.75,1,430966,1400,138780,1
34577.755,1,430971,1400,139580,-1
34578.163,1,431331,1500,138820,1
34580.097,1,432942,150,139000,-1
34580.157,4,432942,150,139000,-1
34580.566,2,428723,500,139390,-1
34580.74,2,426006,500,138710,1
34580.809,1,433525,500,139290,-1
34581.01,1,433663,200,139000,1
34581.251,2,429810,400,138710,1
34581.352,1,433891,500,138610,1
34582.351,2,430618,400,139290,-1
34582.493,1,434771,400,139290,-1
34582.662,2,427029,600,138620,1
34582.893,1,435125,600,138620,1
34583.202,2,427529,600,139580,-1
34583.358,1,435467,400,138810,1
34583.441,2,433663,200,139000,1
34583.449,1,435532,600,139580,-1
34583.955,1,436042,200,139000,1
34584.112,2,430971,1400,139580,-1
34584.152,1,436226,1400,139650,-1
34584.189,2,436226,1400,139650,-1
34584.23,1,436304,1400,139580,-1
34584.718,4,391572,12,139100,-1
34584.718,4,425633,150,139100,-1
34584.837,2,430966,1400,138780,1
34584.839,2,436304,1400,139580,-1
34584.88,1,436920,1400,138850,1
34584.883,1,436921,1400,139650,-1
34585.122,2,435125,600,138620,1
34585.125,2,435532,600,139580,-1
34585.236,1,437228,600,138720,1
34585.25,2,433891,500,138610,1
34585.37,1,437335,500,138710,1
34585.782,2,435467,400,138810,1
34585.836,1,437829,600,139680,-1
34585.993,2,433525,500,139290,-1
34586.004,1,438010,1700,139100,1
34586.303,1,438362,500,139390,-1
34586.639,2,436042,200,139000,1
34586.834,1,438784,200,139100,1
34587.37,2,438784,200,139100,1
34587.459,1,439381,200,139100,1
34587.491,2,434771,400,139290,-1
34587.629,1,439539,400,139290,-1
34587.654,2,439381,200,139100,1
34588.176,1,440065,400,138810,1
34589.408,1,441019,200,139100,1
34589.572,1,441134,150,139200,-1
34589.734,4,348850,1000,139200,-1
34589.958,5,441161,700,139140,1
34590.355,2,441019,200,139100,1
34590.42,4,348850,4406,139200,-1
34590.541,2,431331,1500,138820,1
34590.654,1,441905,1500,138920,1
34590.69,2,437335,500,138710,1
34590.811,1,442061,500,138810,1
34590.906,1,442115,2000,139000,1
34590.931,2,438362,500,139390,-1
34591.279,2,439539,400,139290,-1
34591.346,1,442442,400,139390,-1
34591.354,1,442445,500,139490,-1
34591.403,1,442484,1500,139580,-1
34591.502,1,442551,200,139100,1
34592.519,2,442551,200,139100,1
34592.523,1,443459,200,139100,1
34592.885,2,442442,400,139390,-1
34592.983,1,443867,400,139290,-1
34593.172,2,440065,400,138810,1
34593.286,2,443867,400,139290,-1
34593.463,2,438010,1700,139100,1
34593.505,2,441905,1500,138920,1
34593.512,2,442484,1500,139580,-1
34593.533,1,444311,400,139290,-1
34594.37,1,444925,6700,139200,-1
34594.515,1,445024,400,138810,1
34594.771,2,443459,200,139100,1
34595.076,2,441134,150,139200,-1
34595.242,2,437228,600,138720,1
34595.254,1,445622,150,139200,-1
34595.366,1,445680,600,138720,1
34595.516,2,444311,400,139290,-1
34595.652,1,445891,400,139390,-1
34595.842,2,437829,600,139680,-1
34595.915,1,446130,600,139680,-1
34596.041,2,436920,1400,138850,1
34596.042,2,436921,1400,139650,-1
34596.079,1,446268,1400,138780,1
34596.083,1,446272,1400,139580,-1
34596.149,1,446330,1500,138820,1
34597.18,2,445891,400,139390,-1
34597.403,1,447525,400,139290,-1
34597.56,1,447669,2000,144800,-1
34598.438,1,448411,150,139200,-1
34599.512,2,445024,400,138810,1
34599.579,1,449382,400,138810,1
34599.664,2,445680,600,138720,1
34599.667,2,446130,600,139680,-1
34599.781,1,449590,600,139580,-1
34600.325,1,450060,600,138620,1
34600.812,2,442061,500,138810,1
34601.352,2,442445,500,139490,-1
34601.725,1,451206,500,139390,-1
34602.281,1,451594,500,138810,1
34602.373,2,451206,500,139390,-1
34602.402,2,447525,400,139290,-1
34602.532,1,451836,400,139290,-1
34602.542,2,446330,1500,138820,1
34602.651,1,451952,1500,139380,-1
34602.83,1,452123,500,139390,-1
34603.273,2,451594,500,138810,1
34603.314,2,442115,2000,139000,1
34603.345,2,422973,1000,138790,1
34603.372,1,452494,1000,138820,1
34603.412,1,452515,1500,138720,1
34603.757,1,452785,500,138710,1
34604.582,2,449382,400,138810,1
34604.733,1,453421,400,138810,1
34604.746,2,452494,1000,138820,1
34604.798,2,450060,600,138620,1
34604.799,2,449590,600,139580,-1
34604.903,1,453560,500,138800,1
34604.908,1,453566,600,138520,1
34605.459,1,453906,600,139480,-1
34605.559,1,453989,8000,139190,-1
34605.667,5,453921,1000,139070,-1
34605.907,2,444925,6700,139200,-1
34606.028,2,445622,150,139200,-1
34606.115,2,448411,150,139200,-1
34606.203,1,454437,150,139100,-1
34606.231,4,454437,150,139100,-1
34606.291,1,454486,150,139100,-1
34606.39,5,454484,1000,139090,-1
34606.512,5,454580,200,139080,-1
34606.512,4,454486,150,139100,-1
34606.905,5,455006,600,139090,-1
34607.533,2,451836,400,139290,-1
34607.597,1,455585,400,139290,-1
34607.778,1,455758,150,139100,-1
34607.801,4,455758,150,139100,-1
34608.147,2,455585,400,139290,-1
34609.564,1,456950,400,139290,-1
34609.733,2,453421,400,138810,1
34609.81,1,457166,1000,138810,1
34610.109,1,457373,400,138810,1
34610.657,5,455190,500,139140,-1
34611.976,2,456950,400,139290,-1
34612.8,2,446268,1400,138780,1
34612.803,2,446272,1400,139580,-1
34612.834,2,452123,500,139390,-1
34612.849,1,459699,1400,138850,1
34612.854,1,459704,1400,139650,-1
34612.866,2,452515,1500,138720,1
34612.874,2,451952,1500,139380,-1
34612.983,1,459823,500,139390,-1
34613.085,1,459913,1500,138820,1
34613.138,2,457166,1000,138810,1
34613.169,1,459993,1000,138860,1
34613.172,1,459996,400,139390,-1
34613.261,2,453566,600,138520,1
34613.262,2,453906,600,139480,-1
34613.367,1,460139,600,138620,1
34613.763,2,452785,500,138710,1
34613.853,1,460519,500,138710,1
34613.919,1,460566,600,139580,-1
34613.921,2,460139,600,138620,1
34614.037,2,460566,600,139580,-1
34614.491,1,460930,600,138620,1
34615.047,1,461316,600,139580,-1
34615.113,2,457373,400,138810,1
34615.358,1,461509,400,138810,1
34616.398,1,462167,150,139100,-1
34616.409,2,459699,1400,138850,1
34616.412,2,459704,1400,139650,-1
34616.421,4,462167,150,139100,-1
34616.452,1,462207,1400,138780,1
34616.452,2,460930,600,138620,1
34616.457,1,462211,1400,139580,-1
34616.461,2,461316,600,139580,-1
34616.478,2,453560,500,138800,1
34616.5,2,459913,1500,138820,1
34616.519,1,462260,600,138520,1
34616.794,2,453989,8000,139190,-1
34616.918,1,462627,1500,139380,-1
34617.025,1,462728,600,139480,-1
34617.219,1,462849,100,69600,1
34617.372,2,459993,1000,138860,1
34617.419,2,462849,100,69600,1
34617.446,5,462270,1000,139180,-1
34617.446,5,462295,453,139180,-1
34617.446,4,348850,2594,139200,-1
34617.48,1,462999,1000,138820,1
34617.791,2,460519,500,138710,1
34618.02,1,463482,500,138810,1
34618.042,2,462260,600,138520,1
34618.044,2,462728,600,139480,-1
34618.153,1,463573,600,138620,1
34618.16,2,462627,1500,139380,-1
34618.173,2,459996,400,139390,-1
34618.273,1,463638,1500,139480,-1
34618.313,1,463666,400,139390,-1
34618.327,2,459823,500,139390,-1
34618.57,1,463793,500,139490,-1
34618.719,1,463940,600,139580,-1
34618.835,1,464052,1500,138820,1
34620.363,2,461509,400,138810,1
34620.516,1,465092,400,138810,1
34623.313,2,463666,400,139390,-1
34623.371,1,467163,1000,139390,-1
34623.467,1,467227,400,139390,-1
34624.156,2,463573,600,138620,1
34624.159,2,463940,600,139580,-1
34624.272,1,467839,600,138720,1
34624.678,2,465092,400,138810,1
34624.78,1,468308,400,138910,1
34624.823,1,468348,600,139680,-1
34625.086,2,462207,1400,138780,1
34625.088,2,462211,1400,139580,-1
34625.134,1,468606,1400,138850,1
34625.136,1,468608,1400,139650,-1
34625.991,2,468308,400,138910,1
34626.09,2,462999,1000,138820,1
34626.091,1,469462,400,138810,1
34626.121,1,469484,1000,138860,1
34626.211,2,469462,400,138810,1
34626.647,1,469995,400,138810,1
34626.852,1,470162,2000,139200,1
34628.023,2,463482,500,138810,1
34628.185,1,471149,500,138810,1
34628.473,2,467227,400,139390,-1
34628.48,1,471360,2480,141000,-1
34628.573,2,463793,500,139490,-1
34628.609,1,471425,400,139390,-1
34628.744,1,471549,500,139490,-1
34629.058,2,468606,1400,138850,1
34629.06,2,468608,1400,139650,-1
34629.101,1,471785,1400,138780,1
34629.105,1,471789,1400,139580,-1
34629.228,2,471789,1400,139580,-1
34629.272,1,471918,1400,139650,-1
34629.934,5,470191,444,139240,1
34629.934,5,470178,1200,139220,1
34629.934,5,470181,356,139210,1
34630.176,2,469995,400,138810,1
34630.181,2,464052,1500,138820,1
34630.184,2,463638,1500,139480,-1
34630.232,2,471785,1400,138780,1
34630.269,1,472790,1400,138850,1
34630.298,1,472817,400,138910,1
34630.45,1,472969,1500,138920,1
34630.48,5,470181,244,139210,1
34630.48,4,470162,56,139200,1
34631.391,2,467163,1000,139390,-1
34631.499,5,473694,150,139210,1
34631.625,1,473913,1200,139200,1
34632.116,1,474364,100,142800,-1
34632.553,1,474686,6700,139300,-1
34633.613,2,471425,400,139390,-1
34633.749,1,475757,400,139390,-1
34633.762,5,475434,1000,139210,1
34633.762,4,470162,1944,139200,1
34633.762,4,473913,200,139200,1
34633.92,2,472790,1400,138850,1
34633.924,2,471918,1400,139650,-1
34633.957,2,467839,600,138720,1
34633.961,2,468348,600,139680,-1
34633.992,1,475952,1400,138920,1
34633.995,1,475960,1400,139720,-1
34634.052,2,475757,400,139390,-1
34634.194,1,476122,600,139780,-1
34634.247,2,471549,500,139490,-1
34634.404,1,476331,1500,139580,-1
34634.421,1,476347,400,139490,-1
34634.439,5,475798,150,139210,1
34634.453,1,476373,500,139590,-1
34634.64,1,476593,600,138820,1
34635.303,2,472817,400,138910,1
34635.31,2,471149,500,138810,1
34635.39,1,477367,400,138910,1
34635.585,1,477506,500,138910,1
34636.714,1,478585,200,139200,1
34637.103,2,478585,200,139200,1
34637.218,1,479099,200,139200,1
34637.725,2,479099,200,139200,1
34639.424,2,476347,400,139490,-1
34639.546,1,480944,400,139490,-1
34639.853,5,477807,100,139250,1
34639.853,5,475798,50,139210,1
34639.853,4,473913,1000,139200,1
34639.853,5,473918,1050,139200,1
34639.887,2,469484,1000,138860,1
34639.917,1,481310,1000,138930,1
34640.027,2,476593,600,138820,1
34640.029,2,476122,600,139780,-1
34640.13,1,481470,600,138720,1
34640.394,2,477367,400,138910,1
34640.53,1,481734,400,138910,1
34640.698,1,481898,600,139680,-1
34641.188,5,474706,1200,139280,-1
34641.188,5,481275,600,139290,-1
34641.188,4,474686,700,139300,-1
34641.264,4,474686,1000,139300,-1
34641.933,1,482856,1000,136000,1
34642.339,1,483172,2000,139500,-1
34642.835,2,481734,400,138910,1
34642.935,1,483659,400,139010,1
34643.598,1,484180,150,139300,-1
34644.191,2,317133,1600,140100,-1
34644.212,1,484725,2400,140800,-1
34644.257,2,483659,400,139010,1
34644.358,1,484850,400,138910,1
34644.453,2,476373,500,139590,-1
34644.524,1,484967,500,139590,-1
34644.543,2,480944,400,139490,-1
34644.589,4,474686,700,139300,-1
34644.843,2,481470,600,138720,1
34644.844,2,481898,600,139680,-1
34644.929,1,485314,400,139490,-1
34644.948,1,485329,600,138620,1
34644.955,2,475952,1400,138920,1
34644.96,2,475960,1400,139720,-1
34644.996,1,485379,1400,138850,1
34645.001,1,485383,1400,139650,-1
34645.204,2,472969,1500,138920,1
34645.206,2,476331,1500,139580,-1
34645.501,1,485778,600,139580,-1
34645.584,2,477506,500,138910,1
34645.758,1,486003,500,138910,1
34646.195,2,285510,13100,141200,-1
34646.284,2,484967,500,139590,-1
34646.285,2,486003,500,138910,1
34646.639,1,486778,500,139490,-1
34646.972,2,485314,400,139490,-1
34647.068,1,487158,400,139390,-1
34647.195,1,487265,500,138810,1
34647.499,5,487432,1000,139190,-1
34647.499,5,487493,200,139190,-1
34647.822,2,485379,1400,138850,1
34647.858,2,485383,1400,139650,-1
34647.864,1,487843,1400,138780,1
34647.898,1,487876,1400,139580,-1
34648.276,1,488200,13100,140800,-1
34648.468,1,488368,1400,139300,-1
34648.476,2,488368,1400,139300,-1
34648.634,2,485329,600,138620,1
34648.641,2,485778,600,139580,-1
34648.744,1,488670,600,139480,-1
34649.073,2,488670,600,139480,-1
34649.294,1,489109,600,138620,1
34649.364,2,484850,400,138910,1
34649.484,1,489254,400,138910,1
34649.746,2,481310,1000,138930,1
34649.846,1,489560,600,139580,-1
34649.93,1,489625,1500,138820,1
34650.067,2,484180,150,139300,-1
34650.165,1,489805,150,139100,-1
34650.494,2,489109,600,138620,1
34650.498,2,489560,600,139580,-1
34650.629,1,490283,600,138520,1
34651.096,1,490679,500,139200,-1
34651.135,2,489625,1500,138820,1
34651.189,1,490790,600,139480,-1
34651.466,5,489904,100,139090,-1
34651.466,4,489805,100,139100,-1
34651.646,2,489254,400,138910,1
34651.761,1,491339,400,138810,1
34651.797,1,491375,1500,138720,1
34651.803,1,491381,500,138800,1
34652.074,2,487158,400,139390,-1
34652.345,1,491826,400,139390,-1
34652.433,1,491905,150,139100,-1
34656.606,2,487265,500,138810,1
34656.645,2,486778,500,139490,-1
34656.766,2,491339,400,138810,1
34656.812,1,494974,500,138710,1
34656.855,1,495021,1000,138810,1
34656.941,1,495080,400,138810,1
34657.028,2,495021,1000,138810,1
34657.344,2,491826,400,139390,-1
34657.477,1,495445,500,139490,-1
34657.494,1,495451,400,139390,-1
34657.951,2,495445,500,139490,-1
34658.137,1,495981,500,139490,-1
34658.279,2,495451,400,139390,-1
34658.293,2,495981,500,139490,-1
34658.719,1,496529,500,139390,-1
34658.76,1,496568,400,139290,-1
34658.83,2,490283,600,138520,1
34658.832,2,490790,600,139480,-1
34658.942,1,496745,600,138420,1
34659.174,2,487843,1400,138780,1
34659.215,1,496990,1400,138710,1
34659.25,2,487876,1400,139580,-1
34659.289,1,497069,1400,139500,-1
34659.308,2,496745,600,138420,1
34659.315,2,491375,1500,138720,1
34659.477,1,497217,600,138420,1
34660.042,1,497704,600,139380,-1
34661.241,2,495080,400,138810,1
34661.277,1,498797,1000,138810,1
34661.354,1,498891,400,138710,1
34661.678,1,499259,150,139000,-1
34661.761,1,499373,100,69400,1
34661.761,2,491381,500,138800,1
34661.853,1,499470,1500,138620,1
34661.872,1,499483,1000,139100,-1
34661.956,2,499373,100,69400,1
34662.052,2,496990,1400,138710,1
34662.056,2,497069,1400,139500,-1
34662.118,1,499722,1400,138640,1
34662.125,1,499731,1400,139430,-1
34662.35,2,498891,400,138710,1
34662.456,1,499989,400,138810,1
34662.688,2,498797,1000,138810,1
34662.9,2,489805,50,139100,-1
34662.994,2,491905,150,139100,-1
34663.087,1,500610,150,139000,-1
34663.701,1,501095,50,139000,-1
34663.764,2,496568,400,139290,-1
34663.983,1,501348,400,139290,-1
34664.537,2,499470,1500,138620,1
34664.681,1,501935,1500,139180,-1
34665.333,2,501935,1500,139180,-1
34665.557,1,502501,1500,139180,-1
34665.786,2,499722,1400,138640,1
34665.79,2,499731,1400,139430,-1
34665.81,2,502501,1500,139180,-1
34665.827,1,502765,1400,138710,1
34665.829,1,502767,1400,139500,-1
34666.105,1,503003,1500,138620,1
34666.814,2,494974,500,138710,1
34666.994,1,503722,500,138710,1
34667.454,2,499989,400,138810,1
34667.738,1,504328,400,138810,1
34668.091,1,504631,5000,139600,-1
34668.39,2,502765,1400,138710,1
34668.393,2,502767,1400,139500,-1
34668.433,1,504838,1400,138780,1
34668.436,5,501630,300,138990,-1
34668.437,1,504845,1400,139580,-1
34668.488,2,497704,600,139380,-1
34668.492,2,497217,600,138420,1
34668.522,2,503003,1500,138620,1
34668.534,1,504936,600,138520,1
34668.728,2,496529,500,139390,-1
34668.772,2,504936,600,138520,1
34668.881,1,505278,500,139390,-1
34668.985,2,501348,400,139290,-1
34669.029,1,505380,600,138420,1
34669.161,2,504838,1400,138780,1
34669.2,1,505495,1400,138710,1
34669.345,1,505641,400,139290,-1
34669.446,1,505719,1500,138620,1
34669.575,1,505823,200,138900,1
34669.621,1,505858,600,139380,-1
34669.694,2,505495,1400,138710,1
34669.737,1,505976,1400,138780,1
34670.129,2,501095,50,139000,-1
34670.405,2,505719,1500,138620,1
34670.469,5,506446,150,138970,1
34670.501,2,120725,2000,137000,1
34670.757,1,506845,50,139000,-1
34670.937,2,505641,400,139290,-1
34670.955,2,483172,2000,139500,-1
34670.975,1,507079,2000,138000,1
34671.126,2,505823,200,138900,1
34671.181,4,499259,150,139000,-1
34671.181,4,500610,150,139000,-1
34671.385,4,506845,50,139000,-1
34671.986,1,508130,200,138900,1
34672.311,2,505380,600,138420,1
34672.314,2,505858,600,139380,-1
34672.414,1,508492,600,138520,1
34672.735,2,504328,400,138810,1
34672.831,1,508942,400,138810,1
34672.931,2,505976,1400,138780,1
34672.934,2,504845,1400,139580,-1
34672.974,1,509097,1400,138850,1
34672.981,1,509110,1400,139650,-1
34673.069,1,509218,600,139480,-1
34674.243,1,510305,7900,139300,-1
34674.512,4,499483,42,139100,-1
34674.545,2,509097,1400,138850,1
34674.546,2,509110,1400,139650,-1
34674.604,1,510562,1400,138780,1
34674.61,1,510569,1400,139580,-1
34674.956,1,510983,100,138900,1
34674.978,1,511001,1500,138820,1
34674.982,2,505278,500,139390,-1
34675.102,1,511120,500,139490,-1
34675.192,4,499483,100,139100,-1
34675.221,4,499483,800,139100,-1
34675.256,2,510983,100,138900,1
34675.272,4,499483,58,139100,-1
34675.272,1,511295,42,139100,1
34675.31,2,511295,42,139100,1
34675.319,1,511328,400,139390,-1
34675.411,1,511404,100,138900,1
34675.519,2,511001,1500,138820,1
34676.041,2,503722,500,138710,1
34676.149,2,508492,600,138520,1
34676.15,2,509218,600,139480,-1
34676.276,1,512190,600,138620,1
34676.458,1,512337,500,138810,1
34676.877,1,512668,600,139580,-1
34677.292,5,512982,100,139190,-1
34677.667,1,513258,1000,138910,1
34677.684,2,508942,400,138810,1
34677.754,2,511404,100,138900,1
34677.77,1,513366,100,139000,1
34677.799,1,513401,400,138810,1
34678.11,2,513401,400,138810,1
34678.345,1,513850,400,138810,1
34678.522,1,513952,2000,138500,1
34679.55,2,513850,400,138810,1
34679.64,1,514725,400,138910,1
34679.64,2,513366,100,139000,1
34679.69,1,514777,150,139200,-1
34680.192,2,510562,1400,138780,1
34680.194,2,510569,1400,139580,-1
34680.234,2,512190,600,138620,1
34680.238,2,512668,600,139580,-1
34680.24,1,515269,1400,138850,1
34680.242,1,515272,1400,139650,-1
34680.304,1,515345,600,138720,1
34680.311,2,513258,1000,138910,1
34680.325,2,511328,400,139390,-1
34680.438,1,515457,400,139390,-1
34680.819,1,515776,600,139680,-1
34680.914,1,515840,1500,138920,1
34681.448,1,516231,1500,139200,-1
34681.645,2,515269,1400,138850,1
34681.65,2,515272,1400,139650,-1
34681.71,1,516527,1400,138920,1
34681.711,1,516532,1400,139720,-1
34682.529,1,517334,200,139100,1
34682.626,2,516231,1500,139200,-1
34682.643,5,517160,200,139120,1
34683.462,1,518194,15000,139300,-1
34683.541,2,515457,400,139390,-1
34684.033,2,512337,500,138810,1
34684.066,2,517334,200,139100,1
34684.094,2,511120,500,139490,-1
34684.227,1,518977,500,138910,1
34684.343,1,519058,400,139490,-1
34684.645,2,514725,400,138910,1
34684.914,1,519647,500,139590,-1
34684.977,1,519692,400,138910,1
34685.302,2,519692,400,138910,1
34685.354,2,147216,300,137500,1
34685.516,1,520070,400,139010,1
34686.351,2,519058,400,139490,-1
34687.092,4,490679,500,139200,-1
34687.092,4,514777,150,139200,-1
34687.097,1,521527,8000,138800,1
34687.352,2,516527,1400,138920,1
34687.358,2,516532,1400,139720,-1
34687.397,1,521829,1400,139000,1
34687.4,1,521835,1400,139790,-1
34687.429,2,515840,1500,138920,1
34687.692,1,522165,1300,139200,1
34687.772,1,522273,400,139590,-1
34688.046,2,515345,600,138720,1
34688.049,2,515776,600,139680,-1
34688.147,1,522593,600,139780,-1
34688.234,4,474686,100,139300,-1
34688.49,1,522879,1500,139020,1
34688.515,5,522305,150,139250,1
34688.713,1,523104,600,138820,1
34688.982,4,474686,700,139300,-1
34689.146,1,523492,600,139200,1
34689.264,2,523104,600,138820,1
34689.266,2,522593,600,139780,-1
34689.368,1,523669,600,138920,1
34689.448,4,474686,1000,139300,-1
34689.592,4,474686,500,139300,-1
34689.74,4,474686,94,139300,-1
34689.781,2,523492,600,139200,1
34689.943,1,524168,600,139880,-1
34690.516,2,520070,400,139010,1
34690.615,2,518977,500,138910,1
34690.649,1,524735,400,139010,1
34690.668,4,474686,900,139300,-1
34690.809,2,393546,2400,138500,1
34690.827,1,524934,2400,139000,1
34690.887,1,524999,500,138910,1
34691.018,2,521829,1400,139000,1
34691.02,2,521835,1400,139790,-1
34691.067,1,525182,1400,139070,1
34691.069,1,525184,1400,139860,-1
34691.104,2,522879,1500,139020,1
34691.286,1,525383,1500,139120,1
34691.449,1,525523,808,139800,-1
34691.67,4,474686,1006,139300,-1
34691.67,4,510305,2343,139300,-1
34691.934,2,522273,400,139590,-1
34692.046,1,526066,400,139490,-1
34693.655,4,510305,1600,139300,-1
34693.889,4,510305,1800,139300,-1
34694.052,4,510305,79,139300,-1
34694.915,2,519647,500,139590,-1
34694.945,2,327706,200,139400,-1
34694.976,4,510305,9,139300,-1
34695.086,1,528935,500,139590,-1
34695.207,4,510305,1700,139300,-1
34695.505,4,510305,4,139300,-1
34695.562,4,510305,365,139300,-1
34695.562,4,518194,1635,139300,-1
34695.645,2,524735,400,139010,1
34695.681,4,518194,1,139300,-1
34695.774,2,170364,100,124000,1
34695.799,1,529581,400,139010,1
34695.869,2,346968,1000,139600,-1
34696.162,2,525182,1400,139070,1
34696.165,2,525184,1400,139860,-1
34696.203,1,529928,1400,139000,1
34696.21,1,529936,1400,139790,-1
34696.215,2,525383,1500,139120,1
34696.241,4,518194,100,139300,-1
34696.256,2,523669,600,138920,1
34696.263,2,524168,600,139880,-1
34696.325,1,530045,600,139780,-1
34696.42,1,530151,1500,139020,1
34696.761,1,530527,600,138820,1
34697.023,5,522493,200,139210,1
34697.045,2,526066,400,139490,-1
34697.111,1,530808,400,139490,-1
34697.2,2,95020,1500,136800,1
34697.752,1,531339,1500,134800,1
34698.008,1,531540,2000,139700,-1
34698.074,2,530527,600,138820,1
34698.076,2,530045,600,139780,-1
34698.183,1,531648,600,138920,1
34698.517,2,531648,600,138920,1
34698.735,1,532080,600,139780,-1
34699.091,1,532372,150,139300,-1
34699.276,1,532497,600,138820,1
34699.863,2,530151,1500,139020,1
34700.114,2,529581,400,139010,1
34700.304,2,524999,500,138910,1
34700.422,1,533606,1500,138920,1
34700.44,2,529928,1400,139000,1
34700.444,2,529936,1400,139790,-1
34700.488,1,533675,1400,138920,1
34700.492,1,533679,1400,139720,-1
34700.568,1,533769,500,138810,1
34700.705,1,533944,100,130000,1
34701.706,2,528935,500,139590,-1
34701.734,2,533675,1400,138920,1
34701.735,2,533679,1400,139720,-1
34701.779,1,535050,1400,138850,1
34701.785,1,535055,1400,139650,-1
34701.927,2,484725,2400,140800,-1
34701.955,1,535242,1600,140100,-1
34701.958,2,524934,2400,139000,1
34701.969,1,535251,2400,138800,1
34701.995,2,532497,600,138820,1
34701.999,2,532080,600,139780,-1
34702.004,1,535296,600,139680,-1
34702.087,1,535398,500,139490,-1
34702.115,2,530808,400,139490,-1
34702.191,2,535398,500,139490,-1
34702.286,1,535606,400,139490,-1
34702.447,1,535757,600,138720,1
34702.49,1,535805,500,139590,-1
34702.569,2,535805,500,139590,-1
34703.052,1,536481,500,139490,-1
34703.174,4,522165,1000,139200,1
34703.188,2,535757,600,138720,1
34703.191,2,535296,600,139680,-1
34703.242,2,535050,1400,138850,1
34703.246,2,535055,1400,139650,-1
34703.263,2,358344,900,139800,-1
34703.285,1,536689,1400,138920,1
34703.289,1,536695,1400,139720,-1
34703.322,1,536739,600,139780,-1
34703.329,1,536749,1300,139300,-1
34703.359,1,536768,100,139280,-1
34703.414,2,536768,100,139280,-1
34703.523,1,536911,400,138910,1
34703.629,2,522165,300,139200,1
34703.685,1,537090,1000,138930,1
34703.805,1,537228,9900,139290,-1
34703.834,1,537254,900,140400,-1
34703.851,1,537267,600,138820,1
34704.449,2,537267,600,138820,1
34704.451,2,536739,600,139780,-1
34704.575,1,538048,600,138720,1
34705.12,1,538609,600,139680,-1
34705.494,1,538936,100,69600,1
34705.541,2,536689,1400,138920,1
34705.547,2,536695,1400,139720,-1
34705.595,1,539032,1400,139000,1
34705.6,1,539034,1400,139790,-1
34705.638,2,537090,1000,138930,1
34705.651,1,539114,1000,139010,1
34705.691,2,538936,100,69600,1
34705.886,2,539114,1000,139010,1
34706.618,2,539032,1400,139000,1
34706.619,2,539034,1400,139790,-1
34706.649,1,540156,2000,139200,-1
34706.675,1,540195,1400,138920,1
34706.689,1,540215,1400,139720,-1
34706.952,2,540195,1400,138920,1
34706.956,2,540215,1400,139720,-1
34706.995,1,540469,1400,139000,1
34706.997,1,540472,1400,139790,-1
34707.258,2,540469,1400,139000,1
34707.26,2,540472,1400,139790,-1
34707.285,2,535606,400,139490,-1
34707.298,1,540758,1400,138920,1
34707.303,1,540763,1400,139720,-1
34707.305,2,533606,1500,138920,1
34707.328,2,538048,600,138720,1
34707.33,2,538609,600,139680,-1
34707.369,1,540819,600,138620,1
34707.734,2,536749,1300,139300,-1
34707.907,1,541325,600,139580,-1
34708.509,2,540156,2000,139200,-1
34708.526,2,536911,400,138910,1
34708.623,1,541829,400,138910,1
34709.191,1,542269,400,139490,-1
34709.493,1,542443,2000,139000,1
34709.796,5,542190,1000,139170,-1
34709.829,2,533769,500,138810,1
34709.836,2,536481,500,139490,-1
34710.341,1,543187,500,138910,1
34710.506,2,543187,500,138910,1
34710.882,1,543775,500,138810,1
34711.049,2,540758,1400,138920,1
34711.051,2,540763,1400,139720,-1
34711.069,2,532372,150,139300,-1
34711.098,1,544001,1400,139000,1
34711.104,1,544009,1400,139790,-1
34711.118,2,540819,600,138620,1
34711.128,2,541325,600,139580,-1
34711.175,1,544091,600,138720,1
34711.442,1,544338,500,139490,-1
34711.515,1,544400,1500,138920,1
34711.66,1,544570,600,139680,-1
34711.737,5,543901,150,139120,1
34712.194,5,543901,150,139120,1
34712.484,2,544001,1400,139000,1
34712.487,2,544009,1400,139790,-1
34712.548,1,545351,1400,138920,1
34712.551,1,545355,1400,139720,-1
34713.27,2,537228,9900,139290,-1
34713.417,2,544091,600,138720,1
34713.419,2,544570,600,139680,-1
34713.485,2,541829,400,138910,1
34713.532,1,546211,600,139580,-1
34713.606,1,546285,400,139010,1
34713.614,2,544400,1500,138920,1
34714.089,1,546731,600,138620,1
34714.196,2,542269,400,139490,-1
34714.208,2,546731,600,138620,1
34714.21,2,546211,600,139580,-1
34714.351,2,545351,1400,138920,1
34714.353,2,545355,1400,139720,-1
34714.39,1,546969,1400,138850,1
34714.392,1,546970,1400,139650,-1
34714.511,1,547046,400,139490,-1
34714.532,2,546970,1400,139650,-1
34714.574,1,547133,1400,139720,-1
34714.645,1,547205,1500,138920,1
34714.781,1,547384,600,139580,-1
34714.859,2,546285,400,139010,1
34714.938,2,546969,1400,138850,1
34714.972,2,547205,1500,138920,1
34714.978,1,547633,1400,138920,1
34715.021,1,547677,150,139200,-1
34715.081,1,547739,400,138910,1
34715.215,1,547857,600,138620,1
34715.246,2,547739,400,138910,1
34715.417,2,544338,500,139490,-1
34715.564,1,548192,400,139010,1
34715.635,2,543775,500,138810,1
34715.816,2,547857,600,138620,1
34715.819,2,547384,600,139580,-1
34715.928,1,548598,600,138720,1
34715.976,1,548661,500,138910,1
34716.431,2,547633,1400,138920,1
34716.434,2,547133,1400,139720,-1
34716.474,1,549097,1400,139000,1
34716.478,1,549102,1400,139790,-1
34716.636,1,549258,600,139680,-1
34716.648,1,549271,500,139590,-1
34717.05,2,547046,400,139490,-1
34717.276,1,549934,400,139490,-1
34718.437,5,548063,100,139160,-1
34718.437,4,547677,150,139200,-1
34719.503,1,551942,1000,139210,1
34719.68,2,531540,2000,139700,-1
34720.199,4,551942,600,139210,1
34720.411,2,548598,600,138720,1
34720.415,2,549258,600,139680,-1
34720.527,1,552682,600,138720,1
34720.565,2,548192,400,139010,1
34720.663,1,552801,2000,140500,-1
34720.695,1,552833,400,139010,1
34720.697,2,552682,600,138720,1
34721.07,1,553160,600,138820,1
34721.163,4,551942,400,139210,1
34721.647,1,553654,600,139780,-1
34722.186,2,553160,600,138820,1
34722.187,2,553654,600,139780,-1
34722.276,2,549934,400,139490,-1
34722.286,1,554137,600,138720,1
34722.422,1,554222,400,139490,-1
34722.837,1,554605,600,139680,-1
34725.696,2,552833,400,139010,1
34725.827,1,556857,400,139010,1
34725.908,1,556908,1500,138920,1
34725.976,2,548661,500,138910,1
34726.084,1,557029,500,138910,1
34726.646,2,549271,500,139590,-1
34726.743,1,557475,500,139590,-1
34727.426,2,554222,400,139490,-1
34727.577,1,557970,400,139490,-1
34728.34,2,549097,1400,139000,1
34728.341,2,549102,1400,139790,-1
34728.37,2,554137,600,138720,1
34728.375,2,554605,600,139680,-1
34728.384,1,558614,1400,138920,1
34728.388,1,558615,1400,139720,-1
34728.445,1,558673,600,139580,-1
34728.485,1,558706,150,139200,-1
34728.602,2,556908,1500,138920,1
34728.935,1,559118,600,138620,1
34729.59,1,559645,2000,139200,-1
34729.67,2,556857,400,139010,1
34729.724,1,559784,3000,139300,-1
34730.2,1,560243,400,138910,1
34730.373,2,557475,500,139590,-1
34730.388,2,557029,500,138910,1
34730.545,1,560528,500,139490,-1
34731.108,1,561066,500,138810,1
34731.133,1,561091,100,130000,1
34731.419,2,557970,400,139490,-1
34731.842,1,561768,400,139390,-1
34731.894,2,558614,1400,138920,1
34731.898,2,558615,1400,139720,-1
34731.951,1,561870,1400,138850,1
34731.956,1,561876,1400,139650,-1
34732.625,2,561768,400,139390,-1
34732.718,1,562577,400,139490,-1
34732.755,2,560528,500,139490,-1
34732.868,1,562713,500,139590,-1
34732.883,2,562577,400,139490,-1
34732.949,2,562713,500,139590,-1
34733.051,1,562861,150,139100,-1
34733.264,1,563035,400,139390,-1
34733.412,1,563150,500,139490,-1
34733.715,2,561876,1400,139650,-1
34733.758,1,563444,1400,139720,-1
34734.074,2,561870,1400,138850,1
34734.114,1,563775,1400,138920,1
34734.285,2,559118,600,138620,1
34734.288,2,558673,600,139580,-1
34734.291,1,563908,600,138820,1
34734.868,1,564355,600,139380,-1
34735.131,2,563035,400,139390,-1
34735.206,2,560243,400,138910,1
34735.234,1,564634,400,139490,-1
34735.778,1,564971,400,138910,1
34736.552,4,562861,150,139100,-1
34737.597,2,563775,1400,138920,1
34737.6,2,563444,1400,139720,-1
34737.649,1,566515,1400,139000,1
34737.656,1,566522,1400,139790,-1
34737.701,2,566515,1400,139000,1
34737.704,2,566522,1400,139790,-1
34737.745,1,566619,1400,138920,1
34737.749,1,566624,1400,139720,-1
34740.236,2,564634,400,139490,-1
34740.776,2,564971,400,138910,1
34740.934,1,569171,400,138910,1
34741.107,2,561066,500,138810,1
34741.239,1,569362,500,138810,1
34742.23,1,570046,150,139200,-1
34743.417,2,563150,500,139490,-1
34743.649,1,571067,500,139490,-1
34744.296,2,563908,600,138820,1
34744.381,1,571575,600,138820,1
34744.866,2,564355,600,139380,-1
34744.928,1,571993,600,139380,-1
34745.937,2,569171,400,138910,1
34746.078,1,572773,400,138910,1
34746.504,4,558706,150,139200,-1
34746.504,4,559645,2000,139200,-1
34746.504,4,570046,150,139200,-1
34746.624,1,573134,400,139490,-1
34746.683,2,571993,600,139380,-1
34746.733,1,573246,1000,139010,1
34746.792,1,573291,600,139480,-1
34747.193,2,569362,500,138810,1
34747.195,2,571067,500,139490,-1
34747.335,2,571575,600,138820,1
34747.411,1,573708,500,138910,1
34747.446,1,573727,600,138920,1
34747.928,1,574072,500,139590,-1
34748.856,1,574645,14,139280,-1
34749.425,1,574928,100,69600,1
34749.647,2,574928,100,69600,1
34750.033,4,574645,14,139280,-1
34750.041,5,558707,5000,139290,-1
34750.041,4,518194,6500,139300,-1
34750.146,4,518194,986,139300,-1
34750.763,2,559784,3000,139300,-1
34751.063,5,575834,150,139210,1
34751.077,2,572773,400,138910,1
34751.216,1,576058,400,138910,1
34751.626,2,573134,400,139490,-1
34751.699,4,518194,5778,139300,-1
34751.766,1,576397,400,139490,-1
34751.835,2,576058,400,138910,1
34751.952,2,573708,500,138910,1
34751.972,2,574072,500,139590,-1
34752.325,1,576788,400,139010,1
34752.359,2,566619,1400,138920,1
34752.361,2,566624,1400,139720,-1
34752.412,1,576867,1400,139000,1
34752.414,1,576872,1400,139790,-1
34752.441,2,573291,600,139480,-1
34752.523,1,576966,600,139580,-1
34752.61,1,577056,500,139690,-1
34752.674,1,577136,1200,138800,1
34752.682,1,577145,1500,139580,-1
34752.9,1,577349,1200,139600,-1
34753.097,1,577531,500,139010,1
34753.897,2,573727,600,138920,1
34754.017,1,578310,600,139020,1
34754.041,1,578328,1500,138920,1
34754.27,2,577349,1200,139600,-1
34754.559,2,576397,400,139490,-1
34754.612,2,578328,1500,138920,1
34754.618,2,577145,1500,139580,-1
34754.641,1,578851,400,139590,-1
34754.71,1,578947,1500,139020,1
34755.078,2,576867,1400,139000,1
34755.08,2,576872,1400,139790,-1
34755.123,1,579274,1400,139070,1
34755.125,1,579277,1400,139860,-1
34756.033,2,579274,1400,139070,1
34756.038,2,579277,1400,139860,-1
34756.053,1,580244,500,145400,-1
34756.054,2,576788,400,139010,1
34756.099,1,580305,1400,139000,1
34756.105,1,580313,1400,139790,-1
34756.111,1,580323,100,139000,1
34756.163,1,580396,400,139110,1
34759.551,2,580396,400,139110,1
34759.591,2,573246,1000,139010,1
34759.619,1,583667,1000,139030,1
34759.65,2,578851,400,139590,-1
34759.985,1,584011,400,139590,-1
34760.072,2,578947,1500,139020,1
34760.529,1,584392,400,139010,1
34761.105,2,577531,500,139010,1
34761.109,2,577056,500,139690,-1
34761.318,1,585080,500,139590,-1
34761.651,2,580305,1400,139000,1
34761.657,2,580313,1400,139790,-1
34761.684,2,578310,600,139020,1
34761.701,1,585432,1400,138920,1
34761.711,1,585444,1400,139720,-1
34761.723,1,585461,600,138920,1
34761.765,1,585506,1200,139700,-1
34761.798,2,98613,3000,130200,1
34761.924,1,585703,500,138910,1
34762.494,1,586284,9900,139390,-1
34762.527,2,576966,600,139580,-1
34762.781,1,586647,600,139580,-1
34762.86,2,586647,600,139580,-1
34763.227,2,585703,500,138910,1
34763.303,1,587154,600,139480,-1
34763.367,1,587209,500,139010,1
34763.453,1,587273,150,139400,-1
34763.862,5,587515,3000,139350,-1
34763.901,5,587672,3000,139350,-1
34763.901,5,585854,200,139370,-1
34763.901,5,586320,1000,139370,-1
34763.901,5,587355,200,139380,-1
34763.901,4,586284,5500,139390,-1
34764.028,5,587710,800,139370,-1
34764.028,4,586284,3500,139390,-1
34764.035,4,586284,500,139390,-1
34764.233,2,586284,400,139390,-1
34764.265,2,585080,500,139590,-1
34764.596,1,588296,500,139690,-1
34764.987,2,584011,400,139590,-1
34765.125,1,588797,400,139590,-1
34765.164,2,585432,1400,138920,1
34765.167,2,585444,1400,139720,-1
34765.209,1,588863,1400,139000,1
34765.21,1,588865,1400,139790,-1
34765.216,2,587154,600,139480,-1
34765.283,1,588925,600,139580,-1
34765.36,1,588988,200,139800,-1
34765.528,2,584392,400,139010,1
34765.675,1,589299,400,139010,1
34766.346,1,589922,228,139380,-1
34766.37,2,585461,600,138920,1
34766.474,1,590004,600,139020,1
34766.807,2,590004,600,139020,1
34767.024,1,590468,600,138920,1
34767.321,2,589299,400,139010,1
34767.4,1,590726,200,140600,-1
34767.422,1,590740,400,139110,1
34768.547,2,587273,150,139400,-1
34768.676,2,590468,600,138920,1
34768.782,1,592125,600,139020,1
34768.938,4,589922,200,139380,-1
34769.089,1,592390,150,139400,-1
34770.128,2,588797,400,139590,-1
34770.344,4,589922,28,139380,-1
34770.388,1,593498,400,139590,-1
34771.369,2,590740,400,139110,1
34771.59,1,594529,400,139010,1
34771.724,2,592125,600,139020,1
34771.843,1,594811,600,138920,1
34772.402,4,363235,1000,139400,-1
34772.932,2,588925,600,139580,-1
34773.04,1,595900,600,139480,-1
34773.368,2,587209,500,139010,1
34773.478,1,596169,500,139010,1
34774.271,2,592390,150,139400,-1
34774.506,1,596968,718,139100,1
34774.574,2,583667,1000,139030,1
34774.587,1,597041,1000,139110,1
34774.598,2,588296,500,139690,-1
34774.713,2,588863,1400,139000,1
34774.717,2,588865,1400,139790,-1
34774.76,1,597253,1400,138920,1
34774.765,1,597258,1400,139720,-1
34774.822,2,597253,1400,138920,1
34774.825,2,597258,1400,139720,-1
34774.868,1,597370,1400,139000,1
34774.874,1,597376,1400,139790,-1
34774.916,2,597370,1400,139000,1
34774.92,2,597376,1400,139790,-1
34774.96,1,597482,1400,138920,1
34774.962,1,597486,1400,139720,-1
34775.031,1,597568,500,139690,-1
34775.388,2,593498,400,139590,-1
34775.514,1,598030,400,139590,-1
34775.54,1,598047,1500,139580,-1
34775.787,5,597578,100,139390,-1
34775.787,4,363235,800,139400,-1
34775.787,4,415422,2400,139400,-1
34775.842,2,241079,800,137500,1
34775.998,2,594529,400,139010,1
34776.061,1,598628,400,139110,1
34776.062,1,598632,150,139400,-1
34776.265,1,598814,800,139000,1
34776.297,2,598628,400,139110,1
34776.609,1,599170,400,139110,1
34777.373,2,599170,400,139110,1
34777.49,1,600031,400,139010,1
34777.528,2,595900,600,139480,-1
34777.64,1,600187,600,139580,-1
34777.782,2,597482,1400,138920,1
34777.785,2,597486,1400,139720,-1
34777.826,1,600383,1400,139000,1
34777.833,1,600394,1400,139790,-1
34778.184,2,594811,600,138920,1
34778.288,1,600873,600,139020,1
34779.158,2,600383,1400,139000,1
34779.16,2,600394,1400,139790,-1
34779.203,1,601779,1400,138920,1
34779.206,1,601783,1400,139720,-1
34779.214,2,600873,600,139020,1
34779.295,1,601859,600,138920,1
34779.31,2,600187,600,139580,-1
34779.371,2,601783,1400,139720,-1
34779.406,2,601859,600,138920,1
34779.409,1,601950,1400,139790,-1
34779.43,2,601779,1400,138920,1
34779.5,1,602022,1400,139000,1
34779.574,2,602022,1400,139000,1
34779.614,1,602123,1400,138920,1
34779.656,5,601530,1000,139330,1
34779.656,5,601126,200,139320,1
34779.831,1,602366,600,139580,-1
34780.28,2,602123,1400,138920,1
34780.319,1,602801,1400,139000,1
34780.319,2,602366,600,139580,-1
34780.374,1,602862,600,139480,-1
34780.517,2,598030,400,139590,-1
34780.764,1,603191,400,139590,-1
34780.843,2,600031,400,139010,1
34780.913,1,603338,600,138920,1
34781.016,2,603338,600,138920,1
34781.018,2,602862,600,139480,-1
34781.309,1,603682,400,139110,1
34781.459,1,603800,150,139400,-1
34781.461,1,603801,600,139580,-1
34781.462,1,603802,150,139400,-1
34781.53,2,597568,500,139690,-1
34781.693,1,604026,500,139590,-1
34782.006,1,604295,600,139020,1
34782.526,2,521527,8000,138800,1
34782.741,2,603682,400,139110,1
34782.841,1,604974,400,139010,1
34783.142,2,604974,400,139010,1
34783.389,1,605332,400,139110,1
34783.477,2,596169,500,139010,1
34783.593,2,604026,500,139590,-1
34783.711,1,605554,9900,139390,-1
34783.712,1,605558,500,139010,1
34784.069,2,603191,400,139590,-1
