34200.078,1,211189,100,782500,-1
34207.256,1,215638,800,765010,-1
34208.654,2,203081,500,771400,-1
34209.31,2,215638,800,765010,-1
34210.296,2,211189,100,782500,-1
34212.558,2,173375,300,772500,-1
34213.023,2,199223,300,756200,1
34213.256,1,218195,500,767800,-1
34214.741,5,216504,200,761660,1
34214.982,4,205407,200,761610,1
34220.307,1,221215,100,761110,1
34221.998,2,218195,500,767800,-1
34230.684,1,225194,300,756100,1
34232.21,1,225780,300,767800,-1
34284.899,1,251068,747,762400,-1
34286.299,2,251068,747,762400,-1
34286.844,1,251844,747,762600,-1
34287.312,1,252057,300,761700,1
34288.063,1,252541,30,827900,-1
34288.774,2,251844,747,762600,-1
34299.707,1,257852,747,762400,-1
34305.112,2,257852,747,762400,-1
34305.78,1,260747,747,763000,-1
34307.429,2,260747,747,763000,-1
34314.981,1,264445,747,763000,-1
34314.999,2,252541,30,827900,-1
34315.053,5,264457,200,762980,-1
34315.053,4,264445,747,763000,-1
34317.076,1,265445,30,827900,-1
34326.937,1,269934,1000,763500,-1
34337.642,2,269934,1000,763500,-1
34338.084,1,275471,1000,763500,-1
34344.508,1,277769,1000,763200,-1
34344.592,2,275471,1000,763500,-1
34347.072,2,277769,1000,763200,-1
34350.226,1,280191,1000,763200,-1
34352.313,2,280191,1000,763200,-1
34362.039,2,265445,30,827900,-1
34363.754,1,284646,1000,763200,-1
34365.726,1,285885,200,762400,1
34366.149,2,284646,1000,763200,-1
34388.041,1,296954,1000,763200,-1
34390.538,2,296954,1000,763200,-1
34395.617,1,302049,1000,763100,-1
34401.534,2,302049,1000,763100,-1
34401.98,1,306825,1000,763100,-1
34402.722,2,306825,1000,763100,-1
34403.867,2,221215,100,761110,1
34405.892,5,307331,200,762450,1
34405.892,5,307799,300,762450,1
34407.593,2,285885,200,762400,1
34408.956,1,311281,1000,763100,-1
34413.152,1,314419,1000,762500,-1
34413.155,2,311281,1000,763100,-1
34420.774,4,252057,300,761700,1
34420.846,1,319069,500,761500,-1
34420.93,4,200054,100,761110,1
34422.594,2,319069,500,761500,-1
34424.631,1,321340,200,760500,1
34424.646,2,314419,1000,762500,-1
34429.373,2,321340,200,760500,1
34442.186,1,333652,300,761400,-1
34448.592,1,337957,1000,762000,-1
34457.21,5,341406,100,761050,-1
34459.861,2,333652,300,761400,-1
34462.132,1,345957,100,761140,1
34464.698,2,337957,1000,762000,-1
34479.734,1,357289,1000,761800,-1
34479.738,2,357289,1000,761800,-1
34485.527,1,361374,1000,761800,-1
34489.262,1,363658,1000,761700,-1
34489.347,2,361374,1000,761800,-1
34491.522,2,363658,1000,761700,-1
34492.415,1,365608,800,760620,1
34492.884,1,365878,800,762680,-1
34496.395,2,365608,800,760620,1
34496.397,2,365878,800,762680,-1
34496.528,1,367931,800,760520,1
34497.116,1,368191,800,762580,-1
34499.282,2,367931,800,760520,1
34499.287,2,368191,800,762580,-1
34499.303,1,369313,800,760720,1
34499.809,1,369617,800,762780,-1
34501.509,2,369313,800,760720,1
34501.511,2,369617,800,762780,-1
34501.618,1,370623,800,760620,1
34502.198,1,370929,800,762680,-1
34504.829,5,372060,500,761180,1
34504.829,4,345957,100,761140,1
34506.059,2,370623,800,760620,1
34506.061,2,370929,800,762680,-1
34506.123,1,372761,800,760520,1
34506.719,1,373049,800,762580,-1
34507.614,2,372761,800,760520,1
34507.618,2,373049,800,762580,-1
34507.621,1,373603,800,760720,1
34508.088,1,373945,800,762780,-1
34509.725,2,373603,800,760720,1
34509.729,2,373945,800,762780,-1
34509.839,1,375107,800,760620,1
34510.414,1,375477,800,762680,-1
34510.737,2,375107,800,760620,1
34510.74,2,375477,800,762680,-1
34510.918,1,375848,800,760420,1
34511.508,1,376171,800,762480,-1
34511.787,2,376171,800,762480,-1
34511.79,2,375848,800,760420,1
34512.156,1,376582,800,760520,1
34512.332,2,376582,800,760520,1
34512.683,1,377053,800,760620,1
34512.909,2,377053,800,760620,1
34513.249,1,377468,800,760320,1
34513.569,2,377468,800,760320,1
34513.791,1,377895,800,760520,1
34514.352,1,378353,800,762580,-1
34515.021,1,378778,300,761000,-1
34515.444,2,377895,800,760520,1
34515.449,2,378353,800,762580,-1
34515.532,1,379113,200,761300,-1
34515.539,1,379120,800,760420,1
34515.715,4,378778,100,761000,-1
34516.127,1,379458,800,762480,-1
34516.399,2,379120,800,760420,1
34516.4,2,379458,800,762480,-1
34516.762,1,379924,800,760420,1
34516.891,4,378778,200,761000,-1
34517.112,2,379924,800,760420,1
34517.327,1,380396,800,760620,1
34517.928,1,380957,800,762680,-1
34518.855,2,380396,800,760620,1
34518.857,2,380957,800,762680,-1
34518.886,1,381933,800,760320,1
34519.516,1,382495,800,762380,-1
34520.956,2,381933,800,760320,1
34520.958,2,382495,800,762380,-1
34520.962,1,383711,800,760520,1
34521.399,1,384044,800,762580,-1
34521.617,1,384198,100,760700,1
34522.772,2,384198,100,760700,1
34523.045,2,379113,200,761300,-1
34524.832,2,383711,800,760520,1
34524.837,2,384044,800,762580,-1
34524.907,1,386438,800,760720,1
34524.973,1,386489,1000,760700,1
34525.242,2,386489,1000,760700,1
34525.462,1,386860,800,762780,-1
34526.192,2,386438,800,760720,1
34526.195,2,386860,800,762780,-1
34526.22,1,387437,800,760620,1
34526.506,1,387686,300,760700,1
34526.792,1,387924,800,762680,-1
34527.053,2,387437,800,760620,1
34527.059,2,387924,800,762680,-1
34527.383,1,388415,800,760420,1
34527.934,1,388894,800,762480,-1
34529.411,2,387686,300,760700,1
34529.449,2,388415,800,760420,1
34529.45,2,388894,800,762480,-1
34529.579,1,389923,800,760320,1
34530.177,1,390264,800,762380,-1
34530.479,1,390433,900,760700,1
34531.522,2,390433,900,760700,1
34533.494,1,392208,300,760700,1
34535.838,2,392208,300,760700,1
34536.511,1,393829,500,760700,1
34537.087,2,389923,800,760320,1
34537.104,2,390264,800,762380,-1
34537.119,1,394294,800,762080,-1
34537.694,1,394835,800,760020,1
34537.771,2,393829,500,760700,1
34538.038,1,395079,1,100,1
34538.766,2,395079,1,100,1
34539.015,5,395879,300,761050,-1
34539.044,1,395951,100,100,1
34541.346,2,394835,800,760020,1
34541.348,2,394294,800,762080,-1
34541.447,1,398030,800,760120,1
34542.057,1,398490,800,762180,-1
34543.486,2,398030,800,760120,1
34543.489,2,398490,800,762180,-1
34543.526,1,399452,800,760220,1
34543.79,2,399452,800,760220,1
34544.075,1,399856,800,760320,1
34544.252,2,399856,800,760320,1
34544.665,1,400303,800,760220,1
34544.738,2,400303,800,760220,1
34545.182,1,400708,800,760320,1
34545.729,1,401103,800,762380,-1
34547.22,1,402042,1000,761000,1
34549.538,2,400708,800,760320,1
34549.542,2,401103,800,762380,-1
34549.635,1,403436,800,760220,1
34549.896,2,395951,100,100,1
34550.107,1,403733,100,100,1
34550.167,2,403436,800,760220,1
34550.283,1,403870,800,760520,1
34550.836,1,404233,800,762580,-1
34550.905,2,403870,800,760520,1
34550.907,2,404233,800,762580,-1
34551.386,1,404615,800,760420,1
34551.771,5,401979,100,761010,1
34551.771,4,402042,900,761000,1
34551.947,1,405089,800,762480,-1
34552.227,2,402042,100,761000,1
34553.128,2,403733,100,100,1
34553.315,2,404615,800,760420,1
34553.318,2,405089,800,762480,-1
34553.324,1,406146,800,760620,1
34553.336,1,406155,100,100,1
34553.615,1,406377,100,761000,1
34553.815,1,406594,800,762680,-1
34555.005,2,406146,800,760620,1
34555.007,2,406594,800,762680,-1
34555.121,1,407418,800,760520,1
34555.666,1,407803,800,762580,-1
34557.85,4,406377,100,761000,1
34557.85,1,409555,900,761000,-1
34558.167,2,407418,800,760520,1
34558.178,2,407803,800,762580,-1
34558.186,1,409848,800,760220,1
34558.614,1,410164,800,762280,-1
34559.508,5,410191,200,760980,-1
34559.508,4,409555,600,761000,-1
34559.657,2,409848,800,760220,1
34559.659,2,410164,800,762280,-1
34559.771,1,411250,800,760120,1
34560.321,1,411645,800,762180,-1
34562.255,2,411250,800,760120,1
34562.256,2,411645,800,762180,-1
34562.368,1,413176,800,760020,1
34562.963,1,413541,800,762080,-1
34563.482,2,409555,300,761000,-1
34565.183,2,406155,100,100,1
34565.392,1,415114,100,100,1
34567.403,2,413176,800,760020,1
34567.407,2,413541,800,762080,-1
34567.598,1,416511,800,761880,-1
34567.749,2,416511,800,761880,-1
34568.103,1,416938,800,760020,1
34568.769,1,417392,800,762080,-1
34571.255,2,415114,100,100,1
34573.038,2,416938,800,760020,1
34573.04,2,417392,800,762080,-1
34573.139,1,419898,800,762180,-1
34573.349,2,419898,800,762180,-1
34573.719,1,420425,800,761880,-1
34573.974,2,420425,800,761880,-1
34574.34,1,421000,800,761980,-1
34574.579,2,421000,800,761980,-1
34574.93,1,421532,800,762180,-1
34575.528,1,421967,800,760120,1
34576.091,1,422372,1000,761600,-1
34576.174,2,422372,1000,761600,-1
34577.084,2,421967,800,760120,1
34577.088,2,421532,800,762180,-1
34577.112,1,422982,800,760420,1
34577.355,2,422982,800,760420,1
34577.666,1,423298,800,762180,-1
34578.214,1,423635,800,760120,1
34581.536,1,426113,100,760700,1
34581.895,2,423635,800,760120,1
34581.898,2,423298,800,762180,-1
34581.901,1,426388,800,760320,1
34582.078,2,426388,800,760320,1
34582.394,1,426833,800,760420,1
34582.993,1,427267,800,762480,-1
34583.587,2,426833,800,760420,1
34583.59,2,427267,800,762480,-1
34583.679,1,427711,800,760320,1
34584.194,2,427711,800,760320,1
34584.262,1,428084,800,762180,-1
34584.82,1,428508,800,760120,1
34585.926,2,428508,800,760120,1
34585.927,2,428084,800,762180,-1
34586.04,1,429169,800,760020,1
34586.652,1,429458,800,762080,-1
34587.526,2,429169,800,760020,1
34587.528,2,429458,800,762080,-1
34587.539,1,429886,800,759920,1
34588.087,1,430180,800,761980,-1
34591.123,2,429886,800,759920,1
34591.126,2,430180,800,761980,-1
34591.251,1,432344,800,759820,1
34591.852,1,432699,800,761880,-1
34593.223,1,433642,500,760900,-1
34594.029,2,432344,800,759820,1
34594.032,2,432699,800,761880,-1
34594.062,1,434301,800,760120,1
34594.34,2,434301,800,760120,1
34594.665,1,434693,800,760020,1
34595.215,1,435042,800,762080,-1
34597.794,2,434693,800,760020,1
34597.8,2,435042,800,762080,-1
34597.815,1,436562,800,760220,1
34598.301,1,436884,800,762280,-1
34600.229,4,426113,100,760700,1
34600.229,1,438470,400,760700,-1
34600.627,2,436562,800,760220,1
34600.629,2,436884,800,762280,-1
34600.737,1,438817,800,760120,1
34601.327,1,439217,800,762180,-1
34602.137,2,438817,800,760120,1
34602.14,2,439217,800,762180,-1
34602.262,1,439789,800,760020,1
34602.66,1,440070,500,760710,-1
34604.079,2,438470,400,760700,-1
34604.167,1,441081,800,762080,-1
34604.598,2,439789,800,760020,1
34604.6,2,441081,800,762080,-1
34604.696,1,441508,800,759920,1
34605.259,1,441962,800,761980,-1
34605.356,4,440070,500,760710,-1
34606.343,2,433642,500,760900,-1
34614.703,2,441508,800,759920,1
34614.869,1,447344,800,759920,1
34615.262,2,441962,800,761980,-1
34615.579,1,447716,800,761980,-1
34616.937,2,447344,800,759920,1
34616.94,2,447716,800,761980,-1
34616.951,1,448572,800,761680,-1
34617.607,1,449072,800,759620,1
34618.981,2,449072,800,759620,1
34618.984,2,448572,800,761680,-1
34619.071,1,450205,800,759720,1
34619.629,1,450601,800,761780,-1
34621.266,2,450205,800,759720,1
34621.27,2,450601,800,761780,-1
34621.307,1,451932,800,761480,-1
34621.789,1,452392,800,759420,1
34622.819,2,452392,800,759420,1
34622.821,2,451932,800,761480,-1
34622.936,1,453258,800,761580,-1
34623.532,1,453573,800,759520,1
34629.469,2,453573,800,759520,1
34629.47,2,453258,800,761580,-1
34629.537,1,457898,800,761680,-1
34629.703,2,457898,800,761680,-1
34630.092,1,458481,800,759820,1
34630.151,2,458481,800,759820,1
34630.655,1,458947,800,760020,1
34631.208,1,459525,800,762080,-1
34631.692,1,460025,100,760100,1
34633.207,2,458947,800,760020,1
34633.209,2,459525,800,762080,-1
34633.331,1,461626,800,760220,1
34633.925,1,462131,800,762280,-1
34634.867,2,461626,800,760220,1
34634.869,2,462131,800,762280,-1
34634.987,1,462931,800,760120,1
34635.287,2,462931,800,760120,1
34635.511,1,463398,800,760420,1
34635.833,2,463398,800,760420,1
34636.079,1,463868,800,760320,1
34636.649,1,464370,800,762380,-1
34636.754,2,460025,100,760100,1
34636.756,1,464494,100,761000,1
34640.829,2,463868,800,760320,1
34640.831,2,464370,800,762380,-1
34640.837,1,468079,800,760120,1
34641.383,1,468484,800,762180,-1
34648.887,2,468079,800,760120,1
34648.893,2,468484,800,762180,-1
34648.919,1,473947,800,760320,1
34649.48,1,474366,800,762380,-1
34651.06,2,473947,800,760320,1
34651.062,2,474366,800,762380,-1
34651.081,1,475728,800,760520,1
34651.64,1,476158,800,762580,-1
34652.48,2,475728,800,760520,1
34652.484,2,476158,800,762580,-1
34652.676,1,476884,800,760420,1
34653.136,1,477195,800,762480,-1
34656.314,2,476884,800,760420,1
34656.317,2,477195,800,762480,-1
34656.455,1,479186,800,760320,1
34657.057,1,479535,800,762380,-1
34658.742,2,479186,800,760320,1
34658.747,2,479535,800,762380,-1
34658.784,1,480640,800,760120,1
34659.278,1,481010,800,762180,-1
34660.889,2,480640,800,760120,1
34660.89,2,481010,800,762180,-1
34660.966,1,482134,800,760020,1
34661.477,1,482516,800,762080,-1
34661.626,2,482134,800,760020,1
34661.631,2,482516,800,762080,-1
34662.05,1,482995,800,760020,1
34662.59,1,483367,800,762080,-1
34666.567,2,464494,100,761000,1
34667.976,2,482995,800,760020,1
34667.979,2,483367,800,762080,-1
34668.087,1,487773,800,759920,1
34668.697,1,488240,800,761980,-1
34669.351,2,487773,800,759920,1
34669.354,2,488240,800,761980,-1
34669.526,1,488805,800,760120,1
34669.678,2,488805,800,760120,1
34669.837,1,489048,800,759920,1
34670.412,1,489472,300,761100,1
34670.423,1,489478,800,761980,-1
34670.609,2,489048,800,759920,1
34670.645,2,489478,800,761980,-1
34671.026,1,489951,800,761980,-1
34671.634,2,489951,800,761980,-1
34671.643,1,490392,800,760120,1
34671.83,2,490392,800,760120,1
34672.218,1,490868,800,761980,-1
34672.791,2,490868,800,761980,-1
34672.794,1,491328,800,759920,1
34673.048,2,491328,800,759920,1
34673.407,1,491868,800,762080,-1
34673.948,1,492277,800,760020,1
34674.024,2,492277,800,760020,1
34674.163,2,491868,800,762080,-1
34674.588,1,492638,800,762180,-1
34675.167,1,492954,800,760120,1
34675.734,1,493266,800,762280,-1
34675.737,2,492954,800,760120,1
34675.739,2,492638,800,762180,-1
34676.266,1,493604,800,760220,1
34676.516,2,489472,300,761100,1
34677.72,2,493604,800,760220,1
34677.727,2,493266,800,762280,-1
34677.861,1,494731,800,762180,-1
34678.412,1,495029,800,760120,1
34687.128,1,499568,500,760400,1
34687.865,2,494731,800,762180,-1
34688.018,1,500004,800,762180,-1
34688.051,2,495029,800,760120,1
34688.085,2,500004,800,762180,-1
34688.57,1,500379,800,760320,1
34688.968,2,499568,500,760400,1
34689.011,1,500677,500,760800,1
34689.117,1,500732,800,762380,-1
34689.477,2,500379,800,760320,1
34689.48,2,500732,800,762380,-1
34689.714,1,501100,800,762480,-1
34690.258,1,501551,800,760420,1
34691.626,2,501551,800,760420,1
34691.632,2,501100,800,762480,-1
34691.736,1,502581,800,762580,-1
34692.28,1,502892,800,760520,1
34693.812,2,502892,800,760520,1
34693.817,2,502581,800,762580,-1
34693.823,1,503857,800,760720,1
34694.37,1,504244,800,762780,-1
34697.291,2,503857,800,760720,1
34697.292,2,504244,800,762780,-1
34697.309,1,506666,800,760920,1
34697.88,1,507129,800,762980,-1
34698.703,1,507698,500,761200,1
34698.719,2,500677,500,760800,1
34700.357,2,507698,500,761200,1
34700.359,1,508924,300,761800,1
34700.6,2,506666,800,760920,1
34700.603,2,507129,800,762980,-1
34700.715,1,509190,800,762880,-1
34700.922,2,509190,800,762880,-1
34701.258,1,509522,800,762980,-1
34701.82,1,509940,800,760920,1
34702.091,5,509943,200,761820,1
34702.091,4,508924,100,761800,1
34703.377,4,508924,200,761800,1
34704.861,2,509940,800,760920,1
34704.864,2,509522,800,762980,-1
34704.962,1,511982,800,760820,1
34705.578,1,512361,800,762880,-1
34707.534,2,511982,800,760820,1
34707.536,2,512361,800,762880,-1
34707.7,1,513928,800,760720,1
34708.151,1,514257,800,762780,-1
34711.043,2,513928,800,760720,1
34711.045,2,514257,800,762780,-1
34711.142,1,515958,800,760620,1
34711.436,2,515958,800,760620,1
34711.714,1,516382,800,760920,1
34712.09,2,516382,800,760920,1
34712.331,1,516762,800,760820,1
34712.834,1,517038,800,762880,-1
34715.736,2,516762,800,760820,1
34715.742,2,517038,800,762880,-1
34715.746,1,518751,800,760520,1
34716.337,1,519189,800,762580,-1
34721.084,2,518751,800,760520,1
34721.089,2,519189,800,762580,-1
34721.114,1,523122,800,762380,-1
34721.683,1,523694,800,760320,1
34729.927,2,523694,800,760320,1
34729.928,2,523122,800,762380,-1
34729.942,1,529310,800,760620,1
34730.52,1,529750,800,762680,-1
34732.289,2,529310,800,760620,1
34732.293,2,529750,800,762680,-1
34732.299,1,530865,800,762380,-1
34732.706,2,530865,800,762380,-1
34732.893,1,531260,800,760620,1
34733.259,1,531498,1000,761800,-1
34733.51,1,531672,800,762680,-1
34734.004,2,531260,800,760620,1
34734.006,2,531672,800,762680,-1
34734.128,1,532182,800,762380,-1
34734.642,1,532601,800,760320,1
34735.03,2,532601,800,760320,1
34735.033,2,532182,800,762380,-1
34735.309,1,533263,800,762480,-1
34735.461,2,533263,800,762480,-1
34735.768,2,531498,1000,761800,-1
34735.828,1,533726,800,762380,-1
34736.425,1,534101,800,760320,1
34737.835,2,534101,800,760320,1
34737.838,2,533726,800,762380,-1
34737.952,1,535127,800,762480,-1
34738.491,1,535396,800,760420,1
34739.237,2,535396,800,760420,1
34739.242,2,535127,800,762480,-1
34739.257,1,535969,800,762580,-1
34739.819,1,536311,800,760520,1
34740.295,2,536311,800,760520,1
34740.297,2,535969,800,762580,-1
34740.395,1,536617,800,762680,-1
34740.885,1,536906,800,760620,1
34741.906,2,536906,800,760620,1
34741.907,2,536617,800,762680,-1
34742.006,1,537556,800,762780,-1
34742.624,1,537882,800,760720,1
34744.926,1,539109,200,761900,1
34745.132,2,537882,800,760720,1
34745.135,2,537556,800,762780,-1
34745.2,1,539306,800,762580,-1
34745.253,1,539338,100,762300,-1
34745.64,1,539625,500,762200,-1
34745.8,1,539797,800,760520,1
34745.866,2,539797,800,760520,1
34745.868,2,539306,800,762580,-1
34746.351,1,540321,800,762680,-1
34746.904,5,540033,200,762160,-1
34746.954,1,540818,800,760620,1
34747.737,4,539109,200,761900,1
34749.895,1,542812,1000,763200,-1
34751.726,1,543893,500,762100,-1
34752.898,2,539625,500,762200,-1
34754.022,2,540818,800,760620,1
34754.025,2,540321,800,762680,-1
34754.031,1,545423,800,760920,1
34754.497,1,545734,800,762980,-1
34754.583,1,545798,100,761300,1
34756.344,2,545423,800,760920,1
34756.347,2,545734,800,762980,-1
34756.446,1,547047,800,762880,-1
34757.008,1,547379,800,760820,1
34757.459,2,543893,500,762100,-1
34757.942,2,547379,800,760820,1
34757.944,2,547047,800,762880,-1
34758.006,1,547967,800,762980,-1
34758.587,1,548268,800,760920,1
34759.452,2,548268,800,760920,1
34759.454,2,547967,800,762980,-1
34759.461,1,548938,800,762680,-1
34759.525,2,542812,1000,763200,-1
34759.884,2,548938,800,762680,-1
34759.965,1,549292,800,762780,-1
34760.537,1,549678,800,760720,1
34761.024,2,549292,800,762780,-1
34762.888,2,549678,800,760720,1
34763.133,1,551198,800,763000,-1
34763.782,1,551574,800,760520,1
34764.214,2,551198,800,763000,-1
34766.168,2,551574,800,760520,1
34766.402,1,553339,800,762680,-1
34766.943,1,553625,800,760620,1
34770.717,2,545798,100,761300,1
34771.077,2,553625,800,760620,1
34771.088,2,553339,800,762680,-1
34771.184,1,555970,800,762780,-1
34771.699,1,556244,800,760720,1
34771.981,1,556358,1,100,1
34776.339,2,556358,1,100,1
34776.455,1,558342,100,100,1
34778.336,2,556244,800,760720,1
34778.339,2,555970,800,762780,-1
34778.349,1,559486,800,762480,-1
34778.87,1,559892,800,760420,1
34779.843,1,560497,1000,761900,-1
34781.624,2,559892,800,760420,1
34781.626,2,559486,800,762480,-1
34781.74,1,561916,800,762580,-1
34782.108,2,560497,1000,761900,-1
34782.362,1,562284,800,760520,1
34783.138,1,562802,1000,761900,-1
34783.265,2,562284,800,760520,1
34783.268,2,561916,800,762580,-1
34783.336,1,562969,800,760720,1
34783.749,2,558342,100,100,1
34783.773,1,563339,800,762780,-1
34783.976,1,563480,100,100,1
34784.538,2,562969,800,760720,1
34784.541,2,563339,800,762780,-1
34784.577,1,563975,800,762680,-1
34784.755,2,563975,800,762680,-1
34784.788,2,562802,1000,761900,-1
34785.174,1,564442,800,762580,-1
34785.728,1,564844,800,760520,1
34785.756,1,564872,1,9999900,-1
34785.839,1,564931,1000,761900,-1
34785.999,2,563480,100,100,1
34786.171,2,564844,800,760520,1
34786.174,2,564442,800,762580,-1
34786.197,1,565180,100,100,1
34786.282,1,565249,800,760420,1
34786.792,1,565659,800,762480,-1
34788.174,2,565180,100,100,1
34788.179,2,564872,1,9999900,-1
34788.413,1,566871,100,100,1
34788.417,1,566875,100,762090,-1
34788.419,1,566877,1000,761700,-1
34788.438,2,565249,800,760420,1
34788.445,2,565659,800,762480,-1
34788.461,1,566929,800,762180,-1
34788.53,2,564931,1000,761900,-1
34789.014,1,567439,800,760120,1
34789.987,2,567439,800,760120,1
34789.991,2,566929,800,762180,-1
34790.029,1,568247,800,760320,1
34794.746,2,566877,1000,761700,-1
34794.851,1,571219,800,762380,-1
34798.009,1,573063,1000,761700,-1
34799.815,1,574209,1,9999900,-1
34800.027,2,568247,800,760320,1
34800.131,1,574376,800,760320,1
34800.485,2,574209,1,9999900,-1
34800.628,1,574687,100,9999990,-1
34802.811,2,574376,800,760320,1
34802.82,2,571219,800,762380,-1
34802.838,1,576134,800,762180,-1
34803.371,1,576428,800,760120,1
34804.584,1,577212,1,100,1
34806.329,1,578189,500,761700,-1
34809.579,2,576428,800,760120,1
34809.581,2,576134,800,762180,-1
34809.679,1,580648,800,762280,-1
34810.271,1,581043,800,760220,1
34811.125,2,566875,100,762090,-1
34811.21,2,574687,100,9999990,-1
34811.215,2,577212,1,100,1
34811.343,1,581744,100,9999990,-1
34811.407,1,581802,1000,762190,-1
34811.412,1,581808,100,100,1
34811.518,2,578189,500,761700,-1
34812.202,2,581802,1000,762190,-1
34812.341,2,581043,800,760220,1
34812.343,2,580648,800,762280,-1
34812.359,1,582600,800,761980,-1
34812.392,1,582631,900,762190,-1
34812.592,2,582600,800,761980,-1
34812.973,1,583096,800,762080,-1
34813.159,2,582631,900,762190,-1
34813.407,1,583438,100,9999990,-1
34813.539,1,583509,800,760020,1
34814.348,2,583509,800,760020,1
34814.357,2,583096,800,762080,-1
34814.374,1,584108,800,762280,-1
34814.601,2,584108,800,762280,-1
34814.791,1,584536,500,761700,-1
34814.895,1,584600,800,762080,-1
34815.171,2,584600,800,762080,-1
34815.426,1,584936,800,762280,-1
34815.974,1,585354,800,760220,1
34816.551,2,581744,100,9999990,-1
34816.612,2,583438,100,9999990,-1
34816.778,1,585900,100,9999990,-1
34816.829,1,585931,500,762090,-1
34817.072,2,573063,1000,761700,-1
34817.83,1,586623,500,761600,-1
34818.191,1,586834,1000,761600,-1
34822.573,2,586623,500,761600,-1
34822.576,2,584536,500,761700,-1
34825.428,2,584936,800,762280,-1
34825.536,1,591812,800,762280,-1
34825.796,2,585354,800,760220,1
34825.798,2,591812,800,762280,-1
34826.128,1,592299,800,762280,-1
34826.202,2,592299,800,762280,-1
34826.64,2,586834,1000,761600,-1
34826.704,1,592893,800,760520,1
34827.025,2,592893,800,760520,1
34827.273,1,593354,800,760420,1
34827.786,1,593767,800,762480,-1
34831.746,1,596532,800,762800,-1
34831.748,1,596535,1100,759500,1
34832.466,2,539338,100,762300,-1
34834.035,1,598078,100,761100,-1
34834.488,2,593354,800,760420,1
34834.489,2,593767,800,762480,-1
34834.497,1,598431,800,760620,1
34834.763,1,598666,100,760300,1
34834.983,2,566871,100,100,1
34835.05,1,598939,800,762680,-1
34835.151,2,581808,100,100,1
34835.154,2,585931,500,762090,-1
34835.212,1,599057,100,100,1
34835.257,2,598431,800,760620,1
34835.262,2,598939,800,762680,-1
34835.408,1,599217,100,100,1
34835.414,1,599224,100,9999990,-1
34835.615,1,599347,800,760520,1
34836.157,1,599710,100,761700,-1
34836.189,1,599733,800,762580,-1
34836.193,2,599347,800,760520,1
34836.265,2,599733,800,762580,-1
34836.742,1,600134,800,760420,1
34837.36,1,600528,800,762480,-1
34837.628,2,600134,800,760420,1
34837.63,2,600528,800,762480,-1
34837.949,1,600947,800,760320,1
34838.326,2,599217,100,100,1
34838.439,1,601287,1000,760010,1
34838.454,2,600947,800,760320,1
34838.488,2,599057,100,100,1
34838.664,1,601505,800,760120,1
34838.722,2,601505,800,760120,1
34838.805,1,601598,100,760310,1
34839.233,1,601944,800,760320,1
34839.379,2,601944,800,760320,1
34839.778,1,602467,800,760220,1
34840.338,1,602891,800,762280,-1
34840.958,5,597927,400,760700,1
34841.634,2,602467,800,760220,1
34841.636,2,602891,800,762280,-1
34841.75,1,603895,800,760120,1
34842.288,1,604228,800,762180,-1
34843.056,2,598078,100,761100,-1
34844.688,2,603895,800,760120,1
34844.692,2,604228,800,762180,-1
34844.792,1,605922,800,760220,1
34845.353,1,606269,800,762280,-1
34847.163,2,605922,800,760220,1
34847.173,2,606269,800,762280,-1
34847.209,1,607696,800,761980,-1
34847.635,2,607696,800,761980,-1
34847.738,1,608263,800,762080,-1
34851.744,2,596532,800,762800,-1
34851.754,1,611908,800,762300,-1
34852.065,2,608263,800,762080,-1
34852.085,1,612136,800,761880,-1
34853.574,2,596535,1100,759500,1
34853.585,2,612136,800,761880,-1
34853.585,1,613446,1100,759100,1
34853.658,1,613513,800,761980,-1
34853.821,2,613513,800,761980,-1
34853.854,2,598666,100,760300,1
34854.336,1,614090,800,760020,1
34854.907,1,614595,800,762080,-1
34855.816,2,614090,800,760020,1
34855.819,2,614595,800,762080,-1
34855.823,1,615337,800,761880,-1
34856.369,1,615758,800,759820,1
34858.205,1,617065,500,761400,-1
34858.558,1,617268,1000,761400,-1
34859.159,2,599224,100,9999990,-1
34859.3,2,585900,100,9999990,-1
34859.352,1,617705,1000,761990,-1
34859.538,1,617814,100,9999990,-1
34860.466,2,601287,1000,760010,1
34860.469,2,601598,100,760310,1
34860.563,1,618336,100,760410,1
34860.642,1,618387,100,760710,1
34860.83,1,618495,200,760900,1
34860.86,4,618495,200,760900,1
34861.34,2,617705,1000,761990,-1
34861.543,2,615758,800,759820,1
34861.544,2,615337,800,761880,-1
34861.582,1,618897,700,761990,-1
34861.649,1,618955,800,759920,1
34862.229,2,617814,100,9999990,-1
34862.559,1,619514,100,761690,-1
34862.936,2,617268,1000,761400,-1
34864.706,1,620779,1000,761400,-1
34864.735,4,618387,100,760710,1
34864.915,1,620911,100,759710,1
34865.626,2,611908,800,762300,-1
34865.627,2,620779,1000,761400,-1
34865.633,1,621361,800,762000,-1
34865.909,2,618955,800,759920,1
34865.914,1,621652,800,759820,1
34866.241,2,621361,800,762000,-1
34866.244,1,621948,800,762200,-1
34866.271,2,621652,800,759820,1
34866.395,1,622083,800,759720,1
34867.187,2,622083,800,759720,1
34867.312,1,622789,800,759820,1
34869.237,2,618897,700,761990,-1
34869.424,1,624315,1000,761990,-1
34871.24,2,622789,800,759820,1
34871.251,1,625717,800,761680,-1
34871.767,1,626156,800,759620,1
34872.297,2,624315,1000,761990,-1
34872.368,2,621948,800,762200,-1
34872.381,1,626647,400,761500,-1
34872.421,2,613446,1100,759100,1
34872.429,1,626681,1100,757900,1
34872.572,1,626795,700,761990,-1
34873.493,2,626156,800,759620,1
34873.497,2,625717,800,761680,-1
34873.62,1,627516,800,759720,1
34874.031,1,627738,1000,761400,-1
34875.241,1,628555,1000,761400,-1
34875.399,2,627516,800,759720,1
34875.464,1,628712,800,761580,-1
34875.615,2,619514,100,761690,-1
34875.662,2,626795,700,761990,-1
34875.836,2,628712,800,761580,-1
34875.837,1,629017,100,761590,-1
34875.89,1,629071,700,761890,-1
34876.034,1,629180,800,759520,1
34878.246,2,629180,800,759520,1
34878.355,1,631240,800,759620,1
34878.516,1,631387,1000,761200,-1
34878.521,2,627738,1000,761400,-1
34879.109,2,626647,400,761500,-1
34879.113,1,631894,400,761300,-1
34879.888,2,629017,100,761590,-1
34879.97,2,629071,700,761890,-1
34880.165,1,632919,700,761690,-1
34880.217,1,632967,100,761390,-1
34882.123,2,620911,100,759710,1
34882.319,2,618336,100,760410,1
34882.323,2,632919,700,761690,-1
34882.375,1,634944,100,100,1
34882.504,1,635059,100,100,1
34882.509,1,635064,100,9999990,-1
34885.456,2,631894,400,761300,-1
34885.465,1,637615,400,761200,-1
34886.33,2,631240,800,759620,1
34886.355,1,638361,800,759820,1
34887.78,2,632967,100,761390,-1
34887.831,2,635064,100,9999990,-1
34888.0,1,639865,100,9999990,-1
34888.049,1,639903,100,9999990,-1
34888.653,1,640472,500,760910,-1
34888.802,2,637615,400,761200,-1
34888.811,1,640589,400,761400,-1
34889.131,2,631387,1000,761200,-1
34890.015,2,634944,100,100,1
34890.017,2,639865,100,9999990,-1
34890.267,2,635059,100,100,1
34890.27,2,639903,100,9999990,-1
34890.276,2,638361,800,759820,1
34890.317,1,641803,100,100,1
34890.321,1,641809,100,760990,-1
34890.375,1,641860,100,100,1
34890.381,1,641873,100,761290,-1
34890.391,1,641881,800,759720,1
34892.863,2,640589,400,761400,-1
34892.866,1,643684,800,761500,-1
34893.158,2,641860,100,100,1
34893.204,2,641803,100,100,1
34893.373,1,644088,100,100,1
34893.433,1,644153,100,100,1
34894.058,2,641881,800,759720,1
34894.079,1,644730,800,759920,1
34895.332,1,645797,500,760910,-1
34895.699,2,643684,800,761500,-1
34895.711,1,646113,800,761800,-1
34895.912,2,644730,800,759920,1
34895.923,1,646326,800,759620,1
34898.795,2,641873,100,761290,-1
34898.993,1,648603,500,761290,-1
34899.978,2,648603,500,761290,-1
34899.982,2,641809,100,760990,-1
34900.053,1,649280,800,761680,-1
34900.222,1,649400,500,761190,-1
34900.273,1,649433,100,760890,-1
34900.856,2,644153,100,100,1
34900.911,2,644088,100,100,1
34901.031,1,649929,100,100,1
34901.068,1,649952,100,100,1
34901.978,2,646326,800,759620,1
34901.986,2,649280,800,761680,-1
34901.989,1,650844,800,759420,1
34904.11,2,649433,100,760890,-1
34904.16,2,649400,500,761190,-1
34904.248,1,652991,800,761480,-1
34904.318,1,653040,1000,760990,-1
34904.397,1,653092,100,760690,-1
34904.459,1,653137,1000,760500,-1
34904.536,2,650844,800,759420,1
34904.539,2,652991,800,761480,-1
34904.755,1,653385,800,759320,1
34906.766,1,654833,500,760500,-1
34907.148,2,653137,1000,760500,-1
34907.357,2,649929,100,100,1
34907.359,2,649952,100,100,1
34907.587,1,655369,100,100,1
34907.632,1,655396,1000,760500,-1
34907.66,1,655419,100,100,1
34908.128,2,646113,800,761800,-1
34908.153,1,655743,800,761300,-1
34908.454,2,653040,1000,760990,-1
34908.558,2,653092,100,760690,-1
34908.583,2,655396,1000,760500,-1
34908.64,1,656035,100,760690,-1
34908.828,1,656134,100,760390,-1
34908.914,2,653385,800,759320,1
34909.023,1,656217,800,759220,1
34909.638,2,655419,100,100,1
34909.879,1,656891,500,759610,1
34911.468,2,656217,800,759220,1
34911.486,1,658063,800,758920,1
34912.062,1,658527,500,760200,-1
34914.204,1,660156,1000,760200,-1
34914.482,2,628555,1000,761400,-1
34914.596,2,655743,800,761300,-1
34914.599,1,660422,400,760900,-1
34914.793,2,658063,800,758920,1
34914.799,1,660578,800,758820,1
34915.008,2,660578,800,758820,1
34915.386,1,661111,800,758720,1
34915.573,2,225194,300,756100,1
34916.125,2,656891,500,759610,1
34916.379,1,661806,100,100,1
34916.52,2,626681,1100,757900,1
34916.521,1,661891,1100,757100,1
34917.574,2,661111,800,758720,1
34917.594,1,662802,800,758620,1
34917.705,2,662802,800,758620,1
34918.149,2,660156,1000,760200,-1
34918.219,1,663429,800,758520,1
34918.316,2,655369,100,100,1
34918.365,2,661806,100,100,1
34918.482,1,663678,100,100,1
34918.531,1,663734,100,100,1
34919.051,2,663429,800,758520,1
34919.162,1,664359,800,758620,1
34919.343,2,664359,800,758620,1
34919.765,1,664932,800,758820,1
34920.013,1,665153,300,755000,1
34920.676,2,660422,400,760900,-1
34920.681,1,665781,400,760500,-1
34921.438,2,658527,500,760200,-1
34921.439,2,654833,500,760500,-1
34921.441,2,645797,500,760910,-1
34921.443,2,640472,500,760910,-1
34921.445,2,617065,500,761400,-1
34922.101,2,663678,100,100,1
34922.213,2,663734,100,100,1
34922.425,1,667318,100,100,1
34922.474,1,667346,100,100,1
34922.608,2,665781,400,760500,-1
34922.61,1,667432,400,760700,-1
34923.844,2,664932,800,758820,1
34923.92,1,668481,800,759020,1
34924.595,2,668481,800,759020,1
34924.606,1,669130,800,758720,1
34924.789,2,667318,100,100,1
34924.859,2,667346,100,100,1
34924.985,1,669507,100,100,1
34925.036,1,669573,100,100,1
34925.411,2,656134,100,760390,-1
34925.461,2,656035,100,760690,-1
34925.605,1,670136,800,760780,-1
34925.633,1,670165,100,9999990,-1
34925.683,1,670202,500,760090,-1
34926.589,2,669130,800,758720,1
34926.595,2,670136,800,760780,-1
34926.695,1,670961,800,758620,1
34927.044,1,671261,500,760000,-1
34927.37,1,671513,800,760680,-1
34929.207,2,670961,800,758620,1
34929.208,2,671513,800,760680,-1
34929.296,1,673020,800,758520,1
34929.853,1,673511,800,760580,-1
34930.198,2,669507,100,100,1
34930.243,2,669573,100,100,1
34930.467,1,673946,100,100,1
34930.522,1,673982,100,100,1
34932.088,2,673020,800,758520,1
34932.09,2,673511,800,760580,-1
34932.203,1,675079,800,758420,1
34932.527,1,675263,1000,760000,-1
34932.768,1,675391,800,760480,-1
34936.249,2,675079,800,758420,1
34936.255,2,675391,800,760480,-1
34936.274,1,678189,800,758220,1
34936.826,1,678681,800,760280,-1
34937.525,2,670202,500,760090,-1
34937.681,2,667432,400,760700,-1
34937.686,1,679308,400,760300,-1
34937.712,1,679338,400,760090,-1
34938.861,2,673982,100,100,1
34938.866,2,679338,400,760090,-1
34938.91,2,673946,100,100,1
34939.29,1,680468,100,100,1
34939.294,1,680471,100,9999990,-1
34939.301,1,680481,100,100,1
34939.514,2,665153,300,755000,1
34940.386,2,678189,800,758220,1
34940.389,2,678681,800,760280,-1
34940.394,1,681313,800,759980,-1
34940.584,1,681456,300,753900,1
34940.968,1,681765,800,757920,1
34942.886,2,681765,800,757920,1
34942.889,2,681313,800,759980,-1
34942.969,1,683420,800,758020,1
34943.056,1,683479,1000,759500,-1
34943.144,2,675263,1000,760000,-1
34943.233,2,683479,1000,759500,-1
34943.5,1,683806,800,760080,-1
34943.826,1,684033,1000,759000,-1
34944.152,2,683420,800,758020,1
34944.156,2,683806,800,760080,-1
34944.168,1,684245,800,757920,1
34944.653,2,661891,1100,757100,1
34944.659,1,684614,1100,756400,1
34944.725,1,684675,800,759980,-1
34944.751,2,679308,400,760300,-1
34944.754,1,684695,400,760000,-1
34945.303,2,684245,800,757920,1
34945.306,2,684675,800,759980,-1
34945.314,1,685061,800,758020,1
34945.533,2,685061,800,758020,1
34945.84,1,685469,800,758120,1
34946.013,2,684033,1000,759000,-1
34946.397,1,685863,800,760180,-1
34946.65,1,686026,1000,759500,-1
34946.683,2,680481,100,100,1
34946.756,2,680468,100,100,1
34946.95,1,686225,100,758610,1
34947.004,1,686254,1000,758310,1
34947.561,2,684695,400,760000,-1
34947.565,1,686608,400,760300,-1
34947.739,2,686026,1000,759500,-1
34948.428,1,687161,500,759400,-1
34949.966,2,680471,100,9999990,-1
34950.012,2,670165,100,9999990,-1
34950.499,1,688589,100,9999990,-1
34950.506,1,688597,100,9999990,-1
34951.643,2,685469,800,758120,1
34951.645,2,685863,800,760180,-1
34951.704,1,689522,800,759980,-1
34952.254,1,690030,800,757920,1
34952.487,1,690208,500,758210,1
34952.548,1,690251,1000,759010,-1
34952.736,2,690251,1000,759010,-1
34952.967,2,690030,800,757920,1
34952.97,2,689522,800,759980,-1
34953.099,1,690759,800,760180,-1
34953.164,1,690814,1000,759110,-1
34953.588,2,686608,400,760300,-1
34953.604,1,691196,400,759900,-1
34954.084,2,690208,500,758210,1
34954.175,1,691652,800,758120,1
34954.218,1,691677,500,758310,1
34954.58,2,691196,400,759900,-1
34954.597,1,691986,400,760200,-1
34954.762,2,690814,1000,759110,-1
34955.9,1,692870,1000,759400,-1
34956.851,2,691677,500,758310,1
34956.944,2,686225,100,758610,1
34956.947,1,693754,500,758510,1
34956.951,2,688589,100,9999990,-1
34957.007,2,691652,800,758120,1
34957.012,2,690759,800,760180,-1
34957.017,1,693826,800,758320,1
34958.158,2,692870,1000,759400,-1
34960.152,2,688597,100,9999990,-1
34960.155,2,686254,1000,758310,1
34960.276,1,696532,1000,759390,-1
34960.281,1,696536,500,758210,1
34960.664,2,693826,800,758320,1
34960.771,1,696898,800,758220,1
34962.191,2,671261,500,760000,-1
34962.241,2,696898,800,758220,1
34962.34,1,698087,800,758120,1
34962.589,2,693754,500,758510,1
34962.603,1,698302,500,758710,1
34962.646,2,698087,800,758120,1
34962.858,1,698510,800,758420,1
34962.885,2,698302,500,758710,1
34963.089,2,698510,800,758420,1
34963.118,1,698689,500,758610,1
34963.327,2,691986,400,760200,-1
34963.332,2,684614,1100,756400,1
34963.353,1,698920,800,760600,-1
34963.357,1,698925,1100,757200,1
34963.565,1,699172,800,758120,1
34963.672,2,698689,500,758610,1
34963.726,2,699172,800,758120,1
34963.768,1,699447,500,758610,1
34964.053,1,699703,800,758320,1
34964.396,2,699447,500,758610,1
34964.454,1,700060,500,758710,1
34964.492,1,700081,500,758300,1
34964.571,1,700139,800,760380,-1
34964.581,2,700060,500,758710,1
34964.995,2,699703,800,758320,1
34964.997,2,700139,800,760380,-1
34965.121,1,700536,100,759990,-1
34965.152,1,700576,800,758020,1
34965.179,2,698920,800,760600,-1
34965.186,1,700605,800,761300,-1
34965.731,1,701030,500,758510,1
34966.58,2,696536,500,758210,1
34966.584,2,696532,1000,759390,-1
34966.735,1,701747,800,760080,-1
34966.788,1,701781,500,758310,1
34966.791,1,701783,200,759390,-1
34967.785,2,701783,200,759390,-1
34967.788,2,701781,500,758310,1
34968.0,1,702492,100,9999990,-1
34968.004,1,702495,100,758310,1
34969.161,2,701030,500,758510,1
34969.221,1,703131,500,758410,1
34969.47,2,698925,1100,757200,1
34969.474,1,703297,1100,757900,1
34969.634,1,703382,50,758900,-1
34969.684,4,703382,50,758900,-1
34971.672,2,700536,100,759990,-1
34971.675,1,704406,500,759890,-1
34974.457,2,702492,100,9999990,-1
34974.648,1,706241,1000,759990,-1
34975.153,2,700576,800,758020,1
34975.335,2,706241,1000,759990,-1
34975.457,1,706901,100,9999990,-1
34975.709,2,703131,500,758410,1
34975.711,2,704406,500,759890,-1
34975.716,1,707107,500,759790,-1
34975.791,1,707177,800,758020,1
34975.868,2,707107,500,759790,-1
34976.285,1,707465,500,759890,-1
34976.432,2,707465,500,759890,-1
34976.654,2,707177,800,758020,1
34976.656,2,701747,800,760080,-1
34976.761,1,707766,800,758120,1
34976.928,1,707838,500,759790,-1
34977.348,1,708057,800,760180,-1
34977.748,1,708275,500,758310,1
34980.716,1,709928,1000,759500,-1
34981.471,2,706901,100,9999990,-1
34981.676,1,710460,100,9999990,-1
34981.885,2,709928,1000,759500,-1
34982.505,2,702495,100,758310,1
34982.508,2,710460,100,9999990,-1
34982.695,1,711049,600,758510,1
34982.699,1,711052,500,759990,-1
34983.567,2,711049,600,758510,1
34983.815,1,711847,100,758510,1
34985.329,2,708275,500,758310,1
34985.331,2,707838,500,759790,-1
34985.44,1,712892,500,759690,-1
34985.615,2,707766,800,758120,1
34985.619,2,708057,800,760180,-1
34985.726,1,713081,800,758220,1
34988.009,2,711847,100,758510,1
34988.011,2,711052,500,759990,-1
34988.064,1,714398,500,758210,1
34988.141,1,714434,200,758610,1
34988.144,1,714436,600,759990,-1
34988.148,1,714437,800,760280,-1
34989.192,2,714436,600,759990,-1
34989.244,2,713081,800,758220,1
34989.246,2,714437,800,760280,-1
34989.266,1,715151,100,759990,-1
34989.324,2,714398,500,758210,1
34989.328,2,712892,500,759690,-1
34989.462,1,715344,800,759980,-1
34989.583,2,715344,800,759980,-1
34989.64,1,715497,500,759590,-1
34989.898,1,715706,500,758110,1
34990.334,2,700605,800,761300,-1
34990.335,2,703297,1100,757900,1
34990.343,2,715706,500,758110,1
34990.347,1,716061,800,760400,-1
34990.349,1,716062,1100,757000,1
34990.35,2,715497,500,759590,-1
34990.417,2,687161,500,759400,-1
34990.461,1,716152,500,759490,-1
34990.53,1,716214,800,760080,-1
34990.817,1,716442,1000,759500,-1
34991.042,1,716580,500,758010,1
34991.472,2,716442,1000,759500,-1
34992.225,2,715151,100,759990,-1
34992.228,2,714434,200,758610,1
34992.335,1,717370,800,758020,1
34992.352,1,717385,100,759890,-1
34992.355,1,717386,400,758810,1
34992.559,2,716214,800,760080,-1
34992.565,2,717370,800,758020,1
34992.712,2,716580,500,758010,1
34992.716,2,716152,500,759490,-1
34992.737,1,717805,500,759400,-1
34992.93,1,717980,800,759880,-1
34993.15,1,718188,500,757810,1
34994.161,2,717980,800,759880,-1
34994.274,1,719079,800,759980,-1
34994.647,2,717386,400,758810,1
34994.819,1,719530,800,757920,1
34994.837,1,719536,100,100,1
34996.842,2,717385,100,759890,-1
34997.051,1,720913,1000,759990,-1
34997.11,2,716061,800,760400,-1
34997.127,1,720955,800,760000,-1
34997.296,1,721083,500,760990,-1
34997.573,2,717805,500,759400,-1
34997.952,2,719530,800,757920,1
34997.954,2,719079,800,759980,-1
34998.052,1,721524,800,760080,-1
34998.133,2,719536,100,100,1
34998.232,1,721658,1000,759500,-1
34998.3,2,716062,1100,757000,1
34998.311,1,721732,1100,756100,1
34998.377,1,721766,500,758610,1
34998.646,1,721941,800,758020,1
34998.941,2,721766,500,758610,1
34999.194,1,722229,200,758610,1
34999.75,1,722517,500,759410,-1
35000.062,2,722229,200,758610,1
35000.192,1,722790,100,758610,1
35000.248,2,718188,500,757810,1
35000.465,1,723037,1000,759410,-1
35000.466,2,721658,1000,759500,-1
35000.953,2,723037,1000,759410,-1
35000.996,2,722517,500,759410,-1
35001.32,2,721524,800,760080,-1
35001.322,2,721941,800,758020,1
35001.338,1,723665,800,759780,-1
35001.77,2,723665,800,759780,-1
35001.997,1,724206,800,759880,-1
35002.375,2,724206,800,759880,-1
35002.599,1,724826,800,759880,-1
35002.743,2,724826,800,759880,-1
35003.085,1,725277,800,758020,1
35003.112,1,725293,500,759190,-1
35003.485,2,720955,800,760000,-1
35003.488,1,725576,400,759600,-1
35003.685,2,725293,500,759190,-1
35003.746,2,725277,800,758020,1
35003.762,1,725851,500,759900,-1
35003.771,1,725860,500,759290,-1
35003.823,1,725912,800,759880,-1
35003.851,2,725860,500,759290,-1
35003.898,1,725988,1000,759200,-1
35004.02,2,725988,1000,759200,-1
35004.259,1,726301,500,759190,-1
35004.407,2,725576,400,759600,-1
35004.41,1,726434,400,759800,-1
35004.412,1,726435,800,757820,1
35004.5,2,726301,500,759190,-1
35004.515,2,720913,1000,759990,-1
35004.588,1,726597,700,759690,-1
35004.803,1,726750,1000,759200,-1
35004.87,1,726806,500,759200,-1
35005.663,2,722790,100,758610,1
35005.764,1,727400,500,757610,1
35005.882,2,727400,500,757610,1
35005.913,1,727511,500,758510,1
35007.72,2,727511,500,758510,1
35007.777,2,726750,1000,759200,-1
35007.854,1,728752,500,757710,1
35007.924,1,728803,100,100,1
35008.795,1,729357,1000,763200,-1
35008.882,1,729405,500,763200,-1
35008.983,2,726806,500,759200,-1
35008.994,2,721083,500,760990,-1
35008.995,2,725912,800,759880,-1
35009.0,2,726434,400,759800,-1
35009.002,2,726597,700,759690,-1
35009.003,1,729476,400,763200,-1
35009.391,2,726435,800,757820,1
35009.456,2,728752,500,757710,1
35010.202,2,728803,100,100,1
35010.335,1,730412,100,759100,-1
35010.627,1,730628,1000,759400,-1
35010.701,1,730688,100,100,1
35010.709,2,729357,1000,763200,-1
35011.082,1,730933,800,759880,-1
35011.157,2,730688,100,100,1
35011.225,1,731013,500,759400,-1
35011.275,2,729476,400,763200,-1
35011.277,1,731035,400,759800,-1
35011.563,2,731035,400,759800,-1
35011.573,1,731264,400,759500,-1
35011.682,1,731346,800,757820,1
35011.849,1,731452,500,757610,1
35011.86,2,700081,500,758300,1
35011.935,2,731452,500,757610,1
35012.408,1,731800,500,757610,1
35012.498,2,731800,500,757610,1
35012.617,2,730412,100,759100,-1
35012.622,2,731264,400,759500,-1
35012.622,2,599710,100,761700,-1
35012.625,1,731958,400,759700,-1
35012.671,2,731013,500,759400,-1
35012.973,2,731346,800,757820,1
35012.977,2,730933,800,759880,-1
35012.981,1,732220,800,758020,1
35013.067,1,732289,500,759400,-1
35013.533,2,732289,500,759400,-1
35013.537,1,732607,500,759400,-1
35013.863,2,732607,500,759400,-1
35014.085,1,732991,500,759290,-1
35014.201,1,733068,1000,759000,-1
35014.206,2,730628,1000,759400,-1
35014.245,2,732991,500,759290,-1
35014.29,2,732220,800,758020,1
35014.388,1,733249,800,757720,1
35014.645,1,733415,500,759090,-1
35015.224,1,733814,500,757710,1
35015.41,2,733415,500,759090,-1
35015.527,1,734019,800,759780,-1
35015.737,1,734161,500,759190,-1
35016.154,1,734392,500,758810,-1
35016.461,2,734161,500,759190,-1
35016.535,1,734631,500,759090,-1
35016.549,1,734640,1000,758900,-1
35016.637,2,733068,1000,759000,-1
35017.242,2,733814,500,757710,1
35017.244,2,734631,500,759090,-1
35017.283,2,733249,800,757720,1
35017.285,2,734019,800,759780,-1
35017.3,1,735095,800,757920,1
35017.559,2,734640,1000,758900,-1
35017.617,2,735095,800,757920,1
35017.654,1,735399,500,759190,-1
35017.853,1,735553,800,757620,1
35018.051,1,735705,500,757710,1
35018.111,2,735399,500,759190,-1
35018.601,1,736080,800,759680,-1
35018.627,1,736092,500,759090,-1
35018.97,2,735705,500,757710,1
35019.254,1,736465,500,757610,1
35019.921,1,736941,1000,759000,-1
35020.204,2,736941,1000,759000,-1
35020.215,2,736092,500,759090,-1
35020.315,1,737217,500,758990,-1
35020.479,2,731958,400,759700,-1
35020.489,1,737361,800,759900,-1
35020.653,1,737509,1000,758800,-1
35020.724,2,721732,1100,756100,1
35020.731,1,737565,1100,757200,1
35021.481,2,735553,800,757620,1
35021.483,2,736080,800,759680,-1
35021.544,1,738177,800,757420,1
35021.554,2,736465,500,757610,1
35021.557,2,737217,500,758990,-1
35021.656,2,738177,800,757420,1
35021.667,1,738280,500,758890,-1
35021.868,2,737361,800,759900,-1
35021.88,1,738481,800,760400,-1
35022.12,1,738698,800,757420,1
35022.192,2,738280,500,758890,-1
35022.201,1,738760,500,758790,-1
35022.77,1,739277,500,757410,1
35023.908,2,737565,1100,757200,1
35023.917,1,740199,1100,756200,1
35024.078,2,739277,500,757410,1
35024.173,1,740443,500,757310,1
35024.664,2,738760,500,758790,-1
35024.756,1,740934,800,759480,-1
35024.768,1,740945,500,758690,-1
35024.948,2,740443,500,757310,1
35025.107,2,738698,800,757420,1
35025.114,2,740934,800,759480,-1
35025.257,1,741284,500,758610,-1
35025.377,1,741395,800,757420,1
35025.391,1,741402,500,757310,1
35025.617,2,741395,800,757420,1
35025.952,1,741872,800,757120,1
35025.965,2,741402,500,757310,1
35025.968,2,740945,500,758690,-1
35025.971,1,741891,500,758590,-1
35026.161,2,741891,500,758590,-1
35026.19,2,741872,800,757120,1
35026.357,2,737509,1000,758800,-1
35026.523,1,742522,500,758690,-1
35026.547,1,742561,800,757420,1
35027.12,1,743029,500,757310,1
35028.611,2,738481,800,760400,-1
35028.615,1,744327,400,759300,-1
35029.433,2,742561,800,757420,1
35029.437,1,745181,800,757120,1
35029.443,2,743029,500,757310,1
35029.448,2,742522,500,758690,-1
35029.456,1,745198,500,758590,-1
35029.608,2,745181,800,757120,1
35029.732,1,745464,1000,758600,-1
35029.742,2,745198,500,758590,-1
35029.986,1,745678,500,758590,-1
35029.999,1,745691,800,757420,1
35030.207,2,745691,800,757420,1
35030.547,1,746246,800,757120,1
35030.552,1,746255,500,757210,1
35031.073,1,746737,800,757220,1
35031.075,2,746246,800,757120,1
35035.799,2,746255,500,757210,1
35035.802,2,745678,500,758590,-1
35035.903,2,746737,800,757220,1
35035.91,1,750473,800,757020,1
35035.978,1,750533,500,758510,-1
35036.27,2,750533,500,758510,-1
35036.528,1,750905,500,758510,-1
35037.049,1,751281,500,756910,1
35037.497,2,745464,1000,758600,-1
35037.815,2,744327,400,759300,-1
35037.821,1,751768,400,759000,-1
35038.006,2,750905,500,758510,-1
35038.525,2,741284,500,758610,-1
35038.527,2,734392,500,758810,-1
35038.528,2,729405,500,763200,-1
35038.589,1,752219,800,759080,-1
35038.983,1,752460,1000,758600,-1
35039.235,2,750473,800,757020,1
35039.24,2,752219,800,759080,-1
35039.333,1,752695,800,759180,-1
35039.545,1,752835,1000,758510,-1
35039.628,2,752460,1000,758600,-1
35039.913,1,753113,800,757120,1
35040.259,1,753326,500,758510,-1
35043.051,2,753113,800,757120,1
35043.053,2,752695,800,759180,-1
35043.162,1,755183,800,759080,-1
35043.413,1,755321,500,758600,-1
35043.735,1,755503,800,757020,1
35044.444,2,753326,500,758510,-1
35045.044,2,751281,500,756910,1
35045.065,2,755503,800,757020,1
35045.067,2,755183,800,759080,-1
35045.075,1,756364,800,758880,-1
35045.705,1,756914,800,756820,1
35046.58,1,757610,500,758190,-1
35047.021,2,752835,1000,758510,-1
35047.028,2,740199,1100,756200,1
35047.03,1,757973,1100,755600,1
35047.115,1,758008,500,756810,1
35049.417,1,759707,1000,758100,-1
35050.214,2,755321,500,758600,-1
35051.069,2,758008,500,756810,1
35051.071,2,757610,500,758190,-1
35051.139,1,761062,500,758290,-1
35051.652,2,756914,800,756820,1
35051.661,2,756364,800,758880,-1
35051.67,1,761494,500,756910,1
35051.77,1,761593,800,757020,1
35053.191,2,761494,500,756910,1
35053.313,1,763141,500,757010,1
35053.775,2,761593,800,757020,1
35053.881,1,763746,800,756920,1
35054.123,2,681456,300,753900,1
35054.54,1,764393,800,758980,-1
35056.137,1,765821,1000,758000,-1
35056.248,2,759707,1000,758100,-1
35056.588,2,763746,800,756920,1
35056.591,2,764393,800,758980,-1
35056.672,1,766311,800,756820,1
35056.99,2,763141,500,757010,1
35057.225,1,766714,500,756910,1
35057.27,1,766756,800,758880,-1
35058.951,1,768126,1000,758000,-1
35059.031,2,765821,1000,758000,-1
35060.349,2,725851,500,759900,-1
35060.81,2,766714,500,756910,1
35060.906,1,769479,500,757010,1
35061.433,2,769479,500,757010,1
35061.435,2,761062,500,758290,-1
35061.444,1,769816,500,758490,-1
35061.984,1,770239,500,757110,1
35062.266,2,766311,800,756820,1
35062.27,2,766756,800,758880,-1
35062.34,2,751768,400,759000,-1
35062.352,1,770544,800,759200,-1
35062.408,1,770596,800,757020,1
35062.577,2,769816,500,758490,-1
35062.579,2,770239,500,757110,1
35062.644,2,757973,1100,755600,1
35062.654,1,770797,1100,756400,1
35062.726,1,770861,500,758590,-1
35062.761,2,770544,800,759200,-1
35062.769,1,770902,800,759700,-1
35062.89,1,770998,800,759080,-1
35063.279,1,771273,500,757210,1
35063.646,2,770596,800,757020,1
35063.65,2,770998,800,759080,-1
35063.764,1,771634,800,756920,1
35064.045,1,771803,300,752500,1
35064.312,1,771981,800,758980,-1
35064.653,2,771273,500,757210,1
35065.799,5,769053,300,757500,-1
35065.799,5,771956,100,757500,-1
35066.402,2,770861,500,758590,-1
35066.49,1,773569,500,758490,-1
35067.568,2,771634,800,756920,1
35067.572,2,771981,800,758980,-1
35067.68,1,774440,800,756820,1
35068.238,1,774786,800,758880,-1
35068.7,2,768126,1000,758000,-1
35069.463,5,771956,100,757500,-1
35070.802,2,773569,500,758490,-1
35070.946,1,776570,500,758590,-1
35071.376,2,774440,800,756820,1
35071.381,2,774786,800,758880,-1
35071.416,1,776943,800,757020,1
35071.707,2,776943,800,757020,1
35071.951,1,777352,800,756820,1
35072.123,1,777487,1000,757600,-1
35072.164,2,777352,800,756820,1
35072.306,2,776570,500,758590,-1
35072.312,1,777647,500,758690,-1
35072.564,1,777887,800,757020,1
35072.649,5,771956,300,757500,-1
35073.014,2,777487,1000,757600,-1
35073.129,1,778350,800,759080,-1
35073.809,2,770797,1100,756400,1
35073.818,1,778877,1100,756800,1
35073.946,2,777887,800,757020,1
35073.952,2,778350,800,759080,-1
35073.956,2,777647,500,758690,-1
35074.041,1,779052,800,756920,1
35074.149,1,779133,500,758790,-1
35074.654,2,779052,800,756920,1
35074.709,1,779630,800,757120,1
35074.813,2,779133,500,758790,-1
35074.82,2,779630,800,757120,1
35074.824,1,779738,500,758690,-1
35075.0,2,779738,500,758690,-1
35075.161,1,780108,800,757120,1
35075.4,1,780357,500,758790,-1
35075.694,1,780593,800,759180,-1
35075.977,2,770902,800,759700,-1
35075.987,1,780796,800,760800,-1
35076.23,2,780108,800,757120,1
35076.234,2,780593,800,759180,-1
35076.409,2,780357,500,758790,-1
35076.411,1,781137,500,758690,-1
35076.523,1,781225,100,756600,1
35076.543,1,781238,800,757020,1
35076.633,2,781137,500,758690,-1
35076.905,1,781472,800,759080,-1
35076.971,1,781538,500,758790,-1
35077.528,2,781538,500,758790,-1
35077.534,2,781238,800,757020,1
35077.537,2,781472,800,759080,-1
35077.543,1,781984,800,756920,1
35077.559,1,781997,500,758690,-1
35077.724,2,781984,800,756920,1
35078.2,1,782443,800,756720,1
35078.245,1,782467,50,757200,-1
35078.454,2,225780,300,767800,-1
35078.756,1,782835,800,758780,-1
35078.906,2,781997,500,758690,-1
35079.019,1,782968,500,758590,-1
35079.101,2,782443,800,756720,1
35079.103,2,782835,800,758780,-1
35079.365,1,783214,800,756620,1
35079.926,1,783615,800,758680,-1
35080.065,2,782968,500,758590,-1
35080.149,1,783770,300,760800,-1
35080.19,1,783797,500,758690,-1
35080.281,2,783797,500,758690,-1
35080.289,2,778877,1100,756800,1
35080.291,1,783856,1100,756900,1
35080.652,2,783214,800,756620,1
35080.654,2,783615,800,758680,-1
35080.755,1,784200,800,756420,1
35080.776,1,784218,500,758590,-1
35081.058,2,784218,500,758590,-1
35081.071,2,784200,800,756420,1
35081.213,2,782467,50,757200,-1
35081.221,1,784537,50,757700,-1
35081.305,1,784605,800,756520,1
35081.319,1,784618,500,758490,-1
35081.375,2,784618,500,758490,-1
35081.531,2,784605,800,756520,1
35081.838,1,785017,800,756720,1
35081.903,2,785017,800,756720,1
35082.022,1,785181,500,758690,-1
35082.438,1,785533,800,756820,1
35082.442,2,785181,500,758690,-1
35082.788,2,783856,1100,756900,1
35082.801,1,785764,1100,756700,1
35082.885,1,785852,500,758690,-1
35082.929,2,785533,800,756820,1
35082.99,2,784537,50,757700,-1
35083.007,1,785975,50,757500,-1
35083.029,1,786000,800,756520,1
35083.165,2,785852,500,758690,-1
35083.191,2,786000,800,756520,1
35083.412,1,786367,500,758490,-1
35083.639,1,786576,800,756520,1
35083.99,2,786576,800,756520,1
35084.066,2,786367,500,758490,-1
35084.072,1,786866,500,758390,-1
35084.247,1,787026,800,756320,1
35084.512,2,787026,800,756320,1
35084.72,2,785764,1100,756700,1
35084.742,1,787561,1100,756500,1
35084.846,1,787684,800,756220,1
35084.96,2,785975,50,757500,-1
35085.31,1,788103,800,758280,-1
35085.584,2,786866,500,758390,-1
35085.694,1,788428,500,758290,-1
35086.186,1,788804,1000,756500,1
35086.189,2,788428,500,758290,-1
35086.359,2,787684,800,756220,1
35086.362,2,788103,800,758280,-1
35086.377,1,788978,500,758290,-1
35086.624,1,789180,800,756220,1
35087.243,1,789634,800,758280,-1
35087.382,1,789799,50,757200,-1
35087.88,2,788978,500,758290,-1
35088.031,1,790343,500,758190,-1
35088.275,2,789180,800,756220,1
35088.278,2,789634,800,758280,-1
35088.391,1,790592,800,756120,1
35088.771,2,787561,1100,756500,1
35088.775,1,790897,1100,756400,1
35088.981,1,791070,800,758180,-1
35089.755,2,789799,50,757200,-1
35090.416,2,790897,1100,756400,1
35090.423,1,792275,1100,756200,1
35091.964,2,780796,800,760800,-1
35091.967,1,793609,800,759700,-1
35091.979,2,790343,500,758190,-1
35092.044,1,793672,100,756800,1
35092.087,1,793710,500,758290,-1
35092.405,2,793710,500,758290,-1
35092.627,1,794080,500,758290,-1
35092.63,2,790592,800,756120,1
35092.634,2,791070,800,758180,-1
35092.74,1,794172,800,758280,-1
35093.648,2,781225,100,756600,1
35093.693,1,794792,300,756700,1
35093.738,1,794825,800,756220,1
35093.805,2,794080,500,758290,-1
35093.91,1,794918,500,758190,-1
35094.405,1,795222,800,758180,-1
35094.407,2,794172,800,758280,-1
35094.409,2,794825,800,756220,1
35095.304,2,794918,500,758190,-1
35095.313,2,795222,800,758180,-1
35095.329,1,795750,500,758290,-1
35095.336,1,795753,800,758380,-1
35095.742,2,795753,800,758380,-1
35095.856,1,796130,800,758280,-1
35096.22,2,792275,1100,756200,1
35096.231,1,796374,1100,755900,1
35096.954,2,795750,500,758290,-1
35096.96,1,796827,500,758190,-1
35096.965,2,796130,800,758280,-1
35096.969,1,796835,800,757980,-1
35097.238,4,793672,100,756800,1
35097.238,4,794792,300,756700,1
35098.799,1,797978,500,756800,-1
35098.944,1,798080,800,755920,1
35099.454,2,796827,500,758190,-1
35099.573,1,798540,500,758090,-1
35099.603,2,798080,800,755920,1
35099.606,2,796835,800,757980,-1
35099.636,2,798540,500,758090,-1
35099.712,1,798653,800,755820,1
35100.057,2,798653,800,755820,1
35100.16,1,798956,500,758190,-1
35100.268,1,799043,800,756020,1
35100.511,4,788804,800,756500,1
35100.802,1,799412,800,758080,-1
35102.799,2,799043,800,756020,1
35102.8,2,799412,800,758080,-1
35102.919,1,800740,800,755920,1
35103.379,2,798956,500,758190,-1
35103.484,1,801219,800,757980,-1
35103.489,1,801226,500,758090,-1
35103.813,2,801226,500,758090,-1
35104.031,1,801660,500,758190,-1
35104.511,4,788804,100,756500,1
35104.572,2,797978,500,756800,-1
35104.585,1,802027,400,756800,1
35105.015,2,801660,500,758190,-1
35105.127,1,802394,500,758090,-1
35105.583,4,802027,350,756800,1
35107.673,2,802027,50,756800,1
35109.192,2,802394,500,758090,-1
35109.301,1,804618,500,757990,-1
35109.485,2,804618,500,757990,-1
35109.498,2,800740,800,755920,1
35109.5,2,801219,800,757980,-1
35109.542,1,804788,800,757680,-1
35110.008,1,805135,500,757890,-1
35110.055,1,805165,800,755620,1
35111.443,5,805769,1000,756540,1
35111.443,4,788804,100,756500,1
35111.443,1,805982,900,756500,-1
35112.367,2,805165,800,755620,1
35112.37,2,804788,800,757680,-1
35112.49,1,806597,800,755520,1
35113.05,1,806919,800,757580,-1
35113.101,4,805982,500,756500,-1
35113.17,2,805135,500,757890,-1
35113.294,1,807052,500,757790,-1
35113.452,2,805982,400,756500,-1
35115.533,2,807052,500,757790,-1
35115.644,1,808615,500,757690,-1
35116.07,2,808615,500,757690,-1
35116.097,2,806597,800,755520,1
35116.103,2,806919,800,757580,-1
35116.124,1,808960,800,757380,-1
35116.404,1,809195,500,757590,-1
35116.66,1,809458,800,755320,1
35116.666,2,793609,800,759700,-1
35116.667,2,796374,1100,755900,1
35116.674,1,809474,800,758800,-1
35116.677,1,809478,1100,755500,1
35117.849,2,809195,500,757590,-1
35117.955,1,810531,500,757490,-1
35118.228,2,809478,1100,755500,1
35118.24,1,810731,1100,755300,1
35118.385,2,810531,500,757490,-1
35118.508,1,810923,500,757390,-1
35119.752,2,810731,1100,755300,1
35119.756,1,811713,1100,754100,1
35120.001,2,809458,800,755320,1
35120.002,2,808960,800,757380,-1
35120.149,1,811930,800,755420,1
35120.544,1,812166,200,756300,1
35120.738,1,812307,800,757480,-1
35121.357,2,810923,500,757390,-1
35121.471,1,812766,500,757490,-1
35121.682,2,812766,500,757490,-1
35122.05,1,813154,500,757390,-1
35122.111,2,813154,500,757390,-1
35122.63,1,813543,500,757490,-1
35123.449,2,813543,500,757490,-1
35123.566,1,814083,500,757390,-1
35123.611,2,811930,800,755420,1
35123.614,2,812307,800,757480,-1
35123.712,1,814199,800,757580,-1
35124.046,2,809474,800,758800,-1
35124.066,1,814443,400,758000,-1
35124.329,1,814640,800,755520,1
35124.936,1,815023,500,756600,1
35125.689,2,814083,500,757390,-1
35125.818,1,815745,500,757390,-1
35126.265,2,814640,800,755520,1
35126.267,2,814199,800,757580,-1
35126.272,1,816053,800,757680,-1
35126.889,1,816496,800,755620,1
35127.807,2,816496,800,755620,1
35127.809,2,816053,800,757680,-1
35127.911,1,817387,800,757780,-1
35128.131,2,815745,500,757390,-1
35128.239,1,817630,500,757290,-1
35128.46,2,817630,500,757290,-1
35128.504,1,817885,800,755720,1
35128.69,2,817885,800,755720,1
35128.696,2,817387,800,757780,-1
35128.808,1,818147,500,757290,-1
35129.128,1,818393,800,757580,-1
35129.274,2,818393,800,757580,-1
35129.277,2,818147,500,757290,-1
35129.492,1,818741,500,757290,-1
35129.775,1,818953,800,757880,-1
35130.148,2,814443,400,758000,-1
35130.153,1,819213,400,757800,-1
35130.322,1,819346,800,755820,1
35130.6,2,818741,500,757290,-1
35130.692,1,819650,500,757390,-1
35132.303,4,815023,500,756600,1
35132.54,1,821056,1000,757700,-1
35134.302,2,821056,1000,757700,-1
35134.717,2,819213,400,757800,-1
35134.722,1,822683,800,757900,-1
35134.9,1,822798,1000,757900,-1
35135.48,2,819346,800,755820,1
35135.482,2,818953,800,757880,-1
35135.609,1,823235,800,757780,-1
35135.988,2,819650,500,757390,-1
35136.104,1,823556,500,757290,-1
35136.144,1,823595,800,755720,1
35136.216,2,823595,800,755720,1
35136.218,2,823235,800,757780,-1
35136.411,1,823800,50,756600,1
35136.709,1,823993,800,757880,-1
35137.254,1,824308,800,755820,1
35137.869,2,823556,500,757290,-1
35137.873,1,824619,500,757390,-1
35138.084,2,824619,500,757390,-1
35138.409,2,824308,800,755820,1
35138.411,2,823993,800,757880,-1
35138.424,1,824902,500,757290,-1
35138.517,1,824952,800,757980,-1
35139.072,1,825219,800,755920,1
35141.05,1,826122,800,756020,1
35141.063,2,825219,800,755920,1
35141.065,2,824952,800,757980,-1
35141.266,2,822683,800,757900,-1
35141.552,2,824902,500,757290,-1
35141.607,1,826416,800,759400,-1
35141.61,1,826421,800,758080,-1
35141.698,1,826487,500,757390,-1
35142.827,2,826487,500,757390,-1
35142.942,1,827075,500,757290,-1
35143.51,1,827367,10,900000,-1
35145.173,2,823800,50,756600,1
35145.277,5,827096,500,757250,-1
35145.628,2,822798,1000,757900,-1
35145.656,2,827075,500,757290,-1
35145.786,1,828610,500,757390,-1
35145.953,2,811713,1100,754100,1
35145.956,1,828688,1100,755100,1
35146.808,2,826122,800,756020,1
35146.81,2,826421,800,758080,-1
35146.954,1,829159,800,758180,-1
35146.977,2,828610,500,757390,-1
35147.016,1,829192,500,757490,-1
35147.598,1,829440,800,756120,1
35148.224,2,829440,800,756120,1
35148.225,2,829159,800,758180,-1
35148.228,1,829827,800,758080,-1
35148.83,1,830124,800,756020,1
35150.129,2,829192,500,757490,-1
35150.132,1,830794,500,757590,-1
35150.177,2,830124,800,756020,1
35150.18,2,829827,800,758080,-1
35150.182,1,830841,800,756320,1
35150.677,1,831166,800,758380,-1
35151.1,2,830841,800,756320,1
35151.102,2,831166,800,758380,-1
35151.223,1,831386,800,756220,1
35151.807,1,831695,800,758280,-1
35152.015,2,831386,800,756220,1
35152.017,2,831695,800,758280,-1
35152.365,1,832012,800,758080,-1
35152.895,1,832313,800,756020,1
35154.687,2,832313,800,756020,1
35154.689,2,832012,800,758080,-1
35154.693,1,833288,800,758180,-1
35154.855,2,833288,800,758180,-1
35155.174,1,833596,800,756220,1
35155.772,1,833972,800,758280,-1
35157.322,2,830794,500,757590,-1
35157.426,1,835226,500,757690,-1
35158.411,2,835226,500,757690,-1
35158.553,1,835946,500,757790,-1
35158.604,2,833596,800,756220,1
35158.612,2,833972,800,758280,-1
35158.627,1,835999,800,756420,1
35159.087,1,836352,800,758480,-1
35160.17,2,835999,800,756420,1
35160.177,2,836352,800,758480,-1
35160.19,1,837172,800,758280,-1
35160.41,1,837364,1000,757100,1
35160.416,2,828688,1100,755100,1
35160.421,1,837373,1100,756000,1
35160.75,1,837704,800,756220,1
35161.15,2,826416,800,759400,-1
35161.155,1,837970,800,760100,-1
35161.213,2,837704,800,756220,1
35161.22,2,837172,800,758280,-1
35161.244,2,835946,500,757790,-1
35161.251,1,838059,500,757690,-1
35161.259,1,838067,800,758380,-1
35161.372,2,838067,800,758380,-1
35161.449,2,838059,500,757690,-1
35161.736,1,838407,500,757790,-1
35161.834,2,838407,500,757790,-1
35161.85,1,838495,800,758280,-1
35162.27,1,838733,500,757690,-1
35162.344,2,838733,500,757690,-1
35162.419,1,838814,800,756220,1
35162.842,1,839175,500,757690,-1
35163.807,2,838814,800,756220,1
35163.81,2,838495,800,758280,-1
35163.925,1,839865,800,758380,-1
35164.515,1,840187,800,756320,1
35165.501,2,839175,500,757690,-1
35165.648,1,840814,500,757790,-1
35165.664,2,840187,800,756320,1
35165.667,2,839865,800,758380,-1
35165.706,1,840867,800,756520,1
35166.269,1,841215,800,758580,-1
35168.982,2,840867,800,756520,1
35168.986,2,841215,800,758580,-1
35169.083,1,842851,800,756420,1
35169.644,1,843175,800,758480,-1
35171.598,2,840814,500,757790,-1
35171.705,1,844476,500,757690,-1
35172.925,2,842851,800,756420,1
35172.933,2,843175,800,758480,-1
35172.97,1,845332,800,758280,-1
35173.538,1,845706,800,756220,1
35173.677,2,844476,500,757690,-1
35173.692,2,845706,800,756220,1
35173.695,2,845332,800,758280,-1
35173.725,1,845876,500,757790,-1
35173.895,2,845876,500,757790,-1
35174.144,1,846155,800,756420,1
35174.29,1,846275,500,757690,-1
35174.661,1,846598,800,758480,-1
35174.797,2,846155,800,756420,1
35174.894,2,846598,800,758480,-1
35175.244,1,847091,800,758280,-1
35175.729,2,846275,500,757690,-1
35175.773,1,847522,500,757590,-1
35175.813,1,847562,800,756220,1
35175.966,4,847522,500,757590,-1
35176.333,1,847950,500,757690,-1
35176.582,2,812166,200,756300,1
35176.924,1,848383,500,756410,1
35178.124,1,849044,50,750000,1
35179.253,2,847562,800,756220,1
35179.26,2,847091,800,758280,-1
35179.341,2,848383,500,756410,1
35179.344,2,847950,500,757690,-1
35179.383,1,849861,800,757980,-1
35179.387,1,849865,500,757490,-1
35179.519,2,849865,500,757490,-1
35179.555,2,849861,800,757980,-1
35179.792,1,850271,800,758080,-1
35179.796,1,850275,500,757490,-1
35180.143,2,850275,500,757490,-1
35180.335,1,850694,800,756020,1
35180.417,1,850756,500,757390,-1
35180.791,4,850756,100,757390,-1
35181.003,1,851269,500,756110,1
35181.116,2,837970,800,760100,-1
35181.117,2,837373,1100,756000,1
35181.123,1,851359,800,758900,-1
35181.126,1,851363,1100,755500,1
35181.188,2,851269,500,756110,1
35181.547,2,850756,400,757390,-1
35181.61,1,851828,400,757310,-1
35181.709,2,850694,800,756020,1
35181.714,2,850271,800,758080,-1
35181.73,4,837364,200,757100,1
35181.751,1,851974,800,757780,-1
35181.951,2,851974,800,757780,-1
35182.003,5,851857,500,757270,-1
35182.003,4,851828,400,757310,-1
35182.197,1,852399,500,756010,1
35182.262,1,852478,800,757780,-1
35182.339,2,852478,800,757780,-1
35182.514,1,852740,1000,757780,-1
35182.594,4,837364,800,757100,1
35182.594,5,837249,200,757100,1
35182.726,2,852740,1000,757780,-1
35182.773,1,852968,500,758090,-1
35182.852,1,853041,800,757880,-1
35183.41,1,853528,800,755820,1
35183.424,2,852399,500,756010,1
35183.427,2,852968,500,758090,-1
35183.472,1,853579,500,757990,-1
35183.537,2,853041,800,757880,-1
35183.553,2,853528,800,755820,1
35184.027,1,854027,500,755910,1
35184.039,1,854051,800,757980,-1
35184.561,1,854520,800,755920,1
35184.755,2,854027,500,755910,1
35184.763,2,853579,500,757990,-1
35184.802,1,854761,500,758090,-1
35184.82,2,854520,800,755920,1
35184.822,2,854051,800,757980,-1
35185.078,5,836488,100,757700,-1
35185.171,1,855098,800,758280,-1
35185.25,1,855170,500,756010,1
35185.721,1,855497,1000,757100,1
35185.8,1,855551,800,756220,1
35186.548,2,854761,500,758090,-1
35186.556,1,856003,500,758190,-1
35186.558,2,855170,500,756010,1
35187.096,1,856420,500,756110,1
35187.893,2,851359,800,758900,-1
35187.895,1,856907,800,758500,-1
35187.92,2,855551,800,756220,1
35187.924,2,855098,800,758280,-1
35188.034,1,857027,800,758380,-1
35188.599,1,857393,800,756320,1
35188.827,2,856907,800,758500,-1
35188.83,1,857532,800,758800,-1
35188.974,2,856420,500,756110,1
35188.978,2,856003,500,758190,-1
35188.983,1,857619,500,758290,-1
35189.554,1,857960,500,756210,1
35190.338,1,858465,300,757900,-1
35190.964,2,857393,800,756320,1
35190.966,2,857027,800,758380,-1
35190.969,1,858815,800,758180,-1
35191.311,2,857960,500,756210,1
35191.316,2,857619,500,758290,-1
35191.329,1,859103,500,758090,-1
35191.627,1,859291,800,756120,1
35191.721,1,859363,500,756010,1
35192.117,1,859630,500,757800,-1
35192.216,2,855497,1000,757100,1
35193.538,2,859363,500,756010,1
35193.547,2,859103,500,758090,-1
35193.749,1,860770,500,756110,1
35193.985,2,860770,500,756110,1
35194.58,2,859291,800,756120,1
35194.593,2,858815,800,758180,-1
35194.601,1,861635,800,756320,1
35194.606,1,861639,500,758090,-1
35194.816,2,861639,500,758090,-1
35194.894,1,861914,500,758190,-1
35195.14,1,862160,100,757800,-1
35195.166,2,861635,800,756320,1
35195.212,1,862237,800,756220,1
35195.313,2,862237,800,756220,1
35195.618,1,862618,500,756110,1
35195.622,2,861914,500,758190,-1
35195.73,2,862618,500,756110,1
35195.757,1,862737,100,757600,-1
35195.786,1,862767,800,758180,-1
35195.84,2,862160,100,757800,-1
35196.175,2,862767,800,758180,-1
35196.285,1,863162,800,756020,1
35196.313,1,863187,100,756300,1
35196.324,1,863196,500,756010,1
35198.366,2,863196,500,756010,1
35198.492,1,864688,500,756110,1
35198.596,1,864775,1,100,1
35200.675,2,863162,800,756020,1
35200.739,1,866485,800,756320,1
35200.797,2,863187,100,756300,1
35200.799,2,862737,100,757600,-1
35200.8,1,866542,100,756600,1
35200.975,1,866656,500,758190,-1
35200.976,2,864688,500,756110,1
35201.062,2,866656,500,758190,-1
35201.322,1,866945,100,757900,-1
35201.323,1,866947,800,758380,-1
35201.516,1,867092,500,758290,-1
35202.075,1,867494,500,756210,1
35203.028,2,867494,500,756210,1
35203.03,2,867092,500,758290,-1
35203.052,2,866485,800,756320,1
35203.06,2,866947,800,758380,-1
35203.101,1,868218,800,758080,-1
35203.125,1,868239,500,758190,-1
35203.207,2,866542,100,756600,1
35203.208,1,868322,100,757600,-1
35203.518,2,866945,100,757900,-1
35203.662,1,868761,500,756110,1
35203.711,1,868819,800,756020,1
35203.895,1,869000,100,756300,1
35204.203,1,869217,1,9999900,-1
35204.678,2,868819,800,756020,1
35204.679,2,868218,800,758080,-1
35204.808,1,869680,800,756120,1
35206.065,2,868322,100,757600,-1
35206.507,2,857532,800,758800,-1
35206.509,2,851363,1100,755500,1
35206.519,1,871283,800,758000,-1
35206.52,1,871284,1100,754700,1
35206.572,1,871324,100,757700,-1
35206.695,2,869217,1,9999900,-1
35206.699,2,864775,1,100,1
35206.87,2,869680,800,756120,1
35206.882,1,871622,800,756320,1
35206.967,1,871722,100,9999990,-1
35206.972,1,871724,100,756970,1
35207.048,2,871622,800,756320,1
35207.052,2,871324,100,757700,-1
35207.295,1,872080,100,757700,-1
35208.91,2,868761,500,756110,1
35208.912,2,868239,500,758190,-1
35209.012,1,873477,500,756010,1
35209.058,1,873511,800,756120,1
35209.25,2,873477,500,756010,1
35209.417,2,869000,100,756300,1
35209.418,1,873848,100,757400,-1
35209.424,2,873511,800,756120,1
35209.594,1,874051,500,755910,1
35209.619,2,872080,100,757700,-1
35209.684,1,874105,800,755920,1
35209.713,2,859630,500,757800,-1
35210.035,1,874430,100,756100,1
35210.124,1,874490,500,757990,-1
35210.878,2,874105,800,755920,1
35210.891,2,873848,100,757400,-1
35210.891,1,875034,100,757700,-1
35210.906,1,875048,800,756120,1
35211.007,2,874051,500,755910,1
35211.01,2,874490,500,757990,-1
35211.322,1,875343,500,757990,-1
35211.47,2,875343,500,757990,-1
35211.56,1,875529,100,756400,1
35211.976,2,874430,100,756100,1
35213.153,2,871722,100,9999990,-1
35213.402,1,876589,100,9999990,-1
35214.254,2,875034,100,757700,-1
35214.271,2,875048,800,756120,1
35214.278,1,877078,800,756220,1
35214.299,5,877073,400,757100,-1
35214.441,1,877205,500,758190,-1
35214.459,1,877219,100,756600,1
35214.627,2,877078,800,756220,1
35214.64,2,875529,100,756400,1
35214.658,2,877205,500,758190,-1
35214.79,2,877219,100,756600,1
35214.801,1,877490,100,757800,-1
35214.818,1,877501,800,756220,1
35214.878,2,877501,800,756220,1
35215.048,1,877737,500,756110,1
35215.222,2,877490,100,757800,-1
35215.384,1,877942,100,756600,1
35215.427,1,877976,800,756320,1
35215.538,2,877737,500,756110,1
35215.643,1,878127,500,758090,-1
35215.853,2,878127,500,758090,-1
35215.86,1,878234,100,757900,-1
35215.949,1,878286,800,758380,-1
35216.223,1,878429,500,758190,-1
35217.88,2,878429,500,758190,-1
35218.065,1,879541,500,758290,-1
35218.089,2,877976,800,756320,1
35218.092,2,878286,800,758380,-1
35218.128,1,879575,100,756800,1
35218.13,2,878234,100,757900,-1
35218.132,1,879581,800,756520,1
35218.142,2,879541,500,758290,-1
35218.496,2,877942,100,756600,1
35218.636,1,880041,500,758490,-1
35218.747,1,880136,100,758100,-1
35218.775,2,871724,100,756970,1
35219.041,1,880387,100,100,1
35219.205,1,880508,500,756410,1
35220.042,2,879581,800,756520,1
35220.168,1,881265,800,756420,1
35220.315,2,880508,500,756410,1
35220.317,2,880041,500,758490,-1
35220.351,1,881391,500,756510,1
35220.72,2,881265,800,756420,1
35220.726,1,881679,800,756720,1
35220.901,2,880136,100,758100,-1
35220.901,1,881833,100,757100,1
35221.052,2,871283,800,758000,-1
35221.054,5,881857,500,757140,1
35221.066,1,881986,800,758400,-1
35221.187,2,881679,800,756720,1
35221.239,2,879575,100,756800,1
35221.302,1,882214,800,758680,-1
35221.41,1,882324,100,758400,-1
35221.464,2,871284,1100,754700,1
35221.472,1,882377,1100,755900,1
35221.476,2,880387,100,100,1
35221.481,2,876589,100,9999990,-1
35221.548,2,881833,100,757100,1
35221.644,1,882514,500,758590,-1
35221.757,1,882618,100,100,1
35221.763,1,882627,100,757330,-1
35221.843,1,882712,100,757000,1
35221.973,1,882805,800,756620,1
35222.026,2,881986,800,758400,-1
35222.033,1,882831,800,759300,-1
35224.193,2,882805,800,756620,1
35224.201,2,882214,800,758680,-1
35224.27,1,885105,800,756520,1
35225.105,2,885105,800,756520,1
35225.109,1,885782,800,758380,-1
35225.169,1,885843,100,756800,1
35225.173,2,882712,100,757000,1
35225.478,2,881391,500,756510,1
35225.481,2,882514,500,758590,-1
35225.486,1,886174,500,756410,1
35225.514,4,882627,100,757330,-1
35225.715,1,886374,800,756320,1
35225.829,2,882324,100,758400,-1
35225.83,1,886462,100,758100,-1
35226.137,1,886758,100,758330,-1
35227.207,2,886174,500,756410,1
35227.431,1,887848,500,756310,1
35227.654,2,886758,100,758330,-1
35227.897,1,888162,100,9999990,-1
35230.752,2,887848,500,756310,1
35230.878,1,890170,500,756410,1
35231.136,2,888162,100,9999990,-1
35231.396,1,890537,100,9999990,-1
35233.776,4,858465,100,757900,-1
35234.343,2,890170,500,756410,1
35234.454,1,892514,500,756510,1
35235.111,2,885782,800,758380,-1
35235.251,1,893058,500,758590,-1
35235.257,1,893064,800,758380,-1
35235.721,2,886374,800,756320,1
35235.923,1,893509,800,756320,1
35237.906,2,890537,100,9999990,-1
35237.908,2,882618,100,100,1
35238.156,1,894701,100,9999990,-1
35238.159,1,894705,100,100,1
35238.223,1,894732,200,757900,-1
35240.251,2,858465,200,757900,-1
35242.131,2,892514,500,756510,1
35242.133,2,893058,500,758590,-1
35242.299,1,896718,500,756610,1
35244.431,2,894732,200,757900,-1
35244.506,1,897744,500,758690,-1
35244.909,2,882377,1100,755900,1
35244.919,1,897946,1100,756500,1
35245.123,1,898043,300,757400,1
35245.261,2,893064,800,758380,-1
35245.535,1,898253,800,758380,-1
35245.921,2,893509,800,756320,1
35247.161,2,896718,500,756610,1
35247.163,2,897744,500,758690,-1
35247.349,1,899214,500,758790,-1
35247.604,2,898253,800,758380,-1
35247.707,1,899429,800,758480,-1
35247.966,1,899628,500,756710,1
35249.105,2,899429,800,758480,-1
35249.119,2,886462,100,758100,-1
35249.147,1,900472,800,758680,-1
35249.269,1,900577,100,757000,1
35249.683,1,900870,400,758100,-1
35249.685,1,900871,600,754300,1
35249.718,2,885843,100,756800,1
35249.762,1,900916,100,758300,-1
35250.183,2,894705,100,100,1
35250.187,2,894701,100,9999990,-1
35250.435,2,899628,500,756710,1
35250.438,2,899214,500,758790,-1
35250.511,1,901446,500,756810,1
35250.676,1,901589,100,757170,1
35250.68,1,901592,100,9999990,-1
35252.317,2,900472,800,758680,-1
35252.326,2,900870,400,758100,-1
35252.331,1,902647,400,758400,-1
35252.411,1,902704,500,758890,-1
35252.423,1,902712,800,758580,-1
35253.24,2,898043,300,757400,1
35254.789,2,901446,500,756810,1
35254.792,2,902704,500,758890,-1
35254.88,1,904303,800,756520,1
35254.891,1,904307,500,756710,1
35255.092,2,904303,800,756520,1
35255.094,2,902712,800,758580,-1
35255.12,2,900577,100,757000,1
35255.171,1,904483,500,757500,1
35255.438,1,904644,800,758580,-1
35255.442,1,904646,100,757000,1
35255.47,1,904666,500,758790,-1
35258.597,2,904307,500,756710,1
35258.599,2,904666,500,758790,-1
35258.748,2,902647,400,758400,-1
35258.749,2,900871,600,754300,1
35258.822,1,906686,500,758890,-1
35260.499,1,907780,100,757200,1
35260.503,2,900916,100,758300,-1
35260.588,2,904644,800,758580,-1
35260.612,1,907899,800,758780,-1
35260.617,2,906686,500,758890,-1
35260.62,1,907908,500,757010,1
35260.648,4,904483,100,757500,1
35260.762,2,904646,100,757000,1
35261.21,1,908362,100,758500,-1
35261.214,1,908368,500,759090,-1
35261.349,2,882831,800,759300,-1
35261.351,2,897946,1100,756500,1
35261.363,1,908512,800,760400,-1
35261.365,1,908514,1100,756800,1
35261.548,2,907908,500,757010,1
35261.551,2,908368,500,759090,-1
35261.808,1,908873,500,758990,-1
35263.656,1,910001,500,756900,1
35263.965,2,901592,100,9999990,-1
35264.199,1,910357,100,9999990,-1
35264.65,2,908873,500,758990,-1
35264.944,1,910975,500,759090,-1
35265.33,2,910975,500,759090,-1
35265.509,1,911508,500,758890,-1
35268.291,2,907899,800,758780,-1
35268.42,1,913718,800,758680,-1
35269.047,2,908514,1100,756800,1
35269.05,1,914161,1100,757000,1
35270.089,2,911508,500,758890,-1
35270.386,2,904483,400,757500,1
35270.46,1,915172,500,758890,-1
35271.489,2,907780,100,757200,1
35271.643,1,915972,100,757100,1
35272.004,2,914161,1100,757000,1
35272.015,1,916182,1100,756800,1
35272.775,2,910357,100,9999990,-1
35272.92,1,916770,100,9999990,-1
35273.638,2,915172,500,758890,-1
35273.742,1,917256,500,756910,1
35277.431,2,916182,1100,756800,1
35277.495,1,919085,1100,756400,1
35277.897,1,919342,500,758990,-1
35278.19,2,917256,500,756910,1
35278.193,2,913718,800,758680,-1
35278.198,1,919597,500,758890,-1
35278.201,1,919600,800,758780,-1
35278.559,2,919342,500,758990,-1
35278.561,2,919597,500,758890,-1
35278.566,2,919600,800,758780,-1
35278.57,1,919850,800,758680,-1
35278.573,1,919853,500,756910,1
35278.946,2,919850,800,758680,-1
35278.964,1,920066,800,758880,-1
35278.969,2,908362,100,758500,-1
35278.972,1,920073,100,757400,1
35278.983,1,920084,500,758990,-1
35279.182,2,920073,100,757400,1
35279.325,2,915972,100,757100,1
35279.45,1,920414,100,757300,1
35280.097,1,920990,100,758600,-1
35280.962,2,920066,800,758880,-1
35280.986,2,920414,100,757300,1
35280.988,1,921643,100,757100,1
35280.993,1,921646,800,758580,-1
35281.548,2,920990,100,758600,-1
35281.549,1,922013,100,758400,-1
35281.8,2,921646,800,758580,-1
35281.825,1,922218,800,758780,-1
35281.858,2,922013,100,758400,-1
35282.083,2,921643,100,757100,1
35282.083,1,922378,100,757300,1
35282.63,1,922723,100,758600,-1
35282.761,2,901589,100,757170,1
35283.017,1,922950,100,100,1
35283.639,2,922218,800,758780,-1
35283.649,1,923357,800,758580,-1
35283.678,2,919853,500,756910,1
35283.679,2,922378,100,757300,1
35283.68,1,923384,100,757100,1
35283.688,2,920084,500,758990,-1
35283.691,1,923390,500,758890,-1
35284.116,1,923720,800,756520,1
35284.254,1,923831,500,756810,1
35284.262,1,923843,100,758400,-1
35284.315,2,922723,100,758600,-1
35284.59,2,922950,100,100,1
35284.593,2,916770,100,9999990,-1
35284.717,2,923390,500,758890,-1
35284.83,1,924231,100,100,1
35284.837,1,924238,100,9999990,-1
35284.962,2,923831,500,756810,1
35284.968,1,924342,500,758790,-1
35285.386,2,919085,1100,756400,1
35285.392,1,924595,1100,756800,1
35286.718,2,924342,500,758790,-1
35286.89,2,923843,100,758400,-1
35286.89,1,926028,100,757300,1
35286.966,2,923720,800,756520,1
35286.972,2,923357,800,758580,-1
35287.012,1,926180,800,758780,-1
35287.049,2,923384,100,757100,1
35287.243,1,926462,500,756910,1
35287.349,2,926462,500,756910,1
35287.394,1,926613,100,758600,-1
35287.531,1,926727,500,756910,1
35288.05,1,927140,500,758990,-1
35288.114,2,926727,500,756910,1
35288.116,2,927140,500,758990,-1
35288.613,1,927506,500,757010,1
35289.163,1,927839,500,759090,-1
35292.566,2,927506,500,757010,1
35292.569,2,927839,500,759090,-1
35292.679,1,930362,500,757110,1
35293.295,2,926613,100,758600,-1
35293.306,2,926180,800,758780,-1
35293.315,1,930758,800,756920,1
35293.359,1,930794,500,759190,-1
35293.37,2,930362,500,757110,1
35293.389,1,930819,100,757500,1
35293.588,2,926028,100,757300,1
35293.616,2,930794,500,759190,-1
35293.798,1,931085,500,757210,1
35293.803,1,931092,800,758980,-1
35293.887,2,931085,500,757210,1
35294.006,1,931229,100,758800,-1
35294.351,1,931447,500,757110,1
35294.843,1,931773,500,759190,-1
35294.903,2,931447,500,757110,1
35294.907,2,931773,500,759190,-1
35295.476,1,932203,500,757110,1
35295.654,2,924238,100,9999990,-1
35295.884,1,932499,100,9999990,-1
35296.051,1,932580,500,759190,-1
35296.271,2,930758,800,756920,1
35296.273,2,931092,800,758980,-1
35296.284,2,930819,100,757500,1
35296.285,1,932735,100,757300,1
35296.292,1,932739,800,758780,-1
35296.475,2,932203,500,757110,1
35296.477,2,932580,500,759190,-1
35296.687,1,933074,500,757010,1
35296.89,2,931229,100,758800,-1
35296.892,1,933225,100,758600,-1
35297.213,2,924595,1100,756800,1
35297.213,1,933457,500,759090,-1
35297.227,1,933465,1100,757100,1
35297.966,2,933465,1100,757100,1
35297.969,1,934035,1100,756700,1
35298.824,2,933074,500,757010,1
35298.827,2,933457,500,759090,-1
35298.899,1,934848,500,756910,1
35298.952,1,934884,800,756720,1
35299.47,1,935245,500,758990,-1
35300.082,2,932735,100,757300,1
35300.302,1,935969,100,757200,1
35300.316,2,908512,800,760400,-1
35300.318,2,934035,1100,756700,1
35300.35,1,936021,800,759500,-1
35300.353,1,936025,1100,756400,1
35300.952,1,936500,400,758700,-1
35300.954,1,936502,600,754900,1
35303.629,2,934848,500,756910,1
35303.641,2,935245,500,758990,-1
35303.689,2,935969,100,757200,1
35303.69,1,938404,100,758300,-1
35303.694,2,934884,800,756720,1
35303.696,2,932739,800,758780,-1
35303.708,1,938420,800,758580,-1
35303.82,1,938522,500,756710,1
35304.085,2,933225,100,758600,-1
35304.149,1,938771,800,756520,1
35304.255,1,938853,100,757000,1
35304.679,2,924231,100,100,1
35304.692,2,932499,100,9999990,-1
35305.088,2,938522,500,756710,1
35305.283,1,939690,500,756810,1
35305.634,2,939690,500,756810,1
35305.844,1,940178,500,756710,1
35308.162,2,938771,800,756520,1
35308.168,2,938420,800,758580,-1
35308.278,1,942055,800,758900,-1
35308.282,1,942056,500,758900,-1
35308.431,2,940178,500,756710,1
35308.435,2,942056,500,758900,-1
35308.861,1,942491,800,756620,1
35308.877,1,942503,500,756610,1
35309.301,2,942491,800,756620,1
35309.308,2,942055,800,758900,-1
35309.353,2,936500,400,758700,-1
35309.355,2,938404,100,758300,-1
35309.356,1,942884,400,758700,-1
35309.397,2,938853,100,757000,1
35309.43,1,942951,800,758480,-1
35309.45,1,942964,100,758100,-1
35309.475,2,942503,500,756610,1
35309.482,1,942981,500,758590,-1
35309.542,5,942985,100,758060,-1
35309.991,1,943466,800,756420,1
35310.094,1,943581,500,756510,1
35310.411,2,942884,400,758700,-1
35310.43,1,943834,400,758800,-1
35310.498,5,942985,200,758060,-1
35310.577,1,943982,100,756800,1
35311.134,2,942964,100,758100,-1
35311.15,1,944482,100,758300,-1
35311.452,2,943581,500,756510,1
35311.456,2,942981,500,758590,-1
35311.458,1,944708,500,756610,1
35311.575,2,943466,800,756420,1
35311.578,2,942951,800,758480,-1
35311.704,1,944864,800,758580,-1
35311.861,1,944968,500,758690,-1
35312.761,2,944864,800,758580,-1
35312.865,1,945607,800,758680,-1
35313.085,2,936021,800,759500,-1
35313.089,1,945794,800,759300,-1
35313.482,2,945794,800,759300,-1
35313.485,1,946055,800,759500,-1
35313.952,2,945607,800,758680,-1
35314.068,1,946523,800,758780,-1
35314.643,1,946880,800,756720,1
35315.61,5,946883,100,758260,-1
35315.794,2,946880,800,756720,1
35315.795,2,946523,800,758780,-1
35315.88,1,947655,800,756820,1
35316.027,2,944708,500,756610,1
35316.03,2,944968,500,758690,-1
35316.133,1,947822,500,759000,-1
35316.182,2,943834,400,758800,-1
35316.185,2,944482,100,758300,-1
35316.186,1,947849,400,759000,-1
35316.503,1,948052,800,758880,-1
35316.578,1,948089,1000,759000,-1
35317.108,2,947655,800,756820,1
35317.11,2,948052,800,758880,-1
35317.233,2,947849,400,759000,-1
35317.239,1,948533,400,758900,-1
35317.24,1,948535,800,758980,-1
35317.291,1,948573,500,756710,1
35317.313,2,947822,500,759000,-1
35317.503,1,948692,100,758300,-1
35317.663,2,948535,800,758980,-1
35317.73,2,948692,100,758300,-1
35317.786,1,948904,800,757120,1
35317.797,2,948089,1000,759000,-1
35318.166,1,949192,100,758400,-1
35318.19,2,948904,800,757120,1
35318.298,1,949282,800,759280,-1
35318.577,2,948573,500,756710,1
35318.717,1,949574,100,757100,1
35318.822,1,949632,800,757220,1
35318.93,2,943982,100,756800,1
35319.0,4,949192,100,758400,-1
35319.457,2,949574,100,757100,1
35319.457,1,950051,100,757700,1
35319.711,1,950313,500,758890,-1
35320.071,2,950051,100,757700,1
35320.071,1,950604,100,757800,1
35320.526,1,950938,100,757800,1
35320.632,2,950313,500,758890,-1
35320.714,2,949632,800,757220,1
35320.716,2,949282,800,759280,-1
35320.72,1,951122,500,758790,-1
35320.723,2,950604,100,757800,1
35320.758,1,951158,800,759080,-1
35320.883,2,950938,100,757800,1
35321.134,1,951426,100,757500,1
35321.175,1,951458,500,756710,1
35321.18,1,951461,800,757020,1
35321.673,1,951792,100,757500,1
35322.173,2,948533,400,758900,-1
35322.187,1,952082,400,759200,-1
35322.253,2,951122,500,758790,-1
35322.597,1,952338,100,757600,1
35322.709,2,951461,800,757020,1
35322.717,2,951158,800,759080,-1
35322.793,1,952462,800,759180,-1
35322.818,2,951426,100,757500,1
35323.28,1,952746,100,757600,1
35323.3,1,952765,800,757120,1
35323.374,2,951458,500,756710,1
35323.396,2,951792,100,757500,1
35324.474,1,953502,100,757510,1
35324.758,1,953825,100,757700,1
35324.789,2,952765,800,757120,1
35324.803,2,952462,800,759180,-1
35324.863,1,953937,800,759280,-1
35324.941,2,952338,100,757600,1
35325.039,2,953937,800,759280,-1
35325.056,1,954097,500,758900,-1
35325.331,1,954377,100,757800,1
35325.346,1,954391,800,759480,-1
35325.473,2,953825,100,757700,1
35325.568,1,954591,100,757610,1
35325.57,2,953502,100,757510,1
35325.939,2,954097,500,758900,-1
35325.952,1,954868,100,757800,1
35326.118,2,954591,100,757610,1
35326.125,1,954977,100,757710,1
35326.134,2,952746,100,757600,1
35326.289,2,952082,400,759200,-1
35326.3,1,955132,400,758900,-1
35326.323,1,955163,800,757420,1
35326.684,2,955132,400,758900,-1
35326.693,1,955524,400,759200,-1
35326.766,1,955567,500,759090,-1
35327.353,1,956061,100,758100,1
35327.404,2,955163,800,757420,1
35327.409,2,954391,800,759480,-1
35327.424,1,956121,800,757620,1
35327.701,2,955567,500,759090,-1
35327.707,2,954977,100,757710,1
35327.711,1,956338,100,757910,1
35327.775,2,954377,100,757800,1
35327.845,1,956438,800,759680,-1
35327.92,2,956121,800,757620,1
35327.932,2,956438,800,759680,-1
35327.949,1,956513,100,758100,1
35328.128,1,956616,400,759190,-1
35328.131,2,956338,100,757910,1
35328.223,2,954868,100,757800,1
35328.36,1,956761,800,757720,1
35328.56,1,956881,100,757910,1
35328.67,2,956881,100,757910,1
35329.164,1,957318,100,757910,1
35329.173,2,946055,800,759500,-1
35329.178,1,957327,800,759700,-1
35329.928,2,956761,800,757720,1
35329.934,1,957994,800,759680,-1
35329.943,2,957327,800,759700,-1
35329.948,1,958011,800,760300,-1
35329.963,2,956061,100,758100,1
35329.964,2,956513,100,758100,1
35330.11,2,955524,400,759200,-1
35330.124,1,958161,400,759400,-1
35330.135,1,958171,100,758000,1
35330.155,2,957994,800,759680,-1
35330.189,2,957318,100,757910,1
35330.197,1,958222,100,757610,1
35330.361,2,783770,300,760800,-1
35330.424,1,958408,800,759780,-1
35330.652,1,958592,100,758100,1
35330.694,1,958632,300,761900,-1
35330.834,2,958408,800,759780,-1
35330.835,2,958171,100,758000,1
35330.877,2,958222,100,757610,1
35330.886,1,958846,100,757810,1
35330.934,2,958592,100,758100,1
35331.013,1,958954,800,759580,-1
35331.027,2,958846,100,757810,1
35331.235,1,959134,100,757900,1
35331.257,1,959153,100,757610,1
35331.538,1,959402,800,757520,1
35331.742,1,959592,100,757900,1
35331.859,2,956616,400,759190,-1
35331.865,1,959711,500,759000,-1
35331.966,5,959733,200,758980,-1
35331.966,4,959711,100,759000,-1
35331.983,2,958161,400,759400,-1
35331.989,1,959843,400,759600,-1
35332.001,4,959711,100,759000,-1
35332.111,2,958954,800,759580,-1
35332.113,2,959402,800,757520,1
35332.243,1,960011,800,759680,-1
35332.54,2,910001,500,756900,1
35332.652,1,960354,1000,759000,-1
35332.819,1,960458,800,757620,1
35332.947,2,959711,300,759000,-1
35333.124,2,959153,100,757610,1
35333.126,1,960646,500,757710,1
35333.154,4,960354,1000,759000,-1
35333.653,1,960991,100,758910,-1
35334.029,4,960991,100,758910,-1
35334.108,2,960458,800,757620,1
35334.11,2,960011,800,759680,-1
35334.227,1,961362,800,759780,-1
35334.725,1,961663,100,758000,1
35334.774,1,961692,800,757720,1
35334.836,2,959134,100,757900,1
35335.25,1,962073,100,758000,1
35335.454,2,959592,100,757900,1
35335.942,2,961692,800,757720,1
35335.944,2,961362,800,759780,-1
35336.015,2,959843,400,759600,-1
35336.017,1,962562,400,759400,-1
35336.047,1,962581,800,759880,-1
35336.594,1,962946,800,757820,1
35336.681,2,962562,400,759400,-1
35336.683,1,963019,400,759600,-1
35336.888,2,958011,800,760300,-1
35336.901,1,963160,800,759500,-1
35337.874,2,960646,500,757710,1
35337.991,1,963941,500,757810,1
35338.182,2,962946,800,757820,1
35338.184,2,962581,800,759880,-1
35338.301,1,964131,800,759980,-1
35338.922,1,964463,800,757920,1
35340.224,2,961663,100,758000,1
35340.224,2,964463,800,757920,1
35340.229,1,965175,100,757800,1
35340.229,2,962073,100,758000,1
35340.233,2,963941,500,757810,1
35340.236,2,964131,800,759980,-1
35340.265,1,965195,800,759780,-1
35340.339,1,965244,500,757710,1
35340.472,2,963160,800,759500,-1
35340.478,1,965316,800,759700,-1
35340.728,1,965522,800,757720,1
35340.811,1,965571,100,757800,1
35341.606,2,965244,500,757710,1
35341.718,1,966115,500,757810,1
35341.982,2,965522,800,757720,1
35341.984,2,965195,800,759780,-1
35342.169,1,966393,100,758100,1
35342.185,1,966411,800,760080,-1
35342.433,1,966587,200,759500,-1
35342.521,2,965175,100,757800,1
35342.526,2,966115,500,757810,1
35342.54,1,966663,500,757910,1
35342.633,1,966758,800,758020,1
35342.835,1,966916,100,758100,1
35343.051,2,965316,800,759700,-1
35343.055,1,967038,800,760100,-1
35343.181,2,965571,100,757800,1
35343.202,2,963019,400,759600,-1
35343.206,1,967128,400,759400,-1
35344.949,2,967128,400,759400,-1
35344.959,1,968176,400,759600,-1
35345.829,2,966663,500,757910,1
35345.95,1,968730,500,758010,1
35346.139,2,968730,500,758010,1
35346.143,2,966411,800,760080,-1
35346.152,2,966758,800,758020,1
35346.175,1,968862,800,758220,1
35346.246,1,968911,100,758400,1
35346.577,1,969155,500,758110,1
35346.594,2,966393,100,758100,1
35346.936,1,969431,100,758400,1
35347.151,2,966916,100,758100,1
35348.313,2,968176,400,759600,-1
35348.328,1,970527,400,760400,-1
35348.375,2,966587,200,759500,-1
35348.5,1,970623,800,760280,-1
35349.695,1,971317,100,759300,-1
35349.944,2,968862,800,758220,1
35349.95,2,970623,800,760280,-1
35349.986,1,971513,800,760080,-1
35349.986,4,971317,100,759300,-1
35350.017,2,968911,100,758400,1
35350.02,2,969431,100,758400,1
35350.246,2,936502,600,754900,1
35350.258,1,971694,600,756300,1
35350.335,1,971744,100,758200,1
35350.55,1,971887,800,758020,1
35350.83,2,971887,800,758020,1
35350.834,2,971513,800,760080,-1
35350.93,1,972169,100,758400,1
35350.932,2,971744,100,758200,1
35351.129,1,972292,800,760380,-1
35351.224,2,967038,800,760100,-1
35351.23,1,972364,800,760400,-1
35351.469,1,972504,100,758500,1
35351.47,2,972169,100,758400,1
35351.527,2,970527,400,760400,-1
35351.534,1,972535,400,760900,-1
35351.707,1,972631,800,758320,1
35351.993,1,972817,100,758500,1
35353.061,2,972631,800,758320,1
35353.066,2,972292,800,760380,-1
35353.071,1,973373,800,760080,-1
35353.188,2,972504,100,758500,1
35353.188,2,972817,100,758500,1
35353.19,1,973440,100,758200,1
35353.612,1,973671,800,758020,1
35353.734,1,973760,100,758300,1
35354.175,2,973440,100,758200,1
35354.337,1,974098,100,758300,1
35355.31,1,974668,10,758800,1
35355.923,2,973671,800,758020,1
35355.924,2,973373,800,760080,-1
35356.034,1,975220,800,760180,-1
35359.374,1,977363,100,758400,1
35359.795,2,973760,100,758300,1
35359.919,1,977679,100,758400,1
35359.955,2,972364,800,760400,-1
35359.962,1,977708,800,760900,-1
35360.207,2,969155,500,758110,1
35360.372,2,974098,100,758300,1
35360.458,1,978034,500,758010,1
35360.558,1,978087,800,758120,1
35360.604,2,978034,500,758010,1
35361.313,2,978087,800,758120,1
35361.316,2,975220,800,760180,-1
35361.326,1,978486,800,759980,-1
35361.368,2,977363,100,758400,1
35361.369,2,977679,100,758400,1
35361.369,1,978531,100,758100,1
35361.466,1,978609,500,758010,1
35361.996,2,978531,100,758100,1
35361.996,1,978932,100,758200,1
35362.552,1,979236,100,758200,1
35362.669,2,978609,500,758010,1
35362.798,1,979374,500,758110,1
35362.843,1,979404,800,757920,1
35365.695,1,981114,100,759200,-1
35367.691,1,982085,100,758300,1
35367.996,2,978932,100,758200,1
35368.198,1,982279,100,758300,1
35368.559,2,979236,100,758200,1
35371.325,2,978486,800,759980,-1
35371.433,1,983761,800,759980,-1
35372.846,2,979404,800,757920,1
35373.663,1,985138,200,753700,1
35373.701,2,979374,500,758110,1
35373.771,1,985202,500,758210,1
35374.499,2,983761,800,759980,-1
35374.511,1,985592,800,760180,-1
35374.67,2,981114,100,759200,-1
35374.67,1,985713,100,758600,1
35374.672,2,982085,100,758300,1
35375.099,1,986023,100,759300,-1
35375.65,2,982279,100,758300,1
35375.655,1,986388,100,758600,1
35377.5,2,985592,800,760180,-1
35377.508,1,987286,800,759980,-1
35377.595,2,986388,100,758600,1
35377.595,2,985713,100,758600,1
35377.761,1,987430,100,758400,1
35378.298,1,987723,100,759200,-1
35378.391,2,986023,100,759300,-1
35378.871,1,988028,100,758400,1
35380.013,2,985202,500,758210,1
35380.015,2,987286,800,759980,-1
35380.018,1,988854,500,758310,1
35380.036,1,988868,800,760280,-1
35380.142,2,987723,100,759200,-1
35380.142,1,988949,100,758600,1
35380.299,2,988854,500,758310,1
35380.589,2,987430,100,758400,1
35380.589,1,989293,100,759400,-1
35380.979,1,989672,500,758410,1
35381.14,1,989806,100,758600,1
35381.145,2,988028,100,758400,1
35382.511,2,989672,500,758410,1
35382.521,1,990704,500,758510,1
35382.523,2,988868,800,760280,-1
35382.57,2,989293,100,759400,-1
35382.57,1,990756,100,758900,1
35382.596,1,990776,800,760480,-1
35382.751,2,988949,100,758600,1
35383.216,1,991136,100,759600,-1
35383.751,1,991478,100,758900,1
35383.89,2,989806,100,758600,1
35383.949,2,990776,800,760480,-1
35383.959,1,991670,800,760280,-1
35384.011,2,990756,100,758900,1
35384.036,2,936025,1100,756400,1
35384.039,1,991756,1100,757300,1
35384.108,2,991478,100,758900,1
35384.277,1,992008,100,758600,1
35384.548,2,991670,800,760280,-1
35384.552,1,992249,800,760480,-1
35384.748,2,992249,800,760480,-1
35384.813,1,992523,100,759400,-1
35384.978,2,991136,100,759600,-1
35385.158,1,992818,800,760280,-1
35385.294,2,992818,800,760280,-1
35385.322,2,990704,500,758510,1
35385.374,2,992523,100,759400,-1
35385.457,1,993046,500,758410,1
35385.517,1,993091,100,758800,1
35385.52,2,992008,100,758600,1
35385.669,2,993046,500,758410,1
35385.758,1,993263,800,758420,1
35385.76,2,993091,100,758800,1
35386.031,1,993493,500,758510,1
35386.121,1,993543,100,758900,1
35386.309,1,993672,800,760480,-1
35386.915,1,994049,100,759700,-1
35387.355,1,994270,100,758900,1
35387.455,1,994338,100,759400,-1
35389.822,2,993493,500,758510,1
35389.919,1,995610,500,758610,1
35390.793,2,993263,800,758420,1
35390.795,2,993672,800,760480,-1
35390.909,1,996028,800,760380,-1
35391.672,4,994338,100,759400,-1
35392.262,2,995610,500,758610,1
35392.277,2,996028,800,760380,-1
35392.286,1,996736,800,760280,-1
35392.321,2,993543,100,758900,1
35392.322,1,996765,100,758800,1
35392.325,2,994270,100,758900,1
35392.395,1,996824,500,758510,1
35392.535,2,996824,500,758510,1
35392.547,2,996736,800,760280,-1
35392.676,2,996765,100,758800,1
35392.767,1,997062,800,760180,-1
35392.909,1,997142,100,758700,1
35393.003,1,997181,500,758610,1
35393.409,2,994049,100,759700,-1
35393.409,1,997421,100,759500,-1
35393.967,1,997717,100,758700,1
35394.922,2,997181,500,758610,1
35394.924,1,998186,500,758710,1
35394.94,2,997062,800,760180,-1
35394.947,1,998204,800,760380,-1
35394.958,2,997421,100,759500,-1
35394.958,1,998218,100,758900,1
35395.101,2,997142,100,758700,1
35395.516,1,998533,100,759700,-1
35396.103,1,998810,100,759000,1
35396.217,2,998218,100,758900,1
35396.461,2,998186,500,758710,1
35396.562,1,999044,500,758810,1
35396.734,1,999150,100,759000,1
35396.735,2,997717,100,758700,1
35398.1,2,998533,100,759700,-1
35398.1,1,999925,100,759100,1
35398.115,2,998204,800,760380,-1
35398.12,1,999945,800,760580,-1
35398.186,2,999044,500,758810,1
35398.189,1,999987,500,759010,1
35398.433,2,998810,100,759000,1
35398.639,1,1000322,100,759200,1
35398.922,2,999925,100,759100,1
35399.307,1,1000933,100,760000,-1
35399.823,1,1001354,100,759200,1
35400.144,2,999150,100,759000,1
35402.264,2,1000322,100,759200,1
35402.264,2,1001354,100,759200,1
35402.355,2,999945,800,760580,-1
35402.358,1,1003300,800,760480,-1
35402.402,2,999987,500,759010,1
35402.405,1,1003332,500,758910,1
35402.415,1,1003337,100,759100,1
35402.561,2,1003300,800,760480,-1
35402.571,2,1003337,100,759100,1
35402.862,1,1003712,800,758420,1
35402.917,1,1003779,100,759100,1
35403.43,1,1004148,800,760480,-1
35403.468,1,1004179,100,759800,-1
35403.473,2,1000933,100,760000,-1
35403.702,2,1004179,100,759800,-1
35403.725,2,1003712,800,758420,1
35403.727,2,1004148,800,760480,-1
35403.941,1,1004584,800,760580,-1
35404.165,1,1004740,100,759200,1
35404.555,1,1005135,100,760000,-1
35404.559,2,1003779,100,759100,1
35405.102,1,1005529,100,759200,1
35405.481,2,1003332,500,758910,1
35405.562,1,1005874,800,758520,1
35405.599,1,1005904,500,759010,1
35406.111,2,991756,1100,757300,1
35406.115,1,1006282,1100,757900,1
35406.689,2,1005904,500,759010,1
35406.781,1,1006870,500,758910,1
35407.897,2,1005874,800,758520,1
35407.899,2,1004584,800,760580,-1
35408.004,1,1007715,800,760480,-1
35410.078,2,977708,800,760900,-1
35410.088,1,1009036,800,761400,-1
35411.438,2,1006870,500,758910,1
35411.546,1,1009945,500,759010,1
35413.834,2,1009945,500,759010,1
35413.855,2,1007715,800,760480,-1
35413.865,1,1011327,800,760780,-1
35413.893,2,1005135,100,760000,-1
35413.907,1,1011365,100,759400,1
35413.911,2,1004740,100,759200,1
35413.916,1,1011374,500,759210,1
35413.973,2,1011327,800,760780,-1
35414.418,1,1011724,100,760200,-1
35414.427,1,1011729,800,760680,-1
35414.827,2,1011729,800,760680,-1
35414.977,1,1012129,100,759400,1
35414.993,1,1012142,100,758800,1
35415.054,1,1012179,800,760780,-1
35415.058,2,1005529,100,759200,1
35415.532,2,972535,400,760900,-1
35415.547,1,1012579,400,761600,-1
35415.688,2,1011374,500,759210,1
35415.693,1,1012691,500,759310,1
35416.495,2,1006282,1100,757900,1
35416.506,1,1013230,1100,758400,1
35416.803,2,1012179,800,760780,-1
35416.922,1,1013556,800,760680,-1
35417.547,1,1014094,100,760400,-1
35417.548,2,1011724,100,760200,-1
35417.567,2,1009036,800,761400,-1
35417.579,1,1014129,800,762100,-1
35417.585,2,1012691,500,759310,1
35417.588,2,1013556,800,760680,-1
35417.593,1,1014141,800,758920,1
35417.608,1,1014159,500,759510,1
35418.08,1,1014602,800,760980,-1
35419.223,2,971694,600,756300,1
35419.23,1,1015574,600,757300,1
35419.266,2,1012142,100,758800,1
35419.281,1,1015616,100,759500,1
35420.062,2,1014141,800,758920,1
35420.065,2,1014602,800,760980,-1
35420.159,1,1016520,800,760880,-1
35420.379,2,1014129,800,762100,-1
35420.395,1,1016748,1100,763500,-1
35423.225,2,1013230,1100,758400,1
35423.238,1,1019167,1100,759100,1
35423.482,2,1014159,500,759510,1
35423.594,1,1019390,500,759410,1
35424.012,2,1019390,500,759410,1
35424.018,2,1016520,800,760880,-1
35424.094,1,1019805,800,760580,-1
35424.136,1,1019839,100,760200,-1
35424.201,1,1019891,500,759310,1
35424.431,2,1014094,100,760400,-1
35425.346,2,1019167,1100,759100,1
35425.354,1,1020795,1100,758800,1
35425.459,2,1015616,100,759500,1
35426.009,2,1019891,500,759310,1
35426.082,1,1021296,500,759210,1
35426.127,1,1021324,800,758520,1
35429.3,2,1020795,1100,758800,1
35429.302,1,1023317,1100,758600,1
35432.041,2,1019839,100,760200,-1
35432.05,1,1024843,100,760400,-1
35432.066,2,1021296,500,759210,1
35432.109,2,1019805,800,760580,-1
35432.112,1,1024890,500,759410,1
35432.115,2,1021324,800,758520,1
35432.128,1,1024906,800,760780,-1
35432.261,2,1024890,500,759410,1
35432.6,1,1025325,500,759510,1
35434.424,1,1026879,200,760770,-1
35435.814,5,1025999,100,759560,1
35436.448,2,1023317,1100,758600,1
35436.451,1,1028567,1100,758800,1
35437.955,2,1024906,800,760780,-1
35437.987,2,1025325,500,759510,1
35438.054,1,1029803,200,758810,1
35438.08,1,1029823,500,759410,1
35438.086,1,1029829,800,758620,1
35438.804,2,1029829,800,758620,1
35438.812,1,1030464,800,760480,-1
35438.844,1,1030495,100,760200,-1
35438.962,2,1024843,100,760400,-1
35438.985,2,1028567,1100,758800,1
35438.986,1,1030618,1100,758600,1
