34200.043,2,176094,250,823960,1
34200.048,2,177021,250,827360,-1
34200.079,2,176633,400,921000,-1
34200.087,2,176963,30,838500,-1
34200.101,1,177288,250,824360,1
34200.104,1,177293,500,827760,-1
34200.564,1,177638,400,921000,-1
34200.573,1,177642,30,838500,-1
34200.98,2,177288,250,824360,1
34200.982,2,177293,500,827760,-1
34201.017,1,178019,250,823960,1
34201.044,2,177638,400,921000,-1
34201.052,2,177642,30,838500,-1
34201.53,1,178454,500,827360,-1
34201.533,2,178454,500,827360,-1
34201.664,1,178514,400,921000,-1
34201.666,1,178515,250,827360,-1
34201.733,2,178515,250,827360,-1
34201.785,1,178570,500,827760,-1
34201.803,1,178583,30,838500,-1
34201.961,2,178570,500,827760,-1
34202.022,1,178735,500,827360,-1
34202.067,4,170353,500,824610,-1
34202.225,2,178019,250,823960,1
34202.227,2,178735,500,827360,-1
34202.292,1,179010,250,824360,1
34202.296,1,179018,500,827760,-1
34202.353,2,178514,400,921000,-1
34202.36,2,178583,30,838500,-1
34202.42,2,179010,250,824360,1
34202.424,2,179018,500,827760,-1
34202.461,1,179171,250,823960,1
34202.462,1,179173,500,827360,-1
34202.827,1,179406,400,921000,-1
34202.835,1,179411,30,838500,-1
34203.188,2,179406,400,921000,-1
34203.195,2,179411,30,838500,-1
34203.756,2,179171,250,823960,1
34203.758,2,179173,500,827360,-1
34203.772,1,180068,400,921000,-1
34203.782,1,180079,30,838500,-1
34203.791,1,180088,250,823560,1
34203.793,1,180091,500,826960,-1
34203.855,2,180068,400,921000,-1
34203.862,2,180079,30,838500,-1
34205.322,2,180088,250,823560,1
34205.324,2,180091,500,826960,-1
34205.361,1,181395,250,823160,1
34205.362,1,181397,250,826560,-1
34206.169,2,181397,250,826560,-1
34206.201,1,181915,500,826560,-1
34206.436,2,181915,500,826560,-1
34206.467,1,182239,500,826960,-1
34206.667,2,181395,250,823160,1
34206.668,2,182239,500,826960,-1
34206.705,1,182460,250,823960,1
34206.707,1,182462,250,826560,-1
34206.95,2,182460,250,823960,1
34206.952,2,182462,250,826560,-1
34206.981,1,182686,250,823160,1
34206.984,1,182687,500,826560,-1
34207.277,2,182687,500,826560,-1
34207.314,1,183119,500,826960,-1
34207.439,2,170054,300,831200,-1
34207.565,2,182686,250,823160,1
34207.598,1,183484,250,823560,1
34207.617,1,183507,30,838500,-1
34207.781,1,183637,400,921000,-1
34208.188,2,183484,250,823560,1
34208.189,2,183119,500,826960,-1
34208.222,1,183957,250,823960,1
34208.225,1,183961,500,827360,-1
34208.27,2,183957,250,823960,1
34208.273,2,183961,500,827360,-1
34208.313,1,184085,250,823560,1
34208.319,1,184096,500,826960,-1
34208.87,2,184096,500,826960,-1
34208.915,1,184899,250,826960,-1
34209.067,2,184899,250,826960,-1
34209.107,1,185156,500,826960,-1
34209.435,2,184085,250,823560,1
34209.467,1,185559,250,823160,1
34209.761,2,185559,250,823160,1
34209.805,1,185893,250,823560,1
34209.961,2,185893,250,823560,1
34209.998,1,186074,250,823160,1
34210.126,2,185156,500,826960,-1
34210.178,1,186252,250,826960,-1
34210.191,2,186074,250,823160,1
34210.192,2,186252,250,826960,-1
34210.235,1,186296,250,823960,1
34210.237,1,186299,500,827360,-1
34210.339,2,173247,400,823500,1
34211.026,2,186296,250,823960,1
34211.027,2,186299,500,827360,-1
34211.063,1,187095,250,823560,1
34211.066,1,187099,250,826960,-1
34211.148,2,187099,250,826960,-1
34211.18,1,187212,500,826960,-1
34211.947,1,187827,1000,824610,-1
34213.727,2,187095,250,823560,1
34213.733,2,187212,500,826960,-1
34213.757,2,183507,30,838500,-1
34213.765,2,183637,400,921000,-1
34213.777,1,189318,1000,824610,-1
34213.781,1,189321,250,823160,1
34213.787,1,189325,250,826560,-1
34213.902,2,189325,250,826560,-1
34213.954,1,189471,500,826560,-1
34214.333,2,187827,1000,824610,-1
34214.342,2,189318,1000,824610,-1
34215.657,1,190678,30,838500,-1
34215.667,1,190684,400,921000,-1
34216.384,2,189321,250,823160,1
34216.385,2,189471,500,826560,-1
34216.425,1,191176,250,822760,1
34216.426,1,191177,500,826160,-1
34216.435,2,190678,30,838500,-1
34216.443,2,190684,400,921000,-1
34216.59,1,191302,300,823160,-1
34218.025,2,191302,300,823160,-1
34219.608,1,193271,400,921000,-1
34219.791,1,193404,30,838500,-1
34222.004,5,193532,200,822820,1
34222.502,5,192256,200,822810,1
34222.617,2,191176,250,822760,1
34222.618,2,191177,500,826160,-1
34222.648,1,195157,250,823160,1
34222.651,1,195162,500,826560,-1
34222.733,2,195157,250,823160,1
34222.735,2,195162,500,826560,-1
34222.856,1,195288,250,823160,1
34222.876,2,195288,250,823160,1
34222.877,1,195297,250,824720,-1
34222.884,2,195297,250,824720,-1
34222.925,1,195329,250,822120,1
34222.927,1,195331,250,824320,-1
34223.065,2,193271,400,921000,-1
34223.072,2,193404,30,838500,-1
34223.38,2,195329,250,822120,1
34223.389,2,195331,250,824320,-1
34223.428,1,195783,250,822520,1
34223.438,1,195790,250,824720,-1
34223.744,1,196001,400,921000,-1
34223.752,1,196003,30,838500,-1
34223.919,2,195783,250,822520,1
34223.919,1,196120,100,822760,-1
34223.92,2,195790,250,824720,-1
34223.971,1,196149,250,822120,1
34223.974,1,196151,250,823680,-1
34224.224,2,196149,250,822120,1
34224.226,2,196151,250,823680,-1
34224.26,1,196328,250,822520,1
34224.264,1,196329,250,824080,-1
34224.475,2,196328,250,822520,1
34224.476,2,196329,250,824080,-1
34224.525,1,196516,250,822120,1
34224.527,1,196518,250,823680,-1
34225.964,2,196516,250,822120,1
34225.966,2,196518,250,823680,-1
34226.031,1,197413,250,821720,1
34226.033,1,197415,250,823280,-1
34226.601,2,197413,250,821720,1
34226.685,1,197780,250,821520,1
34227.269,2,197780,250,821520,1
34227.428,1,198154,250,821320,1
34227.799,2,97377,100,830000,-1
34227.805,2,131178,300,1000000,-1
34227.807,2,131435,250,833000,-1
34227.808,2,158127,291,821200,1
34227.81,2,196001,400,921000,-1
34228.391,2,198154,250,821320,1
34228.483,1,198737,250,821120,1
34228.556,4,117838,500,822600,1
34228.571,2,196003,30,838500,-1
34228.592,1,198807,20,806400,1
34229.05,2,196120,100,822760,-1
34230.097,2,198737,250,821120,1
34230.146,1,199708,250,820720,1
34230.161,2,197415,250,823280,-1
34230.197,1,199745,250,822880,-1
34231.533,1,200510,30,838500,-1
34232.081,2,199708,250,820720,1
34232.083,2,199745,250,822880,-1
34232.115,1,200772,250,821120,1
34232.117,1,200776,250,823280,-1
34232.181,2,200510,30,838500,-1
34232.605,1,201048,30,838500,-1
34232.763,2,200772,250,821120,1
34232.765,2,200776,250,823280,-1
34232.786,2,201048,30,838500,-1
34232.804,1,201151,250,820720,1
34232.806,1,201155,250,822880,-1
34233.18,2,201151,250,820720,1
34233.181,2,201155,250,822880,-1
34233.214,1,201368,250,819920,1
34233.67,1,201658,250,822080,-1
34233.671,2,201368,250,819920,1
34233.672,2,201658,250,822080,-1
34233.706,1,201679,250,820720,1
34233.708,1,201681,250,822880,-1
34234.235,2,201679,250,820720,1
34234.263,2,201681,250,822880,-1
34234.281,1,202021,250,820320,1
34234.31,1,202032,250,822480,-1
34235.937,2,202021,250,820320,1
34235.939,2,202032,250,822480,-1
34235.982,1,202933,250,820720,1
34235.983,1,202934,250,822880,-1
34236.556,1,203215,30,838500,-1
34238.884,2,165657,300,818200,1
34244.247,2,202933,250,820720,1
34244.249,2,202934,250,822880,-1
34244.293,1,207198,250,820320,1
34244.295,1,207201,250,822480,-1
34244.301,2,203215,30,838500,-1
34244.384,2,207198,250,820320,1
34244.386,2,207201,250,822480,-1
34244.47,1,207316,250,820720,1
34244.472,1,207321,250,822880,-1
34244.487,2,167316,2000,820400,1
34244.533,2,207316,250,820720,1
34244.534,2,207321,250,822880,-1
34244.638,1,207414,250,820320,1
34244.639,1,207417,250,822480,-1
34245.867,1,208027,30,838500,-1
34252.663,2,207414,250,820320,1
34252.669,2,207417,250,822480,-1
34252.678,2,208027,30,838500,-1
34252.694,1,211127,250,819920,1
34252.707,1,211138,250,822080,-1
34252.832,2,211138,250,822080,-1
34252.867,1,211260,250,822480,-1
34252.875,2,211127,250,819920,1
34252.931,1,211318,250,820320,1
34253.153,1,211447,30,838500,-1
34253.481,2,211318,250,820320,1
34253.483,2,211260,250,822480,-1
34253.512,1,211624,250,819920,1
34253.514,1,211627,250,822080,-1
34253.523,2,211447,30,838500,-1
34254.521,1,212210,30,838500,-1
34255.716,2,211624,250,819920,1
34255.742,2,211627,250,822080,-1
34255.755,1,212895,250,820320,1
34255.775,1,212913,250,822480,-1
34255.776,2,212210,30,838500,-1
34256.137,1,213165,30,838500,-1
34259.957,2,212895,250,820320,1
34259.975,2,213165,30,838500,-1
34259.991,1,215447,250,820120,1
34260.181,2,215447,250,820120,1
34260.184,2,212913,250,822480,-1
34260.257,1,215643,250,820520,1
34260.273,1,215647,250,822880,-1
34260.295,1,215661,600,821500,-1
34260.579,1,215852,30,838500,-1
34263.543,2,215643,250,820520,1
34263.546,2,215647,250,822880,-1
34263.572,2,215852,30,838500,-1
34263.585,1,217864,250,820920,1
34263.995,1,218253,30,838500,-1
34264.057,1,218297,250,823280,-1
34264.235,2,217864,250,820920,1
34264.267,2,218253,30,838500,-1
34264.382,1,218538,250,820520,1
34264.394,2,218538,250,820520,1
34264.544,1,218658,250,820920,1
34264.618,2,218658,250,820920,1
34265.278,1,219234,250,820520,1
34265.279,2,218297,250,823280,-1
34265.28,2,219234,250,820520,1
34265.354,1,219293,250,822880,-1
34265.986,1,219733,250,820920,1
34265.989,2,219733,250,820920,1
34266.028,1,219776,250,820520,1
34266.335,2,219776,250,820520,1
34266.336,2,219293,250,822880,-1
34266.346,1,219954,30,838500,-1
34266.433,1,220015,250,820920,1
34266.434,1,220016,250,823280,-1
34267.432,5,215665,200,821440,-1
34268.968,2,220015,250,820920,1
34268.969,2,220016,250,823280,-1
34268.988,2,219954,30,838500,-1
34269.006,1,222010,250,821320,1
34269.009,1,222012,250,823680,-1
34269.429,1,222367,30,838500,-1
34269.925,5,222069,200,821480,-1
34269.925,4,215661,600,821500,-1
34272.996,2,222010,250,821320,1
34272.998,2,222012,250,823680,-1
34273.015,2,222367,30,838500,-1
34273.044,1,225000,250,820920,1
34273.046,1,225005,250,823280,-1
34273.282,2,225005,250,823280,-1
34273.288,2,225000,250,820920,1
34273.431,1,225307,250,823680,-1
34273.432,1,225310,250,821320,1
34273.679,2,225310,250,821320,1
34273.77,1,225582,250,820920,1
34273.97,2,225307,250,823680,-1
34274.121,1,225843,250,823280,-1
34274.543,1,226118,30,838500,-1
34277.178,1,227675,600,821500,-1
34277.179,4,227675,200,821500,-1
34279.456,2,225582,250,820920,1
34279.459,2,225843,250,823280,-1
34279.492,1,229098,250,820520,1
34279.495,1,229099,250,822880,-1
34279.496,2,226118,30,838500,-1
34282.531,1,230954,30,838500,-1
34282.661,2,229098,250,820520,1
34282.661,2,229099,250,822880,-1
34282.677,2,230954,30,838500,-1
34282.703,1,231031,250,820920,1
34282.705,1,231033,250,823280,-1
34283.012,1,231206,30,838500,-1
34285.604,5,231040,200,820970,1
34285.604,4,231031,250,820920,1
34285.604,1,232410,50,820920,-1
34285.626,2,231206,30,838500,-1
34285.717,4,232410,50,820920,-1
34285.717,1,232472,200,820920,1
34285.94,2,232472,200,820920,1
34285.941,2,231033,250,823280,-1
34286.132,1,232699,250,820280,1
34286.135,1,232701,250,822480,-1
34286.866,2,232699,250,820280,1
34286.868,2,232701,250,822480,-1
34286.899,1,233093,250,819880,1
34286.901,1,233094,250,822080,-1
34287.549,1,233464,30,838500,-1
34287.693,1,233534,300,821510,-1
34288.904,2,233093,250,819880,1
34288.924,2,233464,30,838500,-1
34289.001,1,234085,250,819680,1
34289.551,1,234376,30,838500,-1
34289.567,1,234391,300,829000,-1
34289.673,2,234085,250,819680,1
34289.675,2,233094,250,822080,-1
34289.702,2,234376,30,838500,-1
34289.71,1,234481,250,820080,1
34289.713,1,234485,250,822480,-1
34289.82,2,233534,300,821510,-1
34290.122,1,234767,30,838500,-1
34290.204,2,234481,250,820080,1
34290.244,1,234842,250,819880,1
34291.628,1,235455,400,821100,-1
34294.195,2,234842,250,819880,1
34294.21,2,234767,30,838500,-1
34294.718,1,236778,30,838500,-1
34294.79,2,236778,30,838500,-1
34294.815,1,236831,250,819680,1
34294.871,1,236864,300,820810,-1
34295.844,2,236864,300,820810,-1
34295.914,2,236831,250,819680,1
34295.915,2,234485,250,822480,-1
34295.981,1,237348,250,819280,1
34295.983,1,237349,250,822080,-1
34295.995,2,235455,400,821100,-1
34298.534,1,238606,30,838500,-1
34302.65,2,237348,250,819280,1
34302.671,2,238606,30,838500,-1
34302.689,1,240676,250,818880,1
34302.788,2,237349,250,822080,-1
34302.823,1,240744,250,821680,-1
34304.003,2,240676,250,818880,1
34304.003,2,240744,250,821680,-1
34304.006,1,241281,400,820100,1
34304.034,1,241297,250,819280,1
34304.037,1,241298,250,822080,-1
34304.531,1,241576,30,838500,-1
34308.091,2,241298,250,822080,-1
34308.129,1,243240,250,822480,-1
34308.674,2,243240,250,822480,-1
34308.675,2,241297,250,819280,1
34308.705,1,243620,250,822080,-1
34308.707,1,243623,250,819680,1
34308.754,2,243620,250,822080,-1
34308.785,1,243672,250,822480,-1
34312.163,2,243623,250,819680,1
34312.164,2,243672,250,822480,-1
34312.198,1,245042,250,819280,1
34312.2,1,245044,250,822080,-1
34314.462,2,241281,400,820100,1
34315.712,2,245042,250,819280,1
34315.718,2,245044,250,822080,-1
34315.748,2,241576,30,838500,-1
34315.798,1,246849,250,819680,1
34315.8,1,246852,250,822480,-1
34316.161,1,247062,30,838500,-1
34318.077,5,246163,400,821050,-1
34318.077,1,247977,100,821100,1
34319.008,2,246849,250,819680,1
34319.047,1,248372,250,819280,1
34319.156,2,248372,250,819280,1
34319.195,1,248472,250,819680,1
34319.37,2,248472,250,819680,1
34319.417,1,248594,250,819280,1
34319.708,2,248594,250,819280,1
34319.77,1,248808,250,819680,1
34319.778,2,248808,250,819680,1
34319.781,2,246852,250,822480,-1
34319.834,1,248839,250,819280,1
34319.848,1,248852,250,822080,-1
34321.253,4,247977,100,821100,1
34321.744,1,249850,400,820200,1
34324.751,2,248852,250,822080,-1
34324.782,1,251317,250,822480,-1
34324.801,2,248839,250,819280,1
34324.849,1,251384,250,819680,1
34325.736,1,251900,600,821100,-1
34331.082,2,251384,250,819680,1
34331.083,2,251317,250,822480,-1
34331.122,1,254429,250,819280,1
34331.124,1,254431,250,822080,-1
34331.328,2,254431,250,822080,-1
34331.36,1,254574,250,822480,-1
34331.374,2,254429,250,819280,1
34331.416,1,254620,250,819680,1
34331.567,2,254620,250,819680,1
34331.601,2,254574,250,822480,-1
34331.609,1,254783,250,819280,1
34331.641,1,254805,250,822080,-1
34334.506,5,251910,200,821050,-1
34334.825,2,254783,250,819280,1
34334.827,2,254805,250,822080,-1
34334.862,1,256381,250,819680,1
34334.865,1,256384,250,822480,-1
34336.301,2,251900,600,821100,-1
34339.024,4,227675,400,821500,-1
34339.366,2,256381,250,819680,1
34339.369,2,256384,250,822480,-1
34339.486,1,258732,250,819280,1
34339.491,1,258736,250,822080,-1
34339.951,2,249850,400,820200,1
34339.971,2,247062,30,838500,-1
34340.736,2,258736,250,822080,-1
34340.77,1,259498,250,822480,-1
34341.112,2,258732,250,819280,1
34341.144,1,259741,250,819680,1
34341.518,1,259927,30,838500,-1
34344.737,2,259927,30,838500,-1
34345.272,1,261413,400,820800,-1
34347.97,2,261413,400,820800,-1
34349.251,2,259741,250,819680,1
34349.252,2,259498,250,822480,-1
34349.291,1,262984,250,820080,1
34349.294,1,262988,250,822880,-1
34350.577,5,263011,400,821150,1
34350.659,2,262984,250,820080,1
34350.662,2,262988,250,822880,-1
34350.706,1,263722,250,819680,1
34350.707,1,263726,250,822480,-1
34351.257,1,264029,1000,818300,1
34352.831,2,263722,250,819680,1
34352.833,2,263726,250,822480,-1
34352.857,1,264865,500,821700,-1
34352.866,1,264871,250,819280,1
34352.892,1,264901,250,822080,-1
34354.336,2,234391,300,829000,-1
34356.53,1,266888,30,838500,-1
34357.794,1,267427,300,816200,1
34358.172,2,267427,300,816200,1
34359.388,2,264871,250,819280,1
34359.392,2,264901,250,822080,-1
34359.406,2,266888,30,838500,-1
34359.422,1,268143,250,819680,1
34359.428,1,268148,250,822480,-1
34359.838,1,268418,30,838500,-1
34361.399,2,268143,250,819680,1
34361.401,2,268148,250,822480,-1
34361.427,2,268418,30,838500,-1
34361.447,1,269164,250,819280,1
34361.449,1,269166,250,822080,-1
34363.517,1,270160,500,820800,-1
34363.639,2,269166,250,822080,-1
34364.131,2,269164,250,819280,1
34364.132,1,270442,250,822480,-1
34364.133,2,270442,250,822480,-1
34364.346,1,270531,250,822080,-1
34364.366,1,270540,250,819080,1
34364.609,2,270531,250,822080,-1
34364.648,1,270686,400,820600,-1
34364.729,2,270540,250,819080,1
34364.77,1,270757,250,822480,-1
34364.815,1,270777,250,819480,1
34364.869,2,270777,250,819480,1
34365.045,1,270896,250,819280,1
34365.501,1,271085,30,838500,-1
34365.547,2,271085,30,838500,-1
34366.083,2,270686,400,820600,-1
34367.532,1,271819,30,838500,-1
34367.738,1,271898,500,820100,-1
34369.186,4,271898,500,820100,-1
34369.766,2,270160,500,820800,-1
34369.768,2,264865,500,821700,-1
34369.831,2,270896,250,819280,1
34369.832,2,270757,250,822480,-1
34369.863,1,272713,250,819680,1
34369.864,1,272714,250,822880,-1
34369.869,2,271819,30,838500,-1
34370.191,1,272869,30,838500,-1
34371.002,2,272713,250,819680,1
34371.004,2,272714,250,822880,-1
34371.019,2,272869,30,838500,-1
34371.033,1,273231,250,819280,1
34371.036,1,273233,250,822480,-1
34371.447,1,273406,30,838500,-1
34371.484,1,273422,1000,820100,1
34371.502,2,273233,250,822480,-1
34371.539,1,273451,250,822880,-1
34372.337,2,273231,250,819280,1
34372.369,1,273798,250,819680,1
34372.758,2,273798,250,819680,1
34372.76,2,273451,250,822880,-1
34372.792,1,273979,250,819280,1
34372.794,1,273981,250,822480,-1
34373.954,1,274430,500,821500,-1
34374.019,2,273979,250,819280,1
34374.021,2,273981,250,822480,-1
34374.07,1,274477,250,819680,1
34374.073,1,274480,250,822880,-1
34376.668,2,274477,250,819680,1
34376.671,2,274480,250,822880,-1
34376.703,1,275768,250,820080,1
34376.706,1,275769,250,823280,-1
34379.38,2,274430,500,821500,-1
34380.268,1,277634,500,820000,1
34380.548,2,275768,250,820080,1
34380.552,2,275769,250,823280,-1
34380.635,1,277888,250,820480,1
34380.643,1,277892,250,823680,-1
34380.723,2,277888,250,820480,1
34380.724,2,277892,250,823680,-1
34380.816,1,278042,500,820200,1
34380.825,1,278051,250,820080,1
34380.828,1,278053,250,823280,-1
34381.242,2,278053,250,823280,-1
34381.357,1,278478,250,823680,-1
34381.376,2,278478,250,823680,-1
34381.443,2,37523,500,859200,-1
34381.478,2,273406,30,838500,-1
34381.518,1,278588,250,823280,-1
34381.774,2,278588,250,823280,-1
34381.886,1,278839,250,823680,-1
34382.017,2,278839,250,823680,-1
34382.033,1,278938,30,838500,-1
34382.075,1,278967,250,823280,-1
34382.392,2,278938,30,838500,-1
34382.734,1,279386,500,821000,1
34382.817,2,278042,500,820200,1
34383.517,1,279848,30,838500,-1
34384.996,2,277634,500,820000,1
34390.35,2,279386,500,821000,1
34390.384,2,279848,30,838500,-1
34390.876,2,273422,1000,820100,1
34393.246,2,278051,250,820080,1
34393.25,2,278967,250,823280,-1
34393.294,1,286018,250,819680,1
34393.299,1,286025,250,822880,-1
34394.227,2,286018,250,819680,1
34394.23,2,286025,250,822880,-1
34394.263,1,286723,250,820080,1
34394.265,1,286727,250,823280,-1
34394.394,2,286723,250,820080,1
34394.437,1,286859,250,819680,1
34394.544,2,286727,250,823280,-1
34394.597,1,287035,250,822880,-1
34394.807,2,287035,250,822880,-1
34394.853,1,287274,250,823280,-1
34394.861,2,286859,250,819680,1
34394.905,1,287314,250,820080,1
34395.178,2,287314,250,820080,1
34395.218,1,287550,250,819680,1
34395.239,2,287274,250,823280,-1
34395.328,1,287637,250,822880,-1
34395.693,1,287900,500,821100,1
34396.517,1,288401,30,838500,-1
34398.014,2,37518,500,809800,1
34399.062,2,288401,30,838500,-1
34401.646,2,287550,250,819680,1
34401.646,2,287637,250,822880,-1
34401.681,1,291572,250,820080,1
34401.682,1,291575,250,823280,-1
34406.442,1,294710,500,821400,1
34406.508,2,291572,250,820080,1
34406.51,2,291575,250,823280,-1
34406.542,1,294787,250,819680,1
34406.565,1,294814,250,822880,-1
34407.008,2,294787,250,819680,1
34407.009,2,294814,250,822880,-1
34407.047,1,295209,250,820080,1
34407.063,1,295223,250,823280,-1
34407.632,2,295209,250,820080,1
34407.634,2,295223,250,823280,-1
34408.169,1,296063,250,819680,1
34408.171,1,296065,250,822880,-1
34408.265,2,296063,250,819680,1
34408.266,2,296065,250,822880,-1
34408.299,1,296125,250,820080,1
34408.303,1,296128,250,823280,-1
34410.38,2,46853,500,851000,-1
34411.571,2,296125,250,820080,1
34411.612,1,298217,250,819680,1
34411.639,2,296128,250,823280,-1
34411.68,1,298272,250,822880,-1
34414.742,2,298272,250,822880,-1
34414.756,2,298217,250,819680,1
34414.775,1,300380,250,823280,-1
34414.797,1,300406,250,820080,1
34415.515,2,300406,250,820080,1
34415.518,2,300380,250,823280,-1
34415.548,1,300988,250,819680,1
34415.556,1,300997,250,822880,-1
34416.817,2,300988,250,819680,1
34416.819,2,300997,250,822880,-1
34416.856,1,301928,250,820080,1
34416.858,1,301933,250,823280,-1
34418.808,2,46847,500,818000,1
34420.795,2,301928,250,820080,1
34420.796,2,301933,250,823280,-1
34420.841,1,305079,250,820480,1
34420.843,1,305081,250,823680,-1
34426.418,2,305079,250,820480,1
34426.419,2,305081,250,823680,-1
34426.482,1,309842,250,820080,1
34426.492,1,309853,250,823280,-1
34427.61,2,77024,100,783400,1
34429.811,1,312504,100,822000,1
34430.047,1,312665,30,838500,-1
34432.836,1,314581,500,821900,1
34436.194,1,316944,500,822100,1
34440.654,2,312665,30,838500,-1
34441.158,5,309888,300,823220,-1
34442.334,4,309853,250,823280,-1
34442.453,1,321455,250,823280,-1
34442.547,2,309842,250,820080,1
34442.548,2,321455,250,823280,-1
34442.598,1,321563,250,821720,1
34442.614,1,321577,250,824080,-1
34442.757,2,321563,250,821720,1
34442.825,1,321699,250,821720,1
34442.995,2,321699,250,821720,1
34443.238,1,322034,1000,822500,1
34443.456,2,321577,250,824080,-1
34443.458,1,322224,250,822520,1
34443.459,2,322224,250,822520,1
34443.506,1,322257,250,824720,-1
34443.518,1,322266,250,822520,1
34443.59,1,322314,30,838500,-1
34444.058,2,316944,500,822100,1
34445.383,2,314581,500,821900,1
34447.755,1,325075,300,822300,1
34449.965,1,326337,1000,823500,1
34450.788,2,322314,30,838500,-1
34451.2,2,294710,500,821400,1
34452.541,1,327909,30,838500,-1
34452.712,2,322266,250,822520,1
34452.713,2,322257,250,824720,-1
34452.757,1,328060,250,822120,1
34452.761,1,328064,250,824320,-1
34452.936,2,327909,30,838500,-1
34453.112,2,322034,1000,822500,1
34453.287,2,325075,300,822300,1
34453.312,2,326337,1000,823500,1
34460.402,4,328064,200,824320,-1
34460.666,2,287900,500,821100,1
34460.722,2,328060,250,822120,1
34460.723,2,328064,50,824320,-1
34460.817,1,333601,250,822760,1
34460.817,1,333602,250,824320,-1
34461.247,4,333602,200,824320,-1
34461.54,2,333601,250,822760,1
34461.542,2,333602,50,824320,-1
34461.577,1,334144,250,823160,1
34461.582,1,334150,250,824720,-1
34461.698,2,334144,250,823160,1
34461.7,2,334150,250,824720,-1
34461.955,1,334446,250,823160,1
34461.957,1,334447,500,826560,-1
34468.511,2,334446,250,823160,1
34468.512,2,334447,500,826560,-1
34468.577,1,339938,250,822760,1
34468.578,1,339943,500,826160,-1
34469.267,2,71436,100,801500,1
34472.154,2,339943,500,826160,-1
34472.199,1,342631,250,826160,-1
34472.462,2,342631,250,826160,-1
34472.499,1,342848,500,826560,-1
34473.157,2,339938,250,822760,1
34473.269,1,343551,250,823160,1
34474.759,2,343551,250,823160,1
34474.761,2,342848,500,826560,-1
34474.793,1,344824,250,823560,1
34474.796,1,344829,500,826960,-1
34478.037,1,347111,1000,823600,1
34478.534,1,347433,30,838500,-1
34480.262,2,344824,250,823560,1
34480.264,2,344829,500,826960,-1
34480.298,1,348759,250,823160,1
34480.325,1,348780,500,826560,-1
34481.56,2,347111,1000,823600,1
34481.58,2,347433,30,838500,-1
34482.383,1,350296,300,825100,-1
34483.339,2,350296,300,825100,-1
34484.533,1,351733,30,838500,-1
34485.531,1,352466,300,815000,1
34485.863,5,349983,300,823950,1
34486.475,2,348780,500,826560,-1
34486.515,1,353230,250,826560,-1
34486.608,2,353230,250,826560,-1
34486.656,1,353371,500,826560,-1
34487.468,1,353919,500,824300,-1
34488.964,2,77065,100,865800,-1
34489.738,1,355222,500,823800,-1
34489.747,4,355222,500,823800,-1
34490.681,2,353919,500,824300,-1
34496.623,2,348759,250,823160,1
34496.624,2,353371,500,826560,-1
34496.642,2,351733,30,838500,-1
34496.677,1,359433,250,822760,1
34496.682,1,359440,250,826160,-1
34496.751,2,359440,250,826160,-1
34496.841,1,359595,500,826160,-1
34502.209,2,359595,500,826160,-1
34502.245,2,359433,250,822760,1
34502.247,1,363048,500,826560,-1
34502.306,1,363119,250,823160,1
34502.65,1,363413,30,838500,-1
34505.93,2,363048,500,826560,-1
34505.974,1,365895,250,826560,-1
34506.013,2,363119,250,823160,1
34506.019,2,365895,250,826560,-1
34506.089,2,363413,30,838500,-1
34506.105,1,366033,250,823560,1
34506.128,1,366053,500,826960,-1
34506.435,5,366077,200,823610,1
34506.435,5,366141,200,823600,1
34506.695,1,366632,30,838500,-1
34507.216,1,367053,1200,823000,1
34510.619,2,366033,250,823560,1
34510.621,2,366053,500,826960,-1
34510.654,1,369575,250,823160,1
34510.656,1,369580,500,826560,-1
34510.665,2,366632,30,838500,-1
34512.064,1,370670,1000,823500,1
34512.18,1,370752,500,823600,1
34512.648,2,370752,500,823600,1
34512.996,1,371330,30,838500,-1
34513.37,2,371330,30,838500,-1
34516.869,2,370670,1000,823500,1
34522.516,1,377490,30,838500,-1
34524.736,2,377490,30,838500,-1
34527.362,2,369575,250,823160,1
34527.364,2,369580,500,826560,-1
34527.459,1,381183,250,823560,1
34527.468,1,381198,500,826960,-1
34528.154,1,381854,30,838500,-1
34529.696,2,381183,250,823560,1
34529.698,2,381198,500,826960,-1
34529.747,2,381854,30,838500,-1
34529.902,1,383313,250,823960,1
34529.908,1,383319,500,827360,-1
34530.446,1,383739,500,823600,1
34530.96,2,383739,500,823600,1
34530.99,1,384116,30,838500,-1
34531.935,2,384116,30,838500,-1
34531.985,5,383351,100,824000,1
34535.346,2,383319,500,827360,-1
34535.385,1,387729,250,827360,-1
34535.425,2,387729,250,827360,-1
34535.456,1,387794,500,827360,-1
34536.537,2,383313,250,823960,1
34536.539,2,387794,500,827360,-1
34536.572,1,388691,250,824360,1
34536.575,1,388696,500,827760,-1
34536.594,2,388691,250,824360,1
34536.597,2,388696,500,827760,-1
34536.639,1,388764,250,823960,1
34536.64,1,388768,500,827360,-1
34536.957,2,71437,100,847700,-1
34537.075,1,389151,500,824500,1
34537.548,1,389524,30,838500,-1
34539.353,2,388764,250,823960,1
34539.357,2,388768,500,827360,-1
34539.385,1,390765,250,824360,1
34539.398,1,390780,500,827760,-1
34540.222,2,390765,250,824360,1
34540.224,2,390780,500,827760,-1
34540.314,1,391546,250,823960,1
34540.315,1,391549,500,827360,-1
34540.507,2,391549,500,827360,-1
34540.631,1,391896,250,827360,-1
34540.725,2,389151,500,824500,1
34540.757,2,389524,30,838500,-1
34540.841,2,391546,250,823960,1
34540.846,2,391896,250,827360,-1
34540.93,1,392226,250,824360,1
34540.933,1,392230,500,827760,-1
34541.536,1,392787,30,838500,-1
34542.45,2,392226,250,824360,1
34542.451,2,392230,500,827760,-1
34542.479,2,392787,30,838500,-1
34542.683,1,393815,250,823960,1
34542.686,1,393818,500,827360,-1
34544.889,2,312504,100,822000,1
34545.473,1,395833,100,824100,1
34545.619,1,395934,30,838500,-1
34546.173,2,395934,30,838500,-1
34549.408,1,398699,1000,824500,1
34549.835,4,398699,300,824500,1
34549.853,4,398699,500,824500,1
34549.932,1,399065,30,838500,-1
34551.378,2,399065,30,838500,-1
34554.087,2,393815,250,823960,1
34554.09,2,393818,500,827360,-1
34554.144,1,401711,250,823560,1
34554.152,1,401719,500,826960,-1
34555.276,4,398699,200,824500,1
34555.443,4,395833,100,824100,1
34559.404,2,352466,300,815000,1
34559.823,2,401719,500,826960,-1
34559.862,1,406277,250,826960,-1
34559.963,2,401711,250,823560,1
34559.966,2,406277,250,826960,-1
34560.009,1,406398,250,823960,1
34560.07,1,406444,500,827360,-1
34562.127,1,408223,30,838500,-1
34563.259,5,408198,100,824000,1
34563.259,4,406398,100,823960,1
34563.703,2,406398,150,823960,1
34563.707,2,406444,500,827360,-1
34563.736,2,408223,30,838500,-1
34563.912,1,409556,250,823960,1
34563.913,1,409559,250,825520,-1
34563.986,2,409556,250,823960,1
34563.987,2,409559,250,825520,-1
34564.171,1,409791,250,823320,1
34564.174,1,409797,250,825520,-1
34564.452,2,409791,250,823320,1
34564.453,2,409797,250,825520,-1
34564.502,1,410078,250,822920,1
34564.505,1,410085,250,825120,-1
34567.196,2,410078,250,822920,1
34567.253,1,412599,250,822720,1
34567.327,1,412682,30,838500,-1
34567.744,2,412599,250,822720,1
34567.776,1,413085,250,822520,1
34568.623,2,413085,250,822520,1
34568.626,2,410085,250,825120,-1
34568.689,1,413801,250,822120,1
34568.694,1,413806,250,824720,-1
34568.816,1,413919,500,824900,-1
34571.537,1,416108,100,823500,-1
34575.102,1,418886,1000,824400,-1
34580.679,2,413801,250,822120,1
34580.682,2,413806,250,824720,-1
34580.717,1,423204,250,822520,1
34580.721,1,423207,250,825120,-1
34581.46,2,367053,1200,823000,1
34581.494,2,412682,30,838500,-1
34582.107,1,424236,500,823000,-1
34582.18,5,424245,200,822940,-1
34582.18,5,424277,300,822960,-1
34582.219,5,424277,200,822960,-1
34582.219,5,424253,200,822980,-1
34582.219,4,424236,100,823000,-1
34583.554,1,425470,30,838500,-1
34584.579,2,424236,400,823000,-1
34585.049,2,423204,250,822520,1
34585.051,2,423207,250,825120,-1
34585.069,2,425470,30,838500,-1
34585.146,1,426735,250,822920,1
34585.147,1,426737,250,825520,-1
34585.222,2,426735,250,822920,1
34585.223,2,426737,250,825520,-1
34585.367,1,426910,250,822520,1
34585.395,1,426928,250,825120,-1
34585.764,1,427149,30,838500,-1
34585.777,2,418886,1000,824400,-1
34586.005,2,427149,30,838500,-1
34591.547,2,426910,250,822520,1
34591.55,2,426928,250,825120,-1
34591.586,1,431072,250,822120,1
34591.59,1,431074,250,824720,-1
34592.228,1,431860,1000,823100,-1
34594.348,2,413919,500,824900,-1
34596.167,2,431860,1000,823100,-1
34596.361,1,434981,1000,823100,-1
34596.853,2,431072,250,822120,1
34596.856,2,431074,250,824720,-1
34596.913,1,435377,250,822520,1
34596.916,1,435380,250,825120,-1
34597.126,2,435377,250,822520,1
34597.129,2,435380,250,825120,-1
34597.163,1,435574,250,822120,1
34597.166,1,435577,250,824720,-1
34598.185,2,434981,1000,823100,-1
34603.063,1,439782,300,828900,-1
34607.932,2,435574,250,822120,1
34607.933,2,435577,250,824720,-1
34607.969,1,443130,250,821720,1
34607.971,1,443134,250,824320,-1
34609.808,2,443130,250,821720,1
34609.81,2,443134,250,824320,-1
34609.844,1,444758,250,821320,1
34609.847,1,444760,250,823920,-1
34610.927,2,444760,250,823920,-1
34611.034,1,445912,250,824320,-1
34611.041,2,444758,250,821320,1
34611.129,2,445912,250,824320,-1
34611.18,1,446096,250,821720,1
34611.287,1,446210,1000,823900,-1
34611.292,1,446222,250,823920,-1
34611.33,2,446222,250,823920,-1
34611.507,1,446428,250,824320,-1
34614.378,1,448990,100,823100,1
34614.42,4,448990,100,823100,1
34615.398,2,446096,250,821720,1
34615.4,2,446428,250,824320,-1
34615.492,1,449975,250,821320,1
34615.494,1,449977,250,823920,-1
34619.586,1,453279,1000,823100,-1
34619.591,2,446210,1000,823900,-1
34619.626,2,449975,250,821320,1
34619.628,2,449977,250,823920,-1
34619.665,1,453349,250,820920,1
34619.668,1,453352,250,823520,-1
34621.777,2,453349,250,820920,1
34621.777,2,453352,250,823520,-1
34621.861,1,455526,250,821320,1
34621.864,1,455531,250,823920,-1
34623.919,2,453279,1000,823100,-1
34624.048,1,457729,1000,823700,-1
34627.127,2,457729,1000,823700,-1
34628.041,2,455526,250,821320,1
34628.042,2,455531,250,823920,-1
34628.078,1,460594,250,820920,1
34628.08,1,460595,250,823520,-1
34628.475,1,460964,1000,822200,-1
34629.353,1,461602,1000,823000,-1
34629.787,1,461880,1000,822600,-1
34629.87,2,461602,1000,823000,-1
34630.566,1,462341,30,838500,-1
34631.051,2,462341,30,838500,-1
34632.625,2,461880,1000,822600,-1
34634.752,2,460594,250,820920,1
34634.754,2,460595,250,823520,-1
34634.899,1,465372,250,821320,1
34634.901,1,465376,250,823920,-1
34635.532,1,466013,400,823000,-1
34635.572,1,466047,30,838500,-1
34636.487,2,466013,400,823000,-1
34636.702,1,466982,1000,822000,-1
34636.901,2,466047,30,838500,-1
34637.034,2,465372,250,821320,1
34637.036,2,465376,250,823920,-1
34637.162,1,467398,250,821720,1
34637.169,1,467411,250,824320,-1
34637.308,2,467398,250,821720,1
34637.919,1,468175,1000,823000,-1
34637.984,1,468242,250,821320,1
34637.986,2,468242,250,821320,1
34637.988,2,467411,250,824320,-1
34638.076,1,468318,250,821720,1
34638.077,1,468319,250,823920,-1
34638.131,2,468318,250,821720,1
34638.236,1,468461,250,821320,1
34639.988,2,468461,250,821320,1
34639.99,2,468319,250,823920,-1
34639.997,2,468175,1000,823000,-1
34640.08,1,469908,250,821720,1
34640.088,1,469915,250,824320,-1
34640.477,4,469908,200,821720,1
34640.565,1,470422,30,838500,-1
34640.581,2,470422,30,838500,-1
34641.266,5,470358,50,821760,1
34641.279,4,469908,50,821720,1
34641.3,2,469915,250,824320,-1
34641.549,1,471221,250,821720,1
34641.551,1,471224,250,823280,-1
34641.593,1,471276,250,822400,-1
34642.593,2,471276,250,822400,-1
34642.838,1,472318,30,838500,-1
34643.647,4,471221,250,821720,1
34643.647,1,472969,450,821700,-1
34643.718,4,472969,250,821700,-1
34643.731,2,472318,30,838500,-1
34643.938,5,473057,250,821660,-1
34643.986,5,473057,50,821660,-1
34643.986,4,472969,200,821700,-1
34643.999,2,471224,250,823280,-1
34644.048,1,473333,250,820920,1
34644.052,1,473341,250,823280,-1
34644.352,2,473341,250,823280,-1
34644.362,1,473558,300,821700,-1
34644.419,1,473618,375,823280,-1
34644.469,2,473618,375,823280,-1
34644.57,1,473749,500,823280,-1
34646.256,2,473333,250,820920,1
34646.259,2,473749,500,823280,-1
34646.308,1,475141,250,820520,1
34646.312,1,475145,250,822880,-1
34646.543,2,475145,250,822880,-1
34646.599,1,475406,500,822880,-1
34647.232,2,475406,500,822880,-1
34647.27,1,475979,250,822880,-1
34647.289,2,475979,250,822880,-1
34647.341,1,476037,500,822880,-1
34647.874,1,476427,400,821000,1
34648.008,1,476524,1000,821700,-1
34648.694,1,476969,30,838500,-1
34649.867,4,473558,300,821700,-1
34653.88,2,476037,500,822880,-1
34653.915,1,480408,250,822880,-1
34654.177,2,476427,400,821000,1
34654.206,2,476969,30,838500,-1
34654.255,5,479674,100,821030,1
34654.476,2,475141,250,820520,1
34654.478,2,480408,250,822880,-1
34654.545,1,480838,250,820920,1
34654.547,1,480843,500,823280,-1
34654.797,2,476524,1000,821700,-1
34655.546,1,481500,30,838500,-1
34656.336,2,480838,250,820920,1
34656.338,2,480843,500,823280,-1
34656.35,2,481500,30,838500,-1
34656.378,1,481994,250,820520,1
34656.38,1,481996,500,822880,-1
34658.286,1,483305,1000,821900,-1
34659.534,1,484031,30,838500,-1
34660.807,1,484930,400,820600,1
34660.848,2,466982,1000,822000,-1
34662.647,2,481994,250,820520,1
34662.706,1,486034,250,820320,1
34663.255,2,486034,250,820320,1
34663.257,2,481996,500,822880,-1
34663.303,1,486454,250,819920,1
34663.305,1,486457,500,822480,-1
34663.565,2,483305,1000,821900,-1
34663.64,2,486454,250,819920,1
34663.735,1,486834,250,819720,1
34664.158,2,486457,500,822480,-1
34664.201,1,487224,250,822480,-1
34664.31,5,482541,200,821650,-1
34664.31,5,471821,671,821800,-1
34664.31,1,487311,29,821800,1
34664.354,4,487311,29,821800,1
34664.409,1,487406,1000,821900,-1
34664.51,2,487224,250,822480,-1
34664.529,2,486834,250,819720,1
34664.554,1,487516,500,822880,-1
34664.648,1,487601,250,820120,1
34664.697,1,487645,1000,821500,-1
34665.157,2,487406,1000,821900,-1
34666.887,2,487601,250,820120,1
34666.888,2,487516,500,822880,-1
34666.928,1,489106,250,819720,1
34666.93,1,489111,250,822480,-1
34667.124,2,489111,250,822480,-1
34667.167,1,489289,500,822480,-1
34669.548,2,484031,30,838500,-1
34671.257,1,491990,300,817500,1
34671.676,1,492292,400,820910,-1
34671.753,4,484930,200,820600,1
34671.773,1,492359,100,820910,-1
34672.069,2,489106,250,819720,1
34672.071,2,489289,500,822480,-1
34672.139,1,492633,250,820120,1
34672.143,1,492639,500,822880,-1
34672.42,2,491990,300,817500,1
34672.519,1,492881,30,838500,-1
34673.116,2,492633,250,820120,1
34673.118,2,492639,500,822880,-1
34673.201,1,493377,250,819720,1
34673.204,1,493380,500,822480,-1
34673.287,2,484930,200,820600,1
34673.32,2,492881,30,838500,-1
34673.753,4,492292,100,820910,-1
34673.948,2,492292,300,820910,-1
34673.954,2,492359,100,820910,-1
34677.188,2,493380,500,822480,-1
34677.25,1,496333,250,822480,-1
34677.724,2,493377,250,819720,1
34677.727,2,496333,250,822480,-1
34677.829,1,496799,250,820120,1
34677.831,1,496802,500,822880,-1
34679.283,1,497928,200,820600,1
34679.602,1,498158,30,838500,-1
34681.216,5,497961,200,820650,1
34681.982,5,498815,200,820640,1
34681.988,2,496799,250,820120,1
34681.989,2,496802,500,822880,-1
34682.073,1,499942,250,819720,1
34682.078,1,499953,250,822480,-1
34682.389,2,499953,250,822480,-1
34682.568,1,500510,500,822480,-1
34683.305,5,499223,100,820630,1
34683.305,4,497928,200,820600,1
34683.305,1,501192,700,820600,-1
34683.326,2,498158,30,838500,-1
34683.563,5,501198,200,819780,1
34683.563,4,499942,250,819720,1
34683.563,1,501379,550,819720,-1
34683.584,4,501379,300,819720,-1
34683.588,4,501379,100,819720,-1
34683.652,5,501409,200,819670,-1
34683.652,5,501405,21,819680,-1
34683.652,4,501379,150,819720,-1
34683.968,1,501773,250,819720,1
34683.978,2,501773,250,819720,1
34683.98,2,500510,500,822480,-1
34684.066,1,501871,250,821280,-1
34684.092,1,501912,250,819720,1
34684.17,2,501192,700,820600,-1
34685.276,1,502845,800,819920,1
34685.562,2,439782,300,828900,-1
34685.568,1,503073,30,838500,-1
34685.827,1,503233,800,821380,-1
34685.912,2,503073,30,838500,-1
34686.546,5,502868,100,819970,1
34687.041,1,503965,1000,820900,-1
34687.082,2,502845,800,819920,1
34687.085,2,503233,800,821380,-1
34687.136,1,504042,800,820120,1
34687.54,5,504054,100,820170,1
34687.54,4,504042,400,820120,1
34687.593,2,501912,250,819720,1
34687.597,2,501871,250,821280,-1
34687.614,1,504323,30,838500,-1
34687.64,1,504349,250,820120,1
34687.643,1,504353,250,821680,-1
34687.679,4,504042,400,820120,1
34687.679,4,504349,250,820120,1
34687.705,2,504323,30,838500,-1
34687.731,2,503965,1000,820900,-1
34687.777,1,504489,400,820780,-1
34687.875,1,504569,250,820120,1
34688.15,2,504569,250,820120,1
34688.151,2,504353,250,821680,-1
34688.308,1,504931,250,818480,1
34688.309,1,504933,250,821680,-1
34688.484,2,504931,250,818480,1
34688.487,2,504933,250,821680,-1
34688.584,1,505167,250,818080,1
34688.587,1,505174,250,821280,-1
34688.98,2,505167,250,818080,1
34689.961,1,506224,250,817680,1
34690.03,2,506224,250,817680,1
34690.156,1,506340,250,817480,1
34690.292,2,506340,250,817480,1
34690.409,1,506518,250,817680,1
34690.41,2,505174,250,821280,-1
34690.458,1,506553,250,821680,-1
34690.727,2,506518,250,817680,1
34690.771,1,506778,250,817480,1
34690.874,1,506845,800,820580,-1
34690.875,2,504489,400,820780,-1
34691.431,2,506778,250,817480,1
34691.473,1,507258,250,817280,1
34692.518,2,506845,800,820580,-1
34692.619,1,507956,800,820480,-1
34694.078,2,460964,1000,822200,-1
34694.172,2,507956,800,820480,-1
34694.401,1,509094,800,820380,-1
34696.008,1,510183,1000,820000,-1
34696.061,2,509094,800,820380,-1
34696.166,5,510201,200,819950,-1
34696.167,1,510310,800,820280,-1
34696.49,4,510183,500,820000,-1
34697.492,5,510645,400,819960,-1
34697.592,2,510310,800,820280,-1
34697.697,1,511295,800,820180,-1
34698.021,2,507258,250,817280,1
34698.023,2,506553,250,821680,-1
34698.054,1,511501,250,817680,1
34698.056,1,511502,250,822080,-1
34699.618,2,511295,800,820180,-1
34700.012,4,510183,500,820000,-1
34700.167,2,487645,1000,821500,-1
34700.172,1,512852,600,820000,1
34700.548,1,513165,30,838500,-1
34700.687,2,513165,30,838500,-1
34701.253,1,513816,30,838500,-1
34701.704,1,514124,800,820480,-1
34702.004,2,514124,800,820480,-1
34702.251,1,514515,800,820280,-1
34702.407,2,513816,30,838500,-1
34702.419,2,514515,800,820280,-1
34702.791,1,514999,800,820480,-1
34702.902,4,514999,800,820480,-1
34703.158,2,512852,600,820000,1
34703.346,1,515448,800,819820,1
34703.902,1,515805,800,821280,-1
34704.263,2,515448,800,819820,1
34704.494,1,516147,800,819920,1
34704.854,2,511501,250,817680,1
34704.856,2,511502,250,822080,-1
34704.887,1,516477,250,818080,1
34704.889,1,516481,250,822480,-1
34706.796,2,516147,800,819920,1
34706.8,2,515805,800,821280,-1
34706.802,1,518012,800,820120,1
34707.341,1,518415,800,821580,-1
34708.415,2,518012,800,820120,1
34708.419,2,518415,800,821580,-1
34708.624,1,519567,800,820020,1
34708.743,2,519567,800,820020,1
34709.093,1,520054,800,821280,-1
34709.386,2,520054,800,821280,-1
34709.668,1,520530,800,821380,-1
34710.215,1,520915,800,819920,1
34711.588,2,520915,800,819920,1
34711.72,1,522086,800,820020,1
34712.069,2,522086,800,820020,1
34712.072,2,520530,800,821380,-1
34712.313,1,522662,800,821180,-1
34712.838,1,523085,800,819720,1
34713.736,2,523085,800,819720,1
34713.754,2,516477,250,818080,1
34713.756,2,516481,250,822480,-1
34713.794,1,523795,250,817680,1
34713.797,1,523797,250,822080,-1
34713.902,1,523879,800,819820,1
34715.148,2,523879,800,819820,1
34715.213,1,524892,800,819720,1
34716.371,5,522675,29,821120,-1
34717.287,2,523795,250,817680,1
34717.289,2,523797,250,822080,-1
34717.325,1,526457,250,817280,1
34717.326,1,526460,250,821680,-1
34717.864,2,522662,800,821180,-1
34718.075,1,527139,800,821080,-1
34718.725,2,524892,800,819720,1
34718.732,2,527139,800,821080,-1
34718.749,1,527635,800,820880,-1
34718.937,2,527635,800,820880,-1
34719.299,1,528069,800,821080,-1
34719.916,1,528629,800,819720,1
34719.955,2,528069,800,821080,-1
34719.98,2,528629,800,819720,1
34720.441,1,529083,800,820880,-1
34720.467,1,529114,1000,820100,1
34721.044,1,529659,800,819420,1
34721.658,1,530119,30,838500,-1
34721.98,2,529659,800,819420,1
34722.186,1,530573,800,819520,1
34722.522,2,526457,250,817280,1
34722.524,2,526460,250,821680,-1
34722.638,1,530881,250,817680,1
34722.64,1,530883,250,822080,-1
34722.716,2,530573,800,819520,1
34722.718,2,529083,800,820880,-1
34722.966,1,531158,800,821180,-1
34723.28,1,531449,800,819720,1
34724.69,2,531449,800,819720,1
34724.695,2,531158,800,821180,-1
34724.732,1,532433,800,819920,1
34725.277,1,532884,800,821380,-1
34725.672,2,530119,30,838500,-1
34726.549,1,533725,30,838500,-1
34727.93,2,533725,30,838500,-1
34729.498,1,535682,1000,820200,1
34729.548,2,532884,800,821380,-1
34729.77,1,535882,800,821280,-1
34730.331,2,535882,800,821280,-1
34730.434,1,536322,800,821380,-1
34730.556,1,536406,30,838500,-1
34732.242,2,530881,250,817680,1
34732.306,2,530883,250,822080,-1
34732.311,1,537637,250,817280,1
34732.389,1,537717,250,821680,-1
34733.915,2,532433,800,819920,1
34733.916,2,536322,800,821380,-1
34733.922,1,538825,800,821180,-1
34734.322,2,538825,800,821180,-1
34734.467,1,539192,800,821180,-1
34735.02,1,539686,800,819720,1
34736.443,2,539686,800,819720,1
34736.446,2,539192,800,821180,-1
34736.635,1,540904,800,821180,-1
34736.938,2,540904,800,821180,-1
34737.124,5,541144,229,820260,1
34737.124,5,535712,200,820250,1
34737.124,5,536767,71,820230,1
34737.144,1,541316,800,820980,-1
34737.185,2,541316,800,820980,-1
34737.667,1,541766,800,820980,-1
34738.214,1,542222,800,819520,1
34738.436,2,537637,250,817280,1
34738.437,2,537717,250,821680,-1
34738.47,1,542400,250,816880,1
34738.472,1,542402,250,821280,-1
34739.557,2,542222,800,819520,1
34739.558,2,541766,800,820980,-1
34739.563,1,543445,800,820780,-1
34740.076,1,543927,800,819320,1
34740.194,2,542400,250,816880,1
34740.196,2,542402,250,821280,-1
34740.277,1,544093,250,816480,1
34740.28,1,544095,250,820880,-1
34741.18,5,536767,29,820230,1
34741.18,4,535682,71,820200,1
34741.209,4,535682,500,820200,1
34741.338,1,545119,1000,820500,-1
34742.702,4,535682,429,820200,1
34742.702,4,529114,71,820100,1
34742.856,5,546367,100,820440,-1
34742.924,2,543927,800,819320,1
34742.927,2,543445,800,820780,-1
34742.937,1,546598,800,820480,-1
34743.136,4,529114,100,820100,1
34743.464,1,547089,800,819120,1
34743.777,2,10385,400,857600,-1
34743.827,2,529114,829,820100,1
34743.859,2,536406,30,838500,-1
34743.888,2,545119,1000,820500,-1
34744.522,2,11571,400,849300,-1
34744.9,2,547089,800,819120,1
34744.91,2,546598,800,820480,-1
34744.977,1,548273,800,820440,-1
34745.503,5,548596,100,820050,-1
34745.503,5,548286,100,820390,-1
34745.512,1,548747,400,820800,-1
34745.521,1,548757,800,818820,1
34745.727,1,548935,300,815700,1
34745.827,2,544093,250,816480,1
34745.834,2,544095,250,820880,-1
34745.863,1,549068,250,816080,1
34745.889,1,549100,250,820480,-1
34746.178,2,548273,800,820440,-1
34746.215,1,549407,800,820380,-1
34746.229,2,548747,400,820800,-1
34746.827,2,548935,300,815700,1
34747.321,2,549407,800,820380,-1
34747.556,2,549068,250,816080,1
34747.558,2,549100,250,820480,-1
34747.613,1,550752,250,815680,1
34747.614,1,550754,250,820080,-1
34748.07,5,550803,200,820020,-1
34748.07,5,550826,100,820030,-1
34748.07,4,550754,200,820080,-1
34748.545,2,550752,250,815680,1
34748.547,2,550754,50,820080,-1
34748.628,1,551747,700,820500,-1
34748.658,1,551791,250,818520,1
34748.661,1,551796,250,820080,-1
34749.111,2,548757,800,818820,1
34749.129,1,552241,1000,820800,-1
34749.569,1,552690,800,820180,-1
34749.593,2,551791,250,818520,1
34749.595,2,551796,250,820080,-1
34749.745,1,552907,250,818520,1
34749.747,1,552908,500,821280,-1
34749.982,2,552907,250,818520,1
34750.041,2,552241,1000,820800,-1
34750.073,1,553174,375,818520,1
34750.117,1,553214,800,818620,1
34750.735,1,553775,700,820180,-1
34751.549,2,416108,100,823500,-1
34751.666,2,553214,800,818620,1
34751.669,2,552690,800,820180,-1
34751.693,1,554678,800,820480,-1
34752.2,1,555135,800,818920,1
34752.934,1,555850,1000,820800,-1
34753.645,1,556552,300,825800,-1
34753.859,2,553775,700,820180,-1
34754.07,2,551747,700,820500,-1
34754.517,2,555850,1000,820800,-1
34754.541,2,555135,800,818920,1
34754.678,2,554678,800,820480,-1
34754.766,1,557711,800,820580,-1
34755.325,1,558150,800,819020,1
34755.738,2,552908,500,821280,-1
34755.791,1,558515,250,821280,-1
34755.841,2,558515,250,821280,-1
34755.989,1,558692,500,821280,-1
34756.057,2,558692,500,821280,-1
34756.09,1,558779,250,821280,-1
34756.198,2,558150,800,819020,1
34756.313,1,558970,800,819120,1
34756.462,2,557711,800,820580,-1
34756.686,1,559271,1000,820500,-1
34756.855,1,559440,800,820680,-1
34756.995,2,553174,375,818520,1
34756.998,2,558779,250,821280,-1
34757.043,1,559592,250,818920,1
34757.045,1,559595,500,821680,-1
34757.062,2,559592,250,818920,1
34757.093,1,559641,375,818920,1
34757.737,1,560191,30,838500,-1
34757.949,2,559641,375,818920,1
34757.951,2,559595,500,821680,-1
34758.006,1,560437,375,818520,1
34758.01,1,560441,250,821280,-1
34758.277,2,556552,300,825800,-1
34758.363,1,560793,1271,820500,-1
34758.775,2,560191,30,838500,-1
34759.07,2,560441,250,821280,-1
34759.126,1,561481,500,821280,-1
34759.268,2,561481,500,821280,-1
34759.322,1,561631,250,821280,-1
34759.521,2,558970,800,819120,1
34759.635,1,561860,800,819220,1
34759.804,2,561631,250,821280,-1
34759.853,1,562067,500,821280,-1
34759.961,2,559440,800,820680,-1
34760.184,1,562294,800,820780,-1
34760.535,1,562539,30,838500,-1
34761.414,2,561860,800,819220,1
34761.417,2,562294,800,820780,-1
34761.42,1,563237,800,819420,1
34761.621,2,562067,500,821280,-1
34761.656,1,563451,250,821280,-1
34761.724,2,563237,800,819420,1
34761.752,2,562539,30,838500,-1
34761.798,2,563451,250,821280,-1
34761.87,1,563661,500,821280,-1
34761.91,2,563661,500,821280,-1
34761.956,1,563722,800,820780,-1
34762.001,2,563722,800,820780,-1
34762.031,1,563782,250,821280,-1
34762.348,2,560437,375,818520,1
34762.35,2,563782,250,821280,-1
34762.433,2,559271,1000,820500,-1
34762.543,1,564295,800,820480,-1
34762.551,1,564309,375,818920,1
34762.699,2,564295,800,820480,-1
34762.703,2,564309,375,818920,1
34762.822,1,564602,500,821680,-1
34762.852,1,564637,250,818920,1
34763.078,1,564826,800,820680,-1
34763.401,2,564637,250,818920,1
34763.403,2,564602,500,821680,-1
34763.496,1,565129,375,818520,1
34763.497,1,565131,250,821280,-1
34763.5,2,565129,375,818520,1
34763.501,2,565131,250,821280,-1
34763.618,1,565251,250,818920,1
34763.621,1,565255,500,821680,-1
34763.729,2,565251,250,818920,1
34763.767,1,565362,800,819220,1
34763.825,2,565255,500,821680,-1
34763.882,1,565517,375,818520,1
34764.021,2,565517,375,818520,1
34764.051,1,565703,250,821280,-1
34764.126,2,565703,250,821280,-1
34764.148,2,565362,800,819220,1
34764.152,2,564826,800,820680,-1
34764.406,1,566089,800,820480,-1
34764.421,1,566102,250,818920,1
34764.422,1,566105,500,821280,-1
34764.49,2,566089,800,820480,-1
34764.743,2,566102,250,818920,1
34764.97,1,566723,800,820780,-1
34765.017,1,566782,375,818520,1
34765.17,2,566723,800,820780,-1
34765.612,1,567331,800,820780,-1
34766.138,1,567718,800,819220,1
34766.486,1,567981,1000,820100,-1
34767.221,2,566782,375,818520,1
34767.264,1,568514,250,818520,1
34767.337,2,568514,250,818520,1
34767.339,2,566105,500,821280,-1
34767.383,1,568591,375,818120,1
34767.537,2,567331,800,820780,-1
34767.62,1,568788,800,820680,-1
34767.966,1,569101,250,820880,-1
34767.967,2,569101,250,820880,-1
34768.025,1,569134,500,820880,-1
34768.5,2,567718,800,819220,1
34768.503,2,568788,800,820680,-1
34768.634,1,569727,800,820480,-1
34769.254,1,570267,800,818920,1
34769.546,2,569134,500,820880,-1
34769.609,1,570547,250,820880,-1
34769.898,2,570547,250,820880,-1
34770.257,1,571044,500,820880,-1
34770.258,2,571044,500,820880,-1
34770.307,1,571099,250,820880,-1
34770.394,2,570267,800,818920,1
34770.397,2,569727,800,820480,-1
34770.443,1,571234,800,820280,-1
34770.95,2,568591,375,818120,1
34770.953,2,571099,250,820880,-1
34771.027,1,571783,375,818520,1
34771.03,1,571785,500,821280,-1
34771.096,1,571842,800,818720,1
34771.439,2,571783,375,818520,1
34771.49,1,572204,250,818520,1
34771.863,2,572204,250,818520,1
34771.865,2,571785,500,821280,-1
34771.92,1,572608,375,818120,1
34771.923,1,572617,500,820880,-1
34771.931,2,571842,800,818720,1
34772.19,1,572906,800,818820,1
34772.511,2,571234,800,820280,-1
34772.746,1,573612,800,820380,-1
34773.253,2,572906,800,818820,1
34773.258,2,573612,800,820380,-1
34773.285,1,574053,800,820080,-1
34773.671,2,574053,800,820080,-1
34773.692,2,572608,375,818120,1
34773.694,2,572617,500,820880,-1
34773.764,1,574530,375,817720,1
34773.767,1,574533,500,820480,-1
34773.995,1,574837,800,820380,-1
34774.451,1,575262,800,818820,1
34774.591,2,575262,800,818820,1
34774.599,2,574837,800,820380,-1
34775.041,1,575870,800,820380,-1
34775.11,2,575870,800,820380,-1
34775.574,1,576437,800,820180,-1
34776.122,1,576972,800,818620,1
34776.146,2,574530,375,817720,1
34776.147,2,574533,500,820480,-1
34776.227,1,577063,375,817320,1
34776.236,1,577072,500,820080,-1
34776.451,2,576972,800,818620,1
34776.687,1,577474,800,818720,1
34777.01,2,576437,800,820180,-1
34777.245,1,577889,800,820280,-1
34778.387,2,577889,800,820280,-1
34778.434,2,577474,800,818720,1
34778.5,1,578934,800,820100,-1
34779.045,1,579367,800,818420,1
34779.077,2,578934,800,820100,-1
34779.088,2,579367,800,818420,1
34779.611,1,579858,800,820100,-1
34780.151,1,580368,800,818320,1
34780.521,2,577063,375,817320,1
34780.522,2,577072,500,820080,-1
34780.622,1,580738,375,816920,1
34780.625,1,580740,500,819680,-1
34780.732,2,579858,800,820100,-1
34780.884,1,581020,800,820100,-1
34781.171,2,580368,800,818320,1
34781.401,1,581541,800,818220,1
34781.49,1,581605,1000,820100,-1
34781.497,2,567981,1000,820100,-1
34781.927,2,581605,1000,820100,-1
34782.662,2,581020,800,820100,-1
34783.452,2,580738,375,816920,1
34783.454,2,580740,500,819680,-1
34783.511,1,583243,375,817320,1
34783.513,1,583245,500,820080,-1
34783.796,1,583518,1000,819200,-1
34784.838,1,584329,800,819780,-1
34785.425,2,581541,800,818220,1
34785.43,2,584329,800,819780,-1
34785.482,1,584873,800,818420,1
34785.942,1,585320,800,819980,-1
34786.584,1,585972,30,838500,-1
34786.766,2,583243,375,817320,1
34786.768,2,583245,500,820080,-1
34786.832,1,586227,375,817720,1
34786.835,1,586230,500,820480,-1
34788.185,2,585320,800,819980,-1
34788.294,1,587627,800,819880,-1
34788.563,2,584873,800,818420,1
34788.887,1,588082,800,818320,1
34789.256,2,588082,800,818320,1
34789.263,2,587627,800,819880,-1
34789.48,1,588630,800,818620,1
34789.564,2,588630,800,818620,1
34789.88,2,585972,30,838500,-1
34790.025,1,589120,800,818520,1
34790.576,1,589575,800,820080,-1
34790.597,2,589120,800,818520,1
34790.626,2,589575,800,820080,-1
34791.145,1,590127,800,818520,1
34791.749,1,590645,800,819980,-1
34791.769,2,590127,800,818520,1
34792.296,1,591106,800,818420,1
34792.787,2,591106,800,818420,1
34792.79,2,590645,800,819980,-1
34792.954,1,591633,800,818620,1
34793.312,2,586227,375,817720,1
34793.314,2,586230,500,820480,-1
34793.387,1,591991,375,818120,1
34793.389,1,591993,500,820880,-1
34793.394,1,591998,1000,818900,-1
34793.515,2,583518,1000,819200,-1
34793.537,1,592168,30,838500,-1
34793.557,1,592184,800,820180,-1
34793.814,5,592153,200,818640,1
34793.814,4,591633,300,818620,1
34793.969,2,591633,500,818620,1
34793.971,2,592184,800,820180,-1
34793.994,2,592168,30,838500,-1
34794.095,1,592714,300,819380,-1
34794.648,1,593190,800,818520,1
34795.425,2,593190,800,818520,1
34795.51,1,593956,800,818420,1
34797.397,2,593956,800,818420,1
34797.52,1,595837,300,819180,-1
34797.581,2,592714,300,819380,-1
34797.972,2,591991,375,818120,1
34798.018,5,595749,200,818850,-1
34798.018,4,591998,100,818900,-1
34798.025,1,596379,250,818120,1
34798.065,1,596411,800,818320,1
34798.15,2,596379,250,818120,1
34798.152,2,591993,500,820880,-1
34798.183,1,596497,375,817720,1
34798.187,1,596501,250,820480,-1
34798.293,4,591998,400,818900,-1
34798.313,2,596497,375,817720,1
34798.315,2,596501,250,820480,-1
34798.416,1,596730,250,818120,1
34798.419,1,596732,500,820880,-1
34798.688,2,596411,800,818320,1
34798.693,1,597027,300,818980,-1
34798.777,2,595837,300,819180,-1
34798.853,2,596730,250,818120,1
34798.854,2,596732,500,820880,-1
34799.051,1,597388,375,817720,1
34799.063,1,597398,500,820480,-1
34799.152,1,597481,800,818120,1
34799.243,2,597481,800,818120,1
34799.744,1,598026,800,818020,1
34800.109,2,591998,500,818900,-1
34801.102,5,598697,700,818900,-1
34803.165,2,598026,800,818020,1
34803.207,1,600933,300,818780,-1
34803.215,2,597027,300,818980,-1
34803.277,2,597388,375,817720,1
34803.309,1,601020,1000,818710,-1
34803.322,1,601039,250,817720,1
34803.363,2,601039,250,817720,1
34803.365,2,597398,500,820480,-1
34803.41,1,601107,375,817320,1
34803.449,1,601138,250,820080,-1
34803.547,2,601138,250,820080,-1
34803.674,1,601372,500,820080,-1
34803.785,1,601488,800,817920,1
34803.83,2,600933,300,818780,-1
34803.835,2,601488,800,817920,1
34804.327,1,602149,300,818580,-1
34804.872,1,602643,800,817720,1
34805.075,2,602643,800,817720,1
34805.078,2,602149,300,818580,-1
34805.399,1,603115,300,818780,-1
34805.559,1,603260,30,838500,-1
34805.948,2,601372,500,820080,-1
34805.969,1,603590,800,817920,1
34805.982,1,603603,250,820080,-1
34805.998,2,601107,375,817320,1
34805.998,2,603603,250,820080,-1
34806.034,1,603644,375,817720,1
34806.036,1,603650,500,820480,-1
34807.529,2,603260,30,838500,-1
34807.81,5,602815,200,818320,1
34807.81,4,264029,300,818300,1
34807.834,2,601020,1000,818710,-1
34808.098,4,264029,250,818300,1
34808.256,2,603590,800,817920,1
34808.258,2,603115,300,818780,-1
34808.275,1,605492,300,818980,-1
34808.855,1,605994,800,818120,1
34808.927,2,605994,800,818120,1
34809.394,1,606443,300,818780,-1
34809.397,2,605492,300,818980,-1
34809.694,1,606740,30,838500,-1
34809.941,1,606966,800,817920,1
34811.268,2,603650,500,820480,-1
34811.329,1,608244,250,820480,-1
34811.84,2,606966,800,817920,1
34811.93,2,603644,375,817720,1
34811.932,2,608244,250,820480,-1
34811.948,1,608753,800,817820,1
34811.979,1,608772,250,818120,1
34811.981,1,608773,500,820880,-1
34812.907,4,264029,450,818300,1
34813.116,2,608772,250,818120,1
34813.135,1,609749,1000,818700,-1
34813.155,1,609769,375,818120,1
34813.214,2,609769,375,818120,1
34813.217,2,608773,500,820880,-1
34813.286,1,609918,375,817720,1
34813.289,1,609921,250,820480,-1
34813.535,2,609918,375,817720,1
34813.536,2,609921,250,820480,-1
34813.64,1,610270,250,818120,1
34813.655,1,610293,500,820880,-1
34813.843,2,610270,250,818120,1
34813.934,2,606740,30,838500,-1
34813.956,2,610293,500,820880,-1
34814.015,1,610617,375,817720,1
34814.132,1,610725,250,820480,-1
34814.311,2,610725,250,820480,-1
34814.46,1,611031,300,815000,1
34814.766,2,608753,800,817820,1
34814.871,1,611377,300,818580,-1
34814.926,2,606443,300,818780,-1
34815.053,1,611534,500,820480,-1
34815.215,2,609749,1000,818700,-1
34815.226,2,611031,300,815000,1
34815.425,1,611868,800,817720,1
34815.799,2,610617,375,817720,1
34815.802,2,611534,500,820480,-1
34815.894,1,612395,375,818120,1
34815.898,1,612399,500,820880,-1
34815.9,2,611868,800,817720,1
34816.0,1,612506,300,818280,-1
34816.015,2,611377,300,818580,-1
34816.479,2,612395,375,818120,1
34816.54,1,613000,250,818120,1
34816.546,1,613007,800,817420,1
34816.624,4,613000,250,818120,1
34816.772,1,613237,375,817720,1
34816.773,2,612399,500,820880,-1
34816.841,1,613304,250,820480,-1
34816.894,2,613304,250,820480,-1
34817.034,1,613530,500,820480,-1
34817.078,2,613237,375,817720,1
34817.08,2,613530,500,820480,-1
34817.261,1,613761,250,817720,1
34817.262,1,613763,250,819280,-1
34817.589,1,614039,30,838500,-1
34817.686,2,613007,800,817420,1
34817.964,2,613761,250,817720,1
34817.966,2,613763,250,819280,-1
34818.001,1,614417,250,818120,1
34818.004,1,614419,250,819680,-1
34818.013,2,614039,30,838500,-1
34818.058,4,614417,250,818120,1
34818.219,1,614658,250,818120,1
34818.479,1,614878,30,838500,-1
34818.503,2,614658,250,818120,1
34818.503,2,614419,250,819680,-1
34818.662,1,615045,800,817320,1
34818.721,2,614878,30,838500,-1
34818.829,1,615200,250,818120,1
34818.83,1,615202,250,819680,-1
34818.859,2,615200,250,818120,1
34818.86,2,615202,250,819680,-1
34818.898,1,615263,250,817720,1
34818.901,1,615267,250,819280,-1
34819.129,1,615470,30,838500,-1
34819.274,2,615470,30,838500,-1
34819.377,2,615263,250,817720,1
34819.38,2,615267,250,819280,-1
34819.423,1,615683,250,818120,1
34819.425,1,615688,250,819680,-1
34820.45,2,560793,1271,820500,-1
34820.536,1,616647,30,838500,-1
34820.658,2,615045,800,817320,1
34820.881,2,615683,250,818120,1
34820.882,2,615688,250,819680,-1
34820.899,2,616647,30,838500,-1
34820.967,1,617013,250,817720,1
34820.972,1,617015,250,819280,-1
34821.636,1,617558,30,838500,-1
34821.763,1,617663,300,818080,-1
34821.836,2,612506,300,818280,-1
34821.922,2,617558,30,838500,-1
34822.132,2,617015,250,819280,-1
34822.304,1,618082,250,819680,-1
34822.307,1,618084,800,817220,1
34822.36,2,618082,250,819680,-1
34822.479,1,618210,250,819280,-1
34823.417,1,618822,300,825100,-1
34825.561,2,617013,250,817720,1
34825.585,2,618210,250,819280,-1
34825.597,2,618084,800,817220,1
34825.613,1,620499,250,817320,1
34825.639,1,620543,250,818880,-1
34825.663,1,620573,300,817780,-1
34825.797,2,617663,300,818080,-1
34825.995,5,620607,200,817760,-1
34826.16,1,621110,800,816920,1
34827.473,2,621110,800,816920,1
34827.614,1,622377,300,817480,-1
34827.617,4,622377,300,817480,-1
34827.617,2,620573,300,817780,-1
34827.726,1,622494,1271,818000,-1
34827.9,1,622602,100,818800,-1
34827.906,5,622406,200,817370,1
34827.906,4,620499,250,817320,1
34827.906,1,622609,250,817320,-1
34828.034,2,622609,250,817320,-1
34828.181,1,622830,800,816720,1
34828.213,1,622848,250,817720,1
34828.218,2,620543,250,818880,-1
34828.26,2,622848,250,817720,1
34828.353,1,622986,250,819280,-1
34828.388,1,623012,250,817320,1
34828.4,2,623012,250,817320,1
34828.402,2,622986,250,819280,-1
34828.554,1,623142,250,814480,1
34828.563,1,623148,375,818880,-1
34828.694,2,618822,300,825100,-1
34828.839,1,623458,800,818180,-1
34829.876,2,622830,800,816720,1
34829.878,2,623458,800,818180,-1
34829.896,1,624416,800,817980,-1
34830.448,1,624857,800,816420,1
34830.831,2,622602,100,818800,-1
34830.835,5,624870,100,816480,1
34830.858,2,624857,800,816420,1
34830.869,2,624416,800,817980,-1
34830.983,1,625357,800,816720,1
34831.25,1,625621,30,838500,-1
34831.594,1,625915,800,818280,-1
34831.764,1,626055,1000,817600,-1
34832.054,4,625357,250,816720,1
34832.103,2,625357,550,816720,1
34832.106,2,625915,800,818280,-1
34832.165,1,626407,250,817480,-1
34832.234,2,625621,30,838500,-1
34832.712,1,626933,800,816620,1
34832.788,2,626933,800,816620,1
34833.011,2,626055,1000,817600,-1
34833.277,1,627332,800,816320,1
34833.952,2,627332,800,816320,1
34833.992,2,623142,250,814480,1
34833.994,2,623148,375,818880,-1
34834.07,1,627898,250,814080,1
34834.089,1,627916,800,816220,1
34834.101,1,627929,375,818480,-1
34834.619,1,628355,250,817280,-1
34834.666,2,626407,250,817480,-1
34836.044,2,627916,800,816220,1
34836.141,2,627898,250,814080,1
34836.171,1,629436,800,816120,1
34836.237,1,629478,250,813880,1
34836.613,1,629699,1000,817600,-1
34836.946,2,629699,1000,817600,-1
34836.982,2,629436,800,816120,1
34836.992,2,628355,250,817280,-1
34837.014,2,629478,250,813880,1
34837.034,1,630100,250,817480,-1
34837.071,1,630135,250,813680,1
34838.468,1,631270,250,817280,-1
34838.535,2,630100,250,817480,-1
34838.679,2,630135,250,813680,1
34838.681,2,627929,375,818480,-1
34838.736,1,631526,250,814080,1
34838.739,1,631529,375,818880,-1
34839.669,1,632526,250,816980,-1
34839.685,2,631270,250,817280,-1
34839.892,2,631526,250,814080,1
34839.968,1,632877,250,813680,1
34840.114,2,632877,250,813680,1
34840.236,1,633138,1000,817600,-1
34840.252,1,633159,250,814080,1
34840.679,2,633159,250,814080,1
34840.68,2,631529,375,818880,-1
34840.746,1,633577,250,813680,1
34840.748,1,633580,250,818480,-1
34841.032,2,633580,250,818480,-1
34841.07,1,633917,375,818480,-1
34841.917,1,634558,150,816780,-1
34841.966,2,632526,250,816980,-1
34842.869,1,635328,150,816480,-1
34842.922,2,634558,150,816780,-1
34843.846,1,636131,1271,816500,-1
34844.334,2,633577,250,813680,1
34844.336,2,633917,375,818480,-1
34844.417,1,636587,250,813280,1
34844.427,1,636601,375,818080,-1
34846.291,1,638229,150,816280,-1
34846.339,2,635328,150,816480,-1
34846.396,2,622494,1271,818000,-1
34846.416,2,636131,1271,816500,-1
34847.546,1,639186,30,838500,-1
34848.173,2,639186,30,838500,-1
34849.178,2,636601,375,818080,-1
34849.21,1,640478,250,818080,-1
34849.239,2,636587,250,813280,1
34849.245,2,640478,250,818080,-1
34849.277,1,640511,250,813680,1
34849.279,1,640515,375,818480,-1
34849.56,1,640724,1271,816000,-1
34849.73,5,640734,300,815940,-1
34849.73,5,640744,200,815950,-1
34849.73,5,640731,300,815990,-1
34849.73,4,640724,200,816000,-1
34849.901,1,641003,150,816080,-1
34849.959,2,638229,150,816280,-1
34853.097,2,640511,250,813680,1
34853.099,2,640515,375,818480,-1
34853.182,1,643189,250,813280,1
34853.185,1,643192,250,818080,-1
34853.839,1,643661,150,815880,-1
34853.842,2,641003,150,816080,-1
34854.589,2,643189,250,813280,1
34854.59,2,643192,250,818080,-1
34854.636,1,644172,250,813680,1
34854.641,1,644177,375,818480,-1
34857.338,2,643661,150,815880,-1
34857.351,1,646121,150,815980,-1
34857.903,1,646612,150,815780,-1
34858.012,2,646121,150,815980,-1
34858.531,4,646612,150,815780,-1
34858.598,1,647214,1000,815100,1
34859.135,2,644177,375,818480,-1
34859.182,1,647642,250,818480,-1
34859.724,1,648033,30,838500,-1
34860.166,2,644172,250,813680,1
34860.168,2,647642,250,818480,-1
34860.208,1,648443,250,814080,1
34860.21,1,648447,375,818880,-1
34860.743,1,648887,1000,817400,-1
34860.745,2,633138,1000,817600,-1
34861.464,2,648033,30,838500,-1
34863.165,4,640724,900,816000,-1
34864.848,2,648443,250,814080,1
34864.849,4,640724,171,816000,-1
34864.85,2,648447,375,818880,-1
34864.901,1,652331,250,813680,1
34864.903,1,652334,250,818480,-1
34865.046,2,652331,250,813680,1
34865.048,2,652334,250,818480,-1
34865.132,1,652624,250,814080,1
34865.137,1,652627,375,818880,-1
34865.936,2,647214,1000,815100,1
34866.392,2,652624,250,814080,1
34866.396,2,652627,375,818880,-1
34866.557,1,653999,250,814480,1
34866.56,1,654001,375,819280,-1
34873.471,2,648887,1000,817400,-1
34873.819,5,659681,300,816200,-1
34873.836,5,659681,200,816200,-1
34875.129,5,659681,100,816200,-1
34875.453,5,659681,75,816200,-1
34876.744,1,662036,500,816200,1
34876.872,1,662145,1000,816000,1
34876.966,1,662209,30,838500,-1
34879.173,1,663873,1000,813600,1
34880.288,2,654001,375,819280,-1
34880.323,1,664658,250,819280,-1
34880.612,2,662209,30,838500,-1
34880.97,5,665070,100,816350,1
34880.973,2,653999,250,814480,1
34880.975,2,664658,250,819280,-1
34881.034,1,665180,250,814880,1
34881.036,1,665183,375,819680,-1
34881.305,2,665180,250,814880,1
34881.306,2,665183,375,819680,-1
34881.415,1,665477,250,814480,1
34881.438,1,665495,250,819280,-1
34881.518,1,665561,300,816600,1
34881.904,2,665495,250,819280,-1
34881.954,1,665879,375,819280,-1
34882.362,2,665561,300,816600,1
34882.677,1,666367,300,813000,1
34882.995,1,666566,200,816600,1
34883.133,2,666367,300,813000,1
34883.549,1,666929,30,838500,-1
34883.651,2,662036,500,816200,1
34886.318,2,665477,250,814480,1
34886.321,2,665879,375,819280,-1
34886.356,1,668965,250,814080,1
34886.36,1,668967,375,818880,-1
34886.468,5,666575,200,816650,1
34886.867,5,669078,200,816640,1
34886.893,4,666566,100,816600,1
34887.748,4,666566,21,816600,1
34887.767,2,666929,30,838500,-1
34890.262,2,668965,250,814080,1
34890.264,2,668967,375,818880,-1
34890.296,1,672581,250,813680,1
34890.3,1,672588,375,818480,-1
34891.141,1,673427,300,823000,-1
34891.53,1,673836,30,838500,-1
34893.369,4,666566,79,816600,1
34893.703,2,672588,375,818480,-1
34893.926,1,676509,250,818480,-1
34894.305,2,672581,250,813680,1
34894.306,2,676509,250,818480,-1
34895.128,1,677756,250,814080,1
34895.13,1,677758,375,818880,-1
34895.939,2,673836,30,838500,-1
34896.911,2,677756,250,814080,1
34896.913,2,677758,375,818880,-1
34897.046,1,679598,250,814480,1
34897.049,1,679600,375,819280,-1
34898.729,2,679598,250,814480,1
34898.731,2,679600,375,819280,-1
34898.783,1,681152,250,814080,1
34898.786,1,681156,250,818880,-1
34899.509,2,681152,250,814080,1
34899.511,2,681156,250,818880,-1
34899.638,1,681965,250,814480,1
34899.658,1,681999,375,819280,-1
34899.728,5,680288,25,816060,1
34899.728,5,679984,175,816040,1
34905.051,2,681999,375,819280,-1
34905.107,1,686637,250,819280,-1
34905.395,2,681965,250,814480,1
34905.396,2,686637,250,819280,-1
34905.452,1,686915,250,814880,1
34905.455,1,686921,375,819680,-1
34909.534,1,690664,200,816000,1
34910.122,2,686915,250,814880,1
34910.123,2,686921,375,819680,-1
34910.165,1,691212,250,815280,1
34910.167,1,691215,375,820080,-1
34910.545,2,690664,200,816000,1
34911.6,2,691212,250,815280,1
34911.603,2,691215,375,820080,-1
34911.662,1,692823,250,814880,1
34911.666,1,692832,375,819680,-1
34912.216,2,692832,375,819680,-1
34912.343,1,693623,250,819680,-1
34912.415,2,693623,250,819680,-1
34912.544,1,693833,375,819680,-1
34912.578,2,692823,250,814880,1
34912.596,2,693833,375,819680,-1
34912.713,1,693995,250,815280,1
34912.743,1,694021,375,820080,-1
34915.535,2,693995,250,815280,1
34915.538,2,694021,375,820080,-1
34915.577,1,696657,250,814880,1
34915.589,1,696672,250,819680,-1
34915.631,2,696657,250,814880,1
34915.768,1,696863,250,814680,1
34915.909,2,696672,250,819680,-1
34916.05,1,697177,375,819680,-1
34916.331,2,696863,250,814680,1
34916.481,1,697506,250,814480,1
34917.817,1,698835,500,816400,1
34918.155,2,697506,250,814480,1
34918.159,2,697177,375,819680,-1
34918.334,1,699351,250,814080,1
34918.338,1,699362,375,819280,-1
34918.401,1,699439,30,838500,-1
34918.649,2,699362,375,819280,-1
34918.856,1,699874,250,819280,-1
34918.964,2,699874,250,819280,-1
34919.07,1,700070,375,819280,-1
34919.297,2,699351,250,814080,1
34919.299,2,700070,375,819280,-1
34919.433,1,700407,250,814880,1
34919.435,1,700409,375,820080,-1
34920.28,2,700407,250,814880,1
34920.281,2,700409,375,820080,-1
34920.388,1,701285,250,814480,1
34920.406,1,701293,375,819680,-1
34920.536,2,701285,250,814480,1
34920.538,2,701293,375,819680,-1
34920.638,1,701506,250,814880,1
34920.641,1,701511,375,820080,-1
34922.841,5,698886,100,816440,1
34923.03,5,698886,300,816440,1
34923.143,5,698886,100,816440,1
34923.143,5,698892,100,816440,1
34923.249,5,698892,200,816440,1
34925.019,5,704808,100,816520,1
34925.7,1,705479,200,816500,1
34928.484,2,699439,30,838500,-1
34928.675,2,701506,250,814880,1
34928.675,2,701511,375,820080,-1
34928.73,1,707693,250,815280,1
34928.732,1,707696,375,820480,-1
34929.437,2,698835,500,816400,1
34930.876,1,709415,30,838500,-1
34930.931,2,707693,250,815280,1
34930.933,2,707696,375,820480,-1
34930.965,1,709501,250,815680,1
34930.984,1,709526,375,820880,-1
34931.084,1,709634,500,817600,-1
34931.501,2,705479,200,816500,1
34931.55,2,709415,30,838500,-1
34931.802,1,710346,400,818100,-1
34931.846,2,709634,500,817600,-1
34932.549,1,710940,700,816500,1
34933.069,2,709501,250,815680,1
34933.07,2,709526,375,820880,-1
34933.11,1,711362,250,815280,1
34933.112,1,711364,250,820480,-1
34933.185,2,711362,250,815280,1
34933.187,2,711364,250,820480,-1
34933.251,1,711500,250,815680,1
34933.254,1,711503,375,820880,-1
34933.533,1,711764,500,815810,1
34933.657,2,711500,250,815680,1
34933.734,1,711930,250,815280,1
34933.736,2,711503,375,820880,-1
34933.84,1,712055,375,820480,-1
34934.01,2,711764,500,815810,1
34934.062,1,712280,500,815710,1
34934.369,2,712280,500,815710,1
34934.611,1,712825,500,818490,-1
34934.954,2,712825,500,818490,-1
34935.184,1,713359,500,815610,1
34935.507,1,713662,500,817600,1
34935.732,1,713873,500,818390,-1
34936.535,1,714511,30,838500,-1
34937.091,2,710346,400,818100,-1
34937.134,1,714956,300,817700,-1
34937.481,4,714956,25,817700,-1
34937.693,2,712055,375,820480,-1
34937.731,1,715370,250,820480,-1
34938.013,2,713873,500,818390,-1
34938.043,2,711930,250,815280,1
34938.044,2,715370,250,820480,-1
34938.082,1,715658,250,815680,1
34938.085,1,715660,375,820880,-1
34938.14,4,713662,500,817600,1
34938.14,1,715730,500,817500,-1
34938.161,2,714511,30,838500,-1
34938.861,1,716308,300,811100,1
34939.397,5,715746,200,817450,-1
34939.397,4,715730,100,817500,-1
34939.672,2,713359,500,815610,1
34940.105,1,717321,500,818390,-1
34941.53,2,717321,500,818390,-1
34941.639,1,718420,500,818490,-1
34941.676,4,715730,400,817500,-1
34942.184,1,718810,500,815710,1
34942.309,2,710940,700,816500,1
34943.348,4,714956,275,817700,-1
34943.439,2,718810,500,815710,1
34943.444,2,718420,500,818490,-1
34943.512,1,719808,500,818690,-1
34944.058,1,720206,500,815910,1
34944.891,2,715660,375,820880,-1
34944.922,1,720811,250,820880,-1
34945.065,2,715658,250,815680,1
34945.073,2,720811,250,820880,-1
34945.565,1,721361,250,816080,1
34945.568,1,721365,375,821280,-1
34945.832,1,721595,500,818000,1
34946.588,1,722200,30,838500,-1
34947.02,2,720206,500,815910,1
34947.023,2,719808,500,818690,-1
34947.121,1,722629,500,818790,-1
34947.595,2,722629,500,818790,-1
34947.636,2,721361,250,816080,1
34947.637,2,721365,375,821280,-1
34947.687,1,723063,250,815680,1
34947.691,1,723067,375,820880,-1
34947.729,1,723118,500,818690,-1
34947.741,2,723067,375,820880,-1
34947.85,1,723238,250,820880,-1
34947.88,2,723238,250,820880,-1
34947.991,1,723360,375,820880,-1
34948.215,1,723563,500,815910,1
34948.526,2,723563,500,815910,1
34948.533,2,723118,500,818690,-1
34948.77,1,724132,500,818690,-1
34949.308,1,724596,500,815910,1
34949.352,2,724132,500,818690,-1
34949.395,2,724596,500,815910,1
34949.856,1,725206,500,818590,-1
34949.885,2,721595,500,818000,1
34949.904,2,722200,30,838500,-1
34950.402,1,725718,500,815810,1
34950.464,2,723063,250,815680,1
34950.467,2,723360,375,820880,-1
34950.649,1,725985,250,815280,1
34950.652,1,725988,250,820480,-1
34950.761,2,725985,250,815280,1
34950.762,2,725988,250,820480,-1
34950.965,1,726288,250,815680,1
34950.967,1,726294,375,820880,-1
34951.608,2,725718,500,815810,1
34951.61,2,725206,500,818590,-1
34951.72,1,726939,500,818490,-1
34951.754,2,726939,500,818490,-1
34952.103,2,726288,250,815680,1
34952.107,2,726294,375,820880,-1
34952.214,1,727381,250,815280,1
34952.238,1,727402,250,820480,-1
34952.262,1,727430,500,818590,-1
34952.32,2,727381,250,815280,1
34952.323,2,727402,250,820480,-1
34952.458,2,727430,500,818590,-1
34952.81,1,728103,500,818390,-1
34952.958,1,728255,250,815680,1
34952.961,1,728257,375,820880,-1
34953.131,2,728255,250,815680,1
34953.134,2,728257,375,820880,-1
34953.162,1,728497,1000,818500,-1
34953.245,1,728630,250,815280,1
34953.256,1,728648,375,820480,-1
34953.392,1,728807,500,815610,1
34953.464,2,728103,500,818390,-1
34953.466,2,728807,500,815610,1
34953.918,1,729393,500,818390,-1
34954.447,1,729940,500,815610,1
34955.954,2,728497,1000,818500,-1
34955.961,2,729393,500,818390,-1
34956.642,2,729940,500,815610,1
34957.144,2,728630,250,815280,1
34957.163,2,728648,375,820480,-1
34957.217,1,732432,250,814880,1
34957.222,1,732441,375,820080,-1
34958.063,1,733396,500,818290,-1
34958.605,1,733927,500,815510,1
34958.719,2,733927,500,815510,1
34958.721,2,733396,500,818290,-1
34959.154,1,734437,500,818390,-1
34959.373,2,734437,500,818390,-1
34959.703,1,734907,500,818290,-1
34960.246,1,735327,500,815510,1
34961.891,2,734907,500,818290,-1
34962.118,1,736820,500,818300,-1
34963.75,2,735327,500,815510,1
34963.968,1,738100,500,818390,-1
34964.006,2,738100,500,818390,-1
34964.515,1,738556,500,818300,-1
34964.553,2,738556,500,818300,-1
34965.063,1,738953,500,818390,-1
34965.605,1,739271,500,815610,1
34966.65,2,736820,500,818300,-1
34968.128,2,739271,500,815610,1
34968.131,2,738953,500,818390,-1
34968.234,1,741305,500,818590,-1
34968.778,1,741767,500,815810,1
34969.179,2,732441,375,820080,-1
34969.246,2,732432,250,814880,1
34969.428,2,741767,500,815810,1
34969.458,2,741305,500,818590,-1
34969.482,1,742436,375,820480,-1
34969.482,2,742436,375,820480,-1
34969.494,1,742450,250,815280,1
34969.498,2,742450,250,815280,1
34969.5,1,742461,500,815710,1
34969.677,1,742664,250,820080,-1
34969.694,2,742664,250,820080,-1
34969.697,1,742693,250,814880,1
34969.715,2,742693,250,814880,1
34969.894,1,742902,375,820480,-1
34969.9,1,742911,250,815280,1
34969.985,1,742998,500,818490,-1
34969.997,2,742461,500,815710,1
34970.037,2,742998,500,818490,-1
34970.527,1,743544,500,818490,-1
34970.755,2,743544,500,818490,-1
34971.08,1,744039,500,818390,-1
34971.619,1,744514,500,815710,1
34972.954,2,744514,500,815710,1
34972.966,2,744039,500,818390,-1
34973.049,1,745684,500,818190,-1
34973.591,1,746202,500,815510,1
34974.028,1,746593,500,818600,-1
34974.527,1,747004,1000,818600,-1
34974.619,2,742911,250,815280,1
34974.623,2,742902,375,820480,-1
34974.678,1,747146,250,815680,1
34974.681,1,747152,375,820880,-1
34974.682,2,746593,500,818600,-1
34974.834,2,745684,500,818190,-1
34974.837,2,746202,500,815510,1
34974.957,1,747466,500,815310,1
34975.454,1,747957,500,818600,-1
34976.765,2,747957,500,818600,-1
34976.873,1,749198,500,818090,-1
34976.907,2,749198,500,818090,-1
34977.423,1,749600,500,818090,-1
34977.65,2,749600,500,818090,-1
34977.89,2,747466,500,815310,1
34977.955,2,747146,250,815680,1
34977.956,2,747152,375,820880,-1
34977.968,1,749995,500,818090,-1
34978.513,1,750419,500,815310,1
34978.523,1,750428,250,815280,1
34978.525,1,750429,250,820480,-1
34978.526,2,750429,250,820480,-1
34978.557,1,750450,375,820480,-1
34978.629,1,750512,500,818600,-1
34978.754,2,750419,500,815310,1
34979.057,1,750802,500,815410,1
34979.271,2,750802,500,815410,1
34979.275,2,749995,500,818090,-1
34979.614,1,751226,500,818600,-1
34979.897,2,751226,500,818600,-1
34979.995,1,751599,500,818600,-1
34980.153,1,751700,500,818600,-1
34980.701,1,752141,500,815410,1
34981.943,2,750512,500,818600,-1
34981.945,2,751599,500,818600,-1
34981.948,2,751700,500,818600,-1
34984.089,1,754701,500,818090,-1
34984.142,2,754701,500,818090,-1
34984.216,1,754774,500,818000,-1
34984.422,2,752141,500,815410,1
34984.639,1,755040,500,818190,-1
34985.186,1,755399,500,815410,1
34985.221,2,755399,500,815410,1
34985.732,1,755732,500,815510,1
34986.059,2,755732,500,815510,1
34986.276,1,756094,500,815410,1
34986.376,2,756094,500,815410,1
34986.825,1,756451,500,815510,1
34986.916,2,754774,500,818000,-1
34987.35,2,756451,500,815510,1
34987.373,1,756831,500,815410,1
34987.594,2,755040,500,818190,-1
34987.779,2,750428,250,815280,1
34987.782,2,750450,375,820480,-1
34987.791,2,756831,500,815410,1
34987.821,1,757189,250,814880,1
34987.823,1,757190,250,820080,-1
34987.92,1,757276,500,817990,-1
34987.943,2,757190,250,820080,-1
34987.999,1,757337,600,817100,1
34988.027,1,757364,375,820080,-1
34988.472,1,757833,500,815310,1
34988.498,1,757857,30,838500,-1
34988.919,5,757362,200,817150,1
34988.919,4,757337,600,817100,1
34989.041,2,757857,30,838500,-1
34989.186,2,757833,500,815310,1
34989.189,2,757276,500,817990,-1
34989.237,1,758499,500,818190,-1
34989.313,2,758499,500,818190,-1
34989.742,1,758951,400,817990,-1
34989.779,1,758975,500,818090,-1
34989.826,2,747004,1000,818600,-1
34990.267,2,758951,400,817990,-1
34990.325,1,759380,500,815410,1
34990.812,1,759753,400,817990,-1
34990.903,1,759820,500,817900,-1
34991.128,2,757189,250,814880,1
34991.133,2,757364,375,820080,-1
34991.187,1,760057,250,815280,1
34991.191,1,760060,375,820480,-1
34991.302,2,759380,500,815410,1
34991.338,2,760057,250,815280,1
34991.339,2,760060,375,820480,-1
34991.394,1,760257,250,814880,1
34991.421,1,760289,500,815510,1
34991.647,2,760289,500,815510,1
34991.883,1,760627,250,820080,-1
34991.964,1,760678,500,815510,1
34991.996,2,759753,400,817990,-1
34992.186,2,760678,500,815510,1
34992.278,2,760627,250,820080,-1
34992.32,1,760924,375,820080,-1
34992.512,1,761087,500,815510,1
34993.388,2,761087,500,815510,1
34993.412,1,761732,500,817000,-1
34993.497,1,761788,500,815610,1
34993.798,2,761788,500,815610,1
34994.046,1,762127,500,815610,1
34994.613,5,762370,125,816940,-1
34994.628,2,762127,500,815610,1
34994.631,2,758975,500,818090,-1
34994.698,1,762563,500,815710,1
34995.245,1,762871,500,817990,-1
34995.909,2,762871,500,817990,-1
34996.011,1,763319,500,817890,-1
34996.36,1,763532,400,818000,-1
34996.389,1,763550,500,817000,-1
34997.052,2,762563,500,815710,1
34997.106,1,763995,500,815610,1
34997.238,2,763532,400,818000,-1
34997.24,5,763563,75,816940,-1
34997.24,5,761746,200,816950,-1
34997.24,5,761764,500,816960,-1
34997.24,4,761732,225,817000,-1
34997.544,2,763995,500,815610,1
34997.547,2,763319,500,817890,-1
34997.652,1,764276,500,817990,-1
34997.686,2,764276,500,817990,-1
34997.698,5,764224,500,816960,-1
34998.198,1,764641,500,817690,-1
34998.746,1,765003,500,815510,1
34998.78,2,765003,500,815510,1
34999.292,1,765375,500,815410,1
34999.318,2,763550,500,817000,-1
35001.701,2,765375,500,815410,1
35001.782,2,764641,500,817690,-1
35001.81,1,767111,500,817790,-1
35002.357,1,767444,500,815510,1
35002.414,2,767111,500,817790,-1
35002.419,2,767444,500,815510,1
35002.905,1,767821,500,817890,-1
35003.086,2,761732,275,817000,-1
35003.34,1,768122,1000,818000,-1
35003.45,1,768196,500,815610,1
35003.549,2,768196,500,815610,1
35003.995,1,768546,500,815710,1
35004.772,2,767821,500,817890,-1
35004.873,1,769144,500,818000,-1
35004.987,2,769144,500,818000,-1
35005.052,2,760257,250,814880,1
35005.055,2,760924,375,820080,-1
35005.059,2,768122,1000,818000,-1
35005.096,1,769342,250,814480,1
35005.103,1,769351,250,819680,-1
35005.169,2,769351,250,819680,-1
35005.21,1,769454,375,819680,-1
35005.383,1,769569,1000,818000,-1
35005.422,1,769598,500,818000,-1
35005.455,2,769598,500,818000,-1
35005.483,2,759820,500,817900,-1
35005.964,1,770012,500,817990,-1
35006.456,2,768546,500,815710,1
35006.469,2,770012,500,817990,-1
35006.514,1,770377,500,815910,1
35007.068,1,770781,500,818090,-1
35007.181,2,770377,500,815910,1
35007.184,2,770781,500,818090,-1
35007.477,2,769569,1000,818000,-1
35007.608,1,771190,500,817890,-1
35007.827,2,771190,500,817890,-1
35008.158,1,771626,500,817990,-1
35008.304,2,771626,500,817990,-1
35008.528,2,769342,250,814480,1
35008.53,2,769454,375,819680,-1
35008.565,1,771898,250,814880,1
35008.568,1,771900,375,820080,-1
35008.735,1,772058,500,817890,-1
35008.775,2,772058,500,817890,-1
35009.012,2,771898,250,814880,1
35009.013,2,771900,375,820080,-1
35009.055,1,772332,250,814480,1
35009.058,1,772333,250,819680,-1
35009.259,1,772513,500,817990,-1
35009.795,1,772910,500,815710,1
35010.125,2,772332,250,814480,1
35010.126,2,772333,250,819680,-1
35010.174,1,773111,250,814880,1
35010.182,1,773118,375,820080,-1
35010.898,2,772910,500,815710,1
35010.901,2,772513,500,817990,-1
35011.048,1,773720,500,817890,-1
35011.207,2,773720,500,817890,-1
35011.583,1,774092,500,817990,-1
35012.088,1,774423,500,815710,1
35012.13,2,774092,500,817990,-1
35012.638,1,774836,500,817890,-1
35012.853,2,774423,500,815710,1
35012.859,2,774836,500,817890,-1
35013.183,1,775247,500,817690,-1
35013.376,2,773111,250,814880,1
35013.378,2,773118,375,820080,-1
35013.453,1,775461,250,814480,1
35013.455,1,775462,375,819680,-1
35013.729,1,775766,500,815510,1
35014.562,1,776443,1000,818000,-1
35014.609,2,775766,500,815510,1
35014.714,1,776612,500,815410,1
35014.993,2,775461,250,814480,1
35014.995,2,775462,375,819680,-1
35015.027,1,776821,250,814880,1
35015.029,1,776824,375,820080,-1
35015.324,2,776612,500,815410,1
35015.327,2,775247,500,817690,-1
35015.371,1,777154,500,817490,-1
35015.474,2,776443,1000,818000,-1
35015.807,1,777576,500,815210,1
35016.207,2,776821,250,814880,1
35016.21,2,776824,375,820080,-1
35016.33,1,778067,250,814480,1
35016.332,1,778069,375,819680,-1
35017.129,2,777576,500,815210,1
35017.135,2,777154,500,817490,-1
35017.146,1,778798,500,817290,-1
35017.25,1,778900,1000,817300,-1
35017.672,1,779200,500,815010,1
35018.026,2,779200,500,815010,1
35018.213,1,779650,500,815110,1
35018.249,2,779650,500,815110,1
35018.76,1,780060,500,815110,1
35018.863,2,778067,250,814480,1
35018.866,2,778069,375,819680,-1
35018.942,1,780214,250,814080,1
35018.951,1,780226,375,819280,-1
35021.284,2,780060,500,815110,1
35021.39,1,782044,500,815010,1
35021.564,2,782044,500,815010,1
35021.566,2,778798,500,817290,-1
35021.935,1,782502,500,817200,-1
35021.976,2,782502,500,817200,-1
35022.48,1,782967,500,817300,-1
35022.513,2,782967,500,817300,-1
35023.028,1,783445,500,817300,-1
35023.573,1,783872,500,814910,1
35023.654,1,783946,500,817100,-1
35024.014,1,784250,400,817300,-1
35024.132,2,778900,1000,817300,-1
35024.318,2,784250,400,817300,-1
35024.34,2,783445,500,817300,-1
35024.449,1,784601,500,817190,-1
35024.598,1,784747,400,817100,-1
35024.702,2,784601,500,817190,-1
35024.86,2,783872,500,814910,1
35024.998,1,785087,500,817010,-1
35025.184,2,785087,500,817010,-1
35025.22,2,784747,400,817100,-1
35025.549,1,785611,500,817190,-1
35025.724,1,785815,1000,817100,-1
35026.09,1,786160,500,814910,1
35026.771,1,786750,500,817010,-1
35027.299,2,786160,500,814910,1
35027.401,1,787274,500,815010,1
35027.51,2,787274,500,815010,1
35027.67,2,780214,250,814080,1
35027.672,2,780226,375,819280,-1
35027.701,1,787498,250,813680,1
35027.703,1,787501,375,818880,-1
35027.949,1,787758,500,815010,1
35028.498,2,785611,500,817190,-1
35030.809,1,790005,1000,817010,-1
35030.902,1,790096,500,817290,-1
35031.231,2,787758,500,815010,1
35031.45,1,790495,500,815110,1
35032.763,2,790495,500,815110,1
35032.847,2,786750,500,817010,-1
35032.848,2,790005,1000,817010,-1
35032.874,1,791596,500,815010,1
35032.91,2,791596,500,815010,1
35033.416,1,791979,500,815110,1
35035.389,2,790096,500,817290,-1
35035.499,1,793475,500,817390,-1
35035.702,2,787498,250,813680,1
35035.704,2,787501,375,818880,-1
35035.757,1,793725,250,813280,1
35035.76,1,793728,250,818480,-1
35035.807,2,793728,250,818480,-1
35035.844,1,793808,375,818880,-1
35035.897,2,793725,250,813280,1
35035.996,1,793973,250,813680,1
35037.466,2,791979,500,815110,1
35037.575,1,795329,500,815110,1
35039.216,2,795329,500,815110,1
35039.325,1,796436,500,815210,1
35039.374,2,796436,500,815210,1
35039.874,1,796818,500,815110,1
35039.912,2,796818,500,815110,1
35040.423,1,797148,500,815210,1
35041.284,1,797715,1000,817100,-1
35042.29,2,797148,500,815210,1
35042.291,2,793475,500,817390,-1
35042.303,1,798431,500,817190,-1
35042.823,1,798923,500,815010,1
35042.858,2,797715,1000,817100,-1
35043.68,2,798923,500,815010,1
35043.702,1,799594,500,814910,1
35043.763,2,799594,500,814910,1
35044.247,1,800027,500,814910,1
35044.276,2,798431,500,817190,-1
35044.296,2,800027,500,814910,1
35044.341,2,793973,250,813680,1
35044.352,2,793808,375,818880,-1
35044.421,1,800186,250,813280,1
35044.435,1,800201,375,818480,-1
35044.497,1,800259,500,817100,-1
35044.796,1,800548,500,817100,-1
35046.017,2,800259,500,817100,-1
35046.019,2,800548,500,817100,-1
35047.303,1,802492,100,817000,-1
35048.072,2,800186,250,813280,1
35048.075,2,800201,375,818480,-1
35048.116,1,803028,250,812880,1
35048.12,1,803033,250,818080,-1
35048.287,2,803033,250,818080,-1
35048.312,1,803195,500,817090,-1
35048.327,1,803208,375,818080,-1
35048.618,2,803208,375,818080,-1
35048.671,1,803453,250,818080,-1
35048.787,2,803453,250,818080,-1
35048.821,1,803579,375,818080,-1
35048.853,1,803600,500,814910,1
35048.889,2,803600,500,814910,1
35048.985,2,803195,500,817090,-1
35049.403,1,804024,500,817290,-1
35049.436,2,803579,375,818080,-1
35049.491,1,804099,250,818080,-1
35049.733,2,803028,250,812880,1
35049.753,2,804099,250,818080,-1
35049.853,1,804409,250,813280,1
35049.856,1,804414,375,818480,-1
35049.947,2,804024,500,817290,-1
35049.975,1,804515,500,815110,1
35050.495,1,804962,500,817290,-1
35050.939,2,804962,500,817290,-1
35051.043,1,805387,500,817390,-1
35051.769,2,804515,500,815110,1
35051.775,2,805387,500,817390,-1
35051.917,1,806034,500,817390,-1
35051.981,2,806034,500,817390,-1
35052.465,1,806502,500,817590,-1
35053.023,1,806926,500,815310,1
35053.994,2,806926,500,815310,1
35054.104,1,807688,500,815410,1
35054.187,2,802492,100,817000,-1
35054.219,2,807688,500,815410,1
35054.249,1,807779,100,817000,-1
35054.654,1,808103,500,815410,1
35054.67,4,807779,100,817000,-1
35054.702,2,785815,1000,817100,-1
35055.642,2,806502,500,817590,-1
35055.748,1,809037,500,817690,-1
35055.806,2,808103,500,815410,1
35055.814,2,809037,500,817690,-1
35055.877,2,804409,250,813280,1
35055.879,2,804414,375,818480,-1
35055.997,1,809289,250,813680,1
35056.0,1,809293,375,818880,-1
35056.05,1,809347,1000,817100,-1
35056.298,1,809595,500,817790,-1
35056.755,2,809595,500,817790,-1
35056.839,1,810116,500,817890,-1
35057.393,2,809347,1000,817100,-1
35057.407,1,810695,500,815610,1
35059.266,2,783946,500,817100,-1
35060.34,2,810695,500,815610,1
35060.447,1,813482,500,815710,1
35060.636,2,809289,250,813680,1
35060.646,2,809293,375,818880,-1
35060.677,1,813676,250,813280,1
35060.685,1,813685,250,818480,-1
35061.219,2,813482,500,815710,1
35061.323,1,814252,500,815610,1
35062.04,2,813676,250,813280,1
35062.043,2,813685,250,818480,-1
35062.082,1,814873,250,813680,1
35062.09,1,814886,375,818880,-1
35062.42,2,814252,500,815610,1
35062.525,1,815284,500,815710,1
35063.839,2,815284,500,815710,1
35063.947,1,816430,500,815710,1
35064.499,2,816430,500,815710,1
35064.618,1,817006,500,815610,1
35064.913,2,817006,500,815610,1
35064.96,2,810116,500,817890,-1
35065.155,1,817475,500,817690,-1
35065.697,1,817919,500,815410,1
35066.311,1,818446,1000,816800,-1
35066.521,2,817475,500,817690,-1
35066.576,1,818714,500,817590,-1
35066.893,2,818714,500,817590,-1
35067.12,1,819187,500,817590,-1
35067.693,5,818485,500,816760,-1
35067.887,2,817919,500,815410,1
35067.892,1,819795,500,815310,1
35068.094,2,819795,500,815310,1
35068.292,2,818446,1000,816800,-1
35068.432,1,820208,500,815410,1
35068.469,2,820208,500,815410,1
35068.868,2,814873,250,813680,1
35068.87,2,814886,375,818880,-1
35068.98,1,820683,500,815310,1
35069.195,1,820849,30,838500,-1
35069.398,1,820982,250,813280,1
35069.4,1,820984,250,818480,-1
35069.649,2,820849,30,838500,-1
35069.921,2,820984,250,818480,-1
35069.963,1,821461,375,818880,-1
35070.023,2,821461,375,818880,-1
35070.11,1,821595,250,818480,-1
35070.426,2,820982,250,813280,1
35070.428,2,821595,250,818480,-1
35070.462,1,821850,250,813680,1
35070.464,1,821852,375,818880,-1
35070.717,2,821850,250,813680,1
35070.719,2,821852,375,818880,-1
35070.897,1,822237,250,813280,1
35070.902,1,822242,250,818480,-1
35071.835,2,820683,500,815310,1
35071.843,2,819187,500,817590,-1
35071.876,1,823017,500,817790,-1
35072.114,2,823017,500,817790,-1
35072.179,2,822242,250,818480,-1
35072.188,2,822237,250,813280,1
35072.25,1,823342,375,818880,-1
35072.271,1,823361,250,813680,1
35072.373,1,823461,500,817690,-1
35072.782,1,823873,1000,816600,-1
35072.884,2,823461,500,817690,-1
35072.917,1,824034,500,815510,1
35072.959,2,824034,500,815510,1
35073.468,1,824478,500,817590,-1
35073.469,2,823873,1000,816600,-1
35073.811,2,823361,250,813680,1
35073.861,1,824748,250,813480,1
35074.01,1,824852,500,815410,1
35075.387,2,824852,500,815410,1
35075.391,2,824478,500,817590,-1
35075.445,1,825797,500,815610,1
35075.766,2,824748,250,813480,1
35075.981,1,826272,500,817790,-1
35076.549,1,826656,250,813080,1
35077.875,2,826656,250,813080,1
35077.879,2,823342,375,818880,-1
35077.923,1,827729,250,813480,1
35077.965,1,827773,375,819280,-1
35078.28,2,826272,500,817790,-1
35078.396,1,828178,500,817890,-1
35078.713,2,828178,500,817890,-1
35078.934,1,828703,500,817790,-1
35079.25,2,828703,500,817790,-1
35079.482,1,829205,500,817890,-1
35079.77,2,829205,500,817890,-1
35080.042,1,829756,500,817790,-1
35080.045,2,825797,500,815610,1
35080.078,2,829756,500,817790,-1
35080.574,1,830307,500,815610,1
35080.761,2,827729,250,813480,1
35080.762,2,827773,375,819280,-1
35080.806,1,830528,250,813080,1
35080.809,1,830531,250,818880,-1
35081.125,1,830912,500,817790,-1
35081.285,1,831070,200,816200,1
35081.55,2,830307,500,815610,1
35081.669,1,831514,500,815510,1
35081.904,2,831514,500,815510,1
35082.218,1,831992,500,815510,1
35082.339,2,830531,250,818880,-1
35082.407,1,832145,375,819280,-1
35082.554,2,832145,375,819280,-1
35082.729,1,832405,250,818880,-1
35083.31,2,830912,500,817790,-1
35083.418,1,832964,500,817690,-1
35083.485,2,832405,250,818880,-1
35083.487,2,830528,250,813080,1
35083.751,2,832964,500,817690,-1
35083.924,1,833382,375,819280,-1
35083.965,1,833422,500,817790,-1
35084.006,2,831992,500,815510,1
35084.148,1,833581,250,813480,1
35084.509,1,833881,500,815510,1
35084.72,2,833881,500,815510,1
35084.724,2,833422,500,817790,-1
35085.057,1,834352,500,815410,1
35085.159,2,834352,500,815410,1
35085.608,1,834858,500,817590,-1
35086.15,1,835281,500,815410,1
35086.703,2,831070,200,816200,1
35086.814,2,835281,500,815410,1
35086.916,1,835813,500,815310,1
35087.152,2,835813,500,815310,1
35087.218,2,834858,500,817590,-1
35087.464,1,836260,500,815510,1
35087.502,2,836260,500,815510,1
35088.011,1,836754,500,815510,1
35088.28,2,836754,500,815510,1
35088.558,1,837179,500,815610,1
35089.105,1,837588,500,817790,-1
35090.179,1,838406,200,816800,-1
35090.42,2,837179,500,815610,1
35090.527,1,838682,500,815510,1
35090.853,2,838682,500,815510,1
35091.073,1,839117,500,815610,1
35091.087,2,833581,250,813480,1
35091.09,2,833382,375,819280,-1
35091.13,1,839172,250,813080,1
35091.134,1,839177,375,818880,-1
35092.278,2,837588,500,817790,-1
35092.386,1,840278,500,817890,-1
35092.712,2,840278,500,817890,-1
35092.933,1,840690,500,817790,-1
35092.99,2,839117,500,815610,1
35093.275,1,840946,200,816300,1
35093.489,1,841102,500,815610,1
35093.524,2,841102,500,815610,1
35093.569,1,841158,30,838500,-1
35094.029,1,841559,500,815610,1
35094.066,2,841559,500,815610,1
35094.573,1,841960,500,815510,1
35094.848,2,841960,500,815510,1
35095.12,1,842355,500,815610,1
35095.545,4,838406,25,816800,-1
35096.102,2,842355,500,815610,1
35096.104,2,840690,500,817790,-1
35096.213,1,843227,500,817690,-1
35096.429,2,843227,500,817690,-1
35096.767,1,843693,500,817790,-1
35096.82,2,843693,500,817790,-1
35097.31,1,844140,500,817690,-1
35097.394,2,844140,500,817690,-1
35097.855,1,844571,500,817890,-1
35098.403,1,845000,500,815710,1
35098.497,4,838406,175,816800,-1
35098.497,5,834989,625,816800,-1
35098.517,5,834989,49,816800,-1
35098.888,2,841158,30,838500,-1
35099.501,2,844571,500,817890,-1
35099.604,1,845858,500,817990,-1
35099.72,2,839172,250,813080,1
35099.722,2,839177,375,818880,-1
35099.732,1,845955,200,816400,1
35099.785,1,845989,250,812680,1
35099.787,1,845991,250,818480,-1
35100.012,2,845989,250,812680,1
35100.015,2,845991,250,818480,-1
35100.088,1,846265,250,813080,1
35100.092,1,846272,375,818880,-1
35100.094,2,846265,250,813080,1
35100.154,2,846272,375,818880,-1
35100.173,1,846357,250,812680,1
35100.265,2,845858,500,817990,-1
35100.281,1,846459,250,818480,-1
35100.372,1,846547,500,817890,-1
35100.517,1,846683,30,838500,-1
35100.965,2,846357,250,812680,1
35100.968,2,846459,250,818480,-1
35101.029,1,847093,250,813080,1
35101.032,1,847096,375,818880,-1
35101.233,2,846547,500,817890,-1
35101.252,1,847319,500,817990,-1
35101.605,2,847093,250,813080,1
35101.607,2,847096,375,818880,-1
35101.672,1,847607,250,812680,1
35101.674,1,847608,250,818480,-1
35101.68,2,845955,200,816400,1
35101.921,2,847319,500,817990,-1
35102.018,1,847893,500,817890,-1
35102.222,2,847608,250,818480,-1
35102.321,1,848129,375,818480,-1
35102.799,2,847893,500,817890,-1
35102.891,1,848727,500,817990,-1
35102.943,2,848727,500,817990,-1
35103.44,1,849168,500,817890,-1
35104.131,2,846683,30,838500,-1
35104.704,2,847607,250,812680,1
35104.706,2,848129,375,818480,-1
35104.75,1,850294,250,812280,1
35104.753,1,850296,375,818080,-1
35104.773,1,850316,100,817000,-1
35105.045,2,845000,500,815710,1
35105.063,2,849168,500,817890,-1
35105.209,1,850777,500,817790,-1
35105.241,2,840946,200,816300,1
35105.34,2,850777,500,817790,-1
35105.747,1,851295,500,817690,-1
35105.828,5,850393,500,816960,-1
35105.862,2,851295,500,817690,-1
35106.294,1,851802,500,817790,-1
35106.51,1,851980,1000,816800,-1
35106.839,1,852293,500,815510,1
35107.961,2,851980,1000,816800,-1
35108.306,4,850316,100,817000,-1
35109.457,2,850294,250,812280,1
35109.458,2,850296,375,818080,-1
35109.518,1,854411,250,811880,1
35109.522,1,854413,375,817680,-1
35111.321,2,852293,500,815510,1
35111.324,2,851802,500,817790,-1
35111.338,1,855847,500,817590,-1
35111.703,2,855847,500,817590,-1
35111.873,1,856324,500,817590,-1
35112.308,2,856324,500,817590,-1
35112.422,1,856776,500,817490,-1
35112.609,2,856776,500,817490,-1
35112.968,1,857200,500,817590,-1
35113.516,1,857603,500,815310,1
35113.55,1,857635,1000,816810,-1
35113.954,2,857200,500,817590,-1
35114.058,1,858155,500,817590,-1
35114.095,2,857603,500,815310,1
35114.44,2,854411,250,811880,1
35114.442,2,854413,375,817680,-1
35114.521,1,858555,250,811480,1
35114.534,1,858573,250,817280,-1
35114.59,2,858573,250,817280,-1
35114.651,1,858729,500,815310,1
35114.666,1,858751,375,817280,-1
35114.899,4,857635,300,816810,-1
35115.124,2,858729,500,815310,1
35115.127,2,858155,500,817590,-1
35115.168,1,859237,500,815510,1
35115.486,2,857635,700,816810,-1
35115.702,1,859798,500,817790,-1
35116.603,1,860503,30,838500,-1
35117.77,2,859237,500,815510,1
35117.778,2,859798,500,817790,-1
35117.816,1,861461,500,817890,-1
35117.857,2,858555,250,811480,1
35117.859,2,858751,375,817280,-1
35117.926,1,861564,250,811080,1
35117.931,1,861569,250,816880,-1
35117.967,2,860503,30,838500,-1
35118.113,2,861461,500,817890,-1
35118.139,2,861564,250,811080,1
35118.142,2,861569,250,816880,-1
35118.276,1,861821,250,811480,1
35118.279,1,861824,375,817280,-1
35118.324,1,861857,500,817790,-1
35118.512,2,861857,500,817790,-1
35118.881,1,862326,500,817790,-1
35119.308,2,862326,500,817790,-1
35119.417,1,862863,500,817690,-1
35119.745,2,862863,500,817690,-1
35119.964,1,863258,500,817790,-1
35120.005,2,863258,500,817790,-1
35120.511,1,863572,500,817590,-1
35121.056,1,863969,500,815610,1
35122.257,1,864750,100,816300,1
35122.597,1,864977,30,838500,-1
35125.213,2,863969,500,815610,1
35125.218,2,863572,500,817590,-1
35125.323,1,866908,500,817690,-1
35125.509,2,866908,500,817690,-1
35125.871,1,867288,500,815810,1
35126.202,2,867288,500,815810,1
35126.417,1,867696,500,815910,1
35126.47,2,867696,500,815910,1
35126.964,1,868146,500,817790,-1
35127.0,2,868146,500,817790,-1
35127.457,2,861821,250,811480,1
35127.459,2,861824,375,817280,-1
35127.497,1,868505,250,811880,1
35127.501,1,868508,375,817680,-1
35127.585,1,868608,500,815910,1
35127.646,2,868608,500,815910,1
35127.696,2,868505,250,811880,1
35127.718,2,868508,375,817680,-1
35127.776,1,868787,250,811480,1
35127.798,1,868804,250,817280,-1
35127.888,2,868787,250,811480,1
35127.892,2,868804,250,817280,-1
35128.042,1,869030,250,811880,1
35128.045,1,869032,375,817680,-1
35128.057,1,869041,500,815910,1
35128.062,2,869030,250,811880,1
35128.235,1,869196,250,811480,1
35128.294,2,869196,250,811480,1
35128.487,1,869408,250,811880,1
35128.606,1,869536,500,817890,-1
35128.608,2,869041,500,815910,1
35128.661,2,869536,500,817890,-1
35129.152,1,869943,500,817790,-1
35129.7,1,870272,500,815810,1
35130.792,2,870272,500,815810,1
35130.799,2,869943,500,817790,-1
35130.902,1,871098,500,815910,1
35130.969,2,871098,500,815910,1
35131.087,2,869408,250,811880,1
35131.089,2,869032,375,817680,-1
35131.126,1,871264,250,811480,1
35131.132,1,871270,375,817280,-1
35131.449,1,871526,500,817790,-1
35131.535,2,871526,500,817790,-1
35131.996,1,871931,500,815910,1
35132.322,2,871931,500,815910,1
35132.542,1,872275,500,817790,-1
35133.091,1,872767,500,815910,1
35133.351,2,872275,500,817790,-1
35133.483,1,873158,300,816400,1
35133.749,2,872767,500,815910,1
35133.856,1,873499,500,817590,-1
35134.73,2,873499,500,817590,-1
35134.745,1,874283,500,817790,-1
35134.778,1,874319,100,816500,1
35135.462,2,874283,500,817790,-1
35135.496,1,874877,500,817890,-1
35135.501,2,871264,250,811480,1
35135.502,2,871270,375,817280,-1
35135.623,1,875011,250,811080,1
35135.63,1,875017,250,816880,-1
35135.658,2,875017,250,816880,-1
35135.787,1,875162,375,817280,-1
35135.845,2,875011,250,811080,1
35135.902,2,874877,500,817890,-1
35135.975,2,875162,375,817280,-1
35136.004,1,875333,250,811480,1
35136.053,1,875383,500,817890,-1
35136.14,1,875476,375,816880,-1
35136.21,2,875333,250,811480,1
35136.361,1,875655,250,811080,1
35136.368,2,875383,500,817890,-1
35136.514,2,875655,250,811080,1
35136.516,2,875476,375,816880,-1
35136.592,1,875818,500,817790,-1
35136.64,1,875873,250,811480,1
35136.644,1,875877,375,817280,-1
35136.796,2,874319,100,816500,1
35136.798,2,864750,100,816300,1
35136.83,2,864977,30,838500,-1
35137.241,2,875818,500,817790,-1
35137.346,2,873158,300,816400,1
35137.367,1,876528,500,817590,-1
35137.901,1,876929,500,815610,1
35138.141,1,877103,1000,817280,-1
35138.971,1,877639,100,816300,1
35139.553,1,878037,30,838500,-1
35139.744,2,875873,250,811480,1
35139.747,2,875877,375,817280,-1
35139.928,1,878349,250,811080,1
35139.93,1,878354,375,816880,-1
35140.33,2,877103,1000,817280,-1
35141.95,2,876929,500,815610,1
35141.952,2,876528,500,817590,-1
35142.058,1,879968,500,817690,-1
35142.611,1,880345,500,815710,1
35142.617,2,879968,500,817690,-1
35142.695,2,880345,500,815710,1
35143.153,1,880673,500,817590,-1
35143.238,2,880673,500,817590,-1
35143.698,1,880995,500,817590,-1
