34200.018,2,210571,375,760800,-1
34200.05,1,210863,250,760400,-1
34200.314,2,210863,250,760400,-1
34200.347,1,211064,375,760800,-1
34200.804,2,208255,250,758200,1
34201.138,5,210841,200,759950,-1
34201.423,2,211064,375,760800,-1
34201.425,1,211772,250,760200,1
34201.486,1,211811,250,762400,-1
34201.639,2,211772,250,760200,1
34201.641,2,211811,250,762400,-1
34202.237,1,212305,250,759560,1
34202.239,1,212309,250,761760,-1
34202.261,2,212305,250,759560,1
34202.325,1,212351,250,757160,1
34202.433,2,212309,250,761760,-1
34202.482,1,212451,250,759360,-1
34202.548,2,212351,250,757160,1
34202.549,2,212451,250,759360,-1
34202.58,1,212525,250,757960,1
34202.582,1,212526,250,761360,-1
34202.653,2,212526,250,761360,-1
34202.687,1,212586,250,760560,-1
34203.274,2,212525,250,757960,1
34203.32,1,212974,250,758360,1
34206.451,2,212586,250,760560,-1
34206.457,2,212974,250,758360,1
34206.483,1,215377,250,760960,-1
34206.489,1,215384,250,758760,1
34206.862,2,215384,250,758760,1
34206.893,1,215644,250,758360,1
34207.099,2,215377,250,760960,-1
34207.131,1,215818,250,760560,-1
34211.201,2,215644,250,758360,1
34211.203,2,215818,250,760560,-1
34211.247,1,218870,250,757960,1
34211.249,1,218874,250,760160,-1
34217.128,1,222698,100,758900,1
34217.382,1,222862,300,809700,-1
34217.553,2,218874,250,760160,-1
34217.585,1,223004,250,761760,-1
34217.976,2,223004,250,761760,-1
34218.012,1,223347,250,760160,-1
34218.425,1,223701,200,764700,-1
34218.434,1,223704,200,788900,-1
34223.259,2,168176,250,680000,1
34223.266,2,222862,300,809700,-1
34223.267,2,223701,200,764700,-1
34223.269,2,223704,200,788900,-1
34223.279,4,223347,200,760160,-1
34223.661,2,218870,250,757960,1
34223.663,2,223347,50,760160,-1
34223.955,1,226838,250,758600,1
34223.956,1,226839,250,760160,-1
34224.458,2,226839,250,760160,-1
34224.501,1,227082,250,759760,-1
34225.993,2,226838,250,758600,1
34225.994,2,227082,250,759760,-1
34226.026,1,227661,250,759000,1
34226.028,1,227665,250,760160,-1
34226.864,2,227661,250,759000,1
34226.866,2,227665,250,760160,-1
34226.902,4,165483,250,760700,-1
34226.904,1,228140,250,763760,-1
34227.268,4,165483,300,760700,-1
34227.648,4,165483,250,760700,-1
34227.755,2,228140,250,763760,-1
34227.76,4,165483,250,760700,-1
34227.792,1,228862,250,763360,-1
34228.31,2,228862,250,763360,-1
34228.677,4,165483,250,760700,-1
34228.679,1,229241,250,763120,-1
34228.712,1,229262,250,760520,1
34228.717,2,229262,250,760520,1
34228.718,2,229241,250,763120,-1
34228.75,1,229289,250,758120,1
34228.754,1,229290,250,760320,-1
34233.198,2,229290,250,760320,-1
34233.2,2,229289,250,758120,1
34238.157,1,234208,1200,758000,1
34239.993,1,235122,1000,759300,1
34242.247,2,222698,100,758900,1
34242.523,2,235122,1000,759300,1
34242.877,1,236595,100,759100,1
34246.621,1,238160,200,760000,-1
34262.617,4,238160,100,760000,-1
34265.065,2,175613,300,765000,-1
34265.485,2,238160,100,760000,-1
34274.76,2,234208,1200,758000,1
34274.861,1,251571,1200,759000,1
34284.17,4,165483,1000,760700,-1
34285.207,4,165483,1000,760700,-1
34287.085,4,165483,500,760700,-1
34287.864,4,165483,200,760700,-1
34288.371,1,258074,1000,760700,1
34291.983,5,258367,400,760850,1
34295.82,2,258074,1000,760700,1
34296.29,2,198380,300,754500,1
34300.723,1,264658,500,761200,-1
34301.997,5,265314,400,760950,-1
34301.997,4,264658,100,761200,-1
34303.208,4,264658,100,761200,-1
34305.235,1,266924,1000,760800,1
34307.226,2,266924,1000,760800,1
34309.827,4,264658,300,761200,-1
34314.082,2,236595,100,759100,1
34314.181,1,271420,250,756920,1
34314.182,5,268146,250,760810,1
34314.237,5,268146,300,760810,1
34314.239,5,268146,250,760810,1
34314.403,2,271420,250,756920,1
34314.405,5,268146,250,760810,1
34314.442,1,271536,250,757320,1
34314.474,2,271536,250,757320,1
34314.498,5,268146,193,760810,1
34314.498,1,271572,57,760320,-1
34314.506,1,271576,250,758120,1
34314.623,4,271572,57,760320,-1
34314.623,1,271625,43,761000,1
34314.648,2,271576,250,758120,1
34314.704,1,271656,250,758120,1
34314.707,4,271625,43,761000,1
34314.707,1,271658,207,760320,-1
34314.713,4,271658,207,760320,-1
34314.774,2,271656,250,758120,1
34314.946,1,271792,500,758120,1
34314.948,1,271794,250,761000,-1
34314.953,4,271794,93,761000,-1
34315.026,2,271792,500,758120,1
34315.028,2,271794,157,761000,-1
34315.067,1,271846,250,758760,1
34315.069,1,271848,250,761000,-1
34315.15,2,271846,250,758760,1
34315.152,2,271848,250,761000,-1
34315.203,1,271924,250,761000,-1
34315.326,1,271981,375,758760,1
34315.702,2,271981,375,758760,1
34315.703,2,271924,250,761000,-1
34315.872,1,272256,250,759000,1
34315.874,1,272258,250,761000,-1
34315.902,4,272258,250,761000,-1
34315.986,5,272295,150,761050,1
34315.986,1,272306,100,761000,-1
34316.147,2,272256,250,759000,1
34316.193,1,272431,250,759000,1
34316.26,2,272431,250,759000,1
34316.26,2,272306,100,761000,-1
34316.469,1,272593,250,759400,1
34316.473,1,272596,250,761000,-1
34318.221,2,272596,250,761000,-1
34318.792,1,273917,100,761000,1
34319.047,1,274020,250,761500,-1
34320.235,2,272593,250,759400,1
34320.236,2,274020,250,761500,-1
34320.317,1,274810,375,759400,1
34320.319,1,274811,375,761500,-1
34320.576,1,274925,100,761400,1
34321.91,4,274925,100,761400,1
34322.229,2,273917,100,761000,1
34322.488,2,274811,375,761500,-1
34322.706,1,276004,700,760800,1
34322.807,2,274810,375,759400,1
34323.55,1,276504,250,759640,1
34323.553,1,276506,250,761210,-1
34323.736,1,276605,400,762000,-1
34324.496,2,276004,700,760800,1
34324.558,2,276506,250,761210,-1
34324.765,1,277221,250,761400,-1
34324.998,2,276504,250,759640,1
34325.203,1,277494,250,759240,1
34326.195,2,277494,250,759240,1
34326.197,2,277221,250,761400,-1
34326.641,1,278268,250,759640,1
34326.643,1,278270,250,761200,-1
34326.87,2,278268,250,759640,1
34326.872,2,278270,250,761200,-1
34327.091,1,278493,375,759640,1
34327.094,1,278496,250,762240,-1
34327.159,2,278493,375,759640,1
34327.16,2,278496,250,762240,-1
34327.456,1,278675,500,759640,1
34327.457,1,278676,250,762240,-1
34327.644,1,278764,100,761000,1
34328.904,2,251571,1200,759000,1
34329.006,1,279539,1200,760000,1
34329.854,1,279970,500,762500,-1
34332.028,1,281119,1000,761500,-1
34337.087,5,282375,400,761440,-1
34337.087,4,281119,100,761500,-1
34337.514,2,278764,100,761000,1
34338.116,4,281119,900,761500,-1
34339.167,1,284499,400,761000,1
34340.037,2,278675,500,759640,1
34340.039,2,278676,250,762240,-1
34340.083,1,284905,500,759240,1
34340.085,1,284908,250,761840,-1
34343.836,1,286955,1000,761400,1
34343.839,2,284499,400,761000,1
34345.776,2,286955,1000,761400,1
34348.748,1,289487,500,761400,-1
34356.874,2,284905,500,759240,1
34356.876,2,284908,250,761840,-1
34356.925,1,293310,500,758840,1
34356.927,1,293313,250,761440,-1
34360.184,2,293310,500,758840,1
34360.184,2,293313,250,761440,-1
34360.216,1,295453,500,759240,1
34360.22,1,295454,250,761840,-1
34360.83,2,295453,500,759240,1
34360.862,1,295986,500,758840,1
34360.903,2,295454,250,761840,-1
34360.953,1,296072,250,761440,-1
34361.267,2,279970,500,762500,-1
34361.271,2,289487,500,761400,-1
34362.761,1,297350,400,761500,-1
34364.057,2,295986,500,758840,1
34364.113,1,298144,500,758440,1
34364.294,2,298144,500,758440,1
34364.326,1,298240,250,758840,1
34364.356,2,298240,250,758840,1
34364.389,1,298279,500,758840,1
34364.53,2,296072,250,761440,-1
34364.597,1,298413,250,761440,-1
34365.188,2,298279,500,758840,1
34365.22,1,298718,250,758840,1
34365.367,2,276605,400,762000,-1
34366.744,2,298718,250,758840,1
34366.783,1,299466,500,758840,1
34369.832,2,299466,500,758840,1
34369.834,2,298413,250,761440,-1
34369.866,1,301145,500,759240,1
34369.868,1,301146,250,761840,-1
34374.218,1,303216,400,761000,1
34374.882,2,301146,250,761840,-1
34375.076,1,303685,250,762640,-1
34375.64,2,303216,400,761000,1
34377.298,2,301145,500,759240,1
34377.33,1,305050,500,758840,1
34377.476,2,305050,500,758840,1
34377.51,1,305164,250,759240,1
34377.758,2,305164,250,759240,1
34377.791,1,305303,500,758840,1
34381.641,2,303685,250,762640,-1
34381.673,1,307459,250,762240,-1
34388.989,2,307459,250,762240,-1
34389.02,2,305303,500,758840,1
34389.03,1,311615,250,762640,-1
34389.053,1,311642,500,759240,1
34389.559,1,311983,400,760600,1
34390.312,2,311642,500,759240,1
34390.348,1,312667,250,759240,1
34390.555,2,312667,250,759240,1
34390.593,1,312868,500,758840,1
34391.524,2,312868,500,758840,1
34391.557,1,313601,500,759240,1
34392.626,2,313601,500,759240,1
34392.681,1,314397,500,758840,1
34393.273,2,314397,500,758840,1
34393.306,1,314767,250,759240,1
34396.188,2,314767,250,759240,1
34396.229,1,316330,500,759240,1
34396.642,2,316330,500,759240,1
34396.674,1,316590,500,758840,1
34397.114,2,316590,500,758840,1
34397.148,1,316912,500,759240,1
34397.316,2,316912,500,759240,1
34397.352,1,317065,500,758840,1
34397.573,2,279539,1200,760000,1
34397.818,2,317065,500,758840,1
34397.82,2,311615,250,762640,-1
34397.873,1,317450,500,759640,1
34397.875,1,317452,250,763040,-1
34401.258,2,317450,500,759640,1
34401.261,2,317452,250,763040,-1
34401.301,1,319546,250,759240,1
34401.303,1,319547,250,762640,-1
34401.625,1,319749,400,761000,1
34401.706,2,311983,400,760600,1
34402.772,5,319768,200,761050,1
34402.772,4,319749,400,761000,1
34405.959,2,319546,250,759240,1
34405.961,2,319547,250,762640,-1
34405.991,1,322919,500,758840,1
34405.994,1,322922,250,762240,-1
34415.384,2,322919,500,758840,1
34415.386,2,322922,250,762240,-1
34415.418,1,329151,250,759240,1
34415.421,1,329155,250,762640,-1
34416.249,2,329151,250,759240,1
34416.288,1,329750,500,759240,1
34419.626,2,329750,500,759240,1
34419.659,1,332023,250,759240,1
34420.292,2,332023,250,759240,1
34420.293,2,329155,250,762640,-1
34420.325,1,332561,500,758840,1
34420.329,1,332564,250,762240,-1
34429.972,1,337741,500,760800,1
34431.143,1,338436,1200,761000,1
34433.454,2,332561,500,758840,1
34433.456,2,332564,250,762240,-1
34433.487,1,339824,500,758440,1
34433.498,1,339850,250,761840,-1
34436.786,2,339824,500,758440,1
34436.788,2,339850,250,761840,-1
34436.819,1,342010,500,758040,1
34436.824,1,342012,250,761440,-1
34436.927,2,342010,500,758040,1
34436.928,2,342012,250,761440,-1
34436.987,1,342142,250,758440,1
34436.99,1,342144,250,761840,-1
34437.092,2,342142,250,758440,1
34437.127,1,342224,500,758440,1
34437.988,1,342739,1000,761500,-1
34438.141,1,342808,1000,761500,-1
34438.216,2,342739,1000,761500,-1
34438.688,2,342224,500,758440,1
34438.719,1,343193,500,758040,1
34438.867,2,342144,250,761840,-1
34438.9,1,343338,250,761500,-1
34439.251,1,343609,1000,761500,-1
34440.451,2,343609,1000,761500,-1
34440.516,2,338436,1200,761000,1
34440.975,2,343193,500,758040,1
34440.976,2,343338,250,761500,-1
34441.011,1,344628,500,758440,1
34441.013,1,344631,250,761840,-1
34444.053,2,342808,1000,761500,-1
34444.487,2,344628,500,758440,1
34444.542,1,346997,250,758440,1
34444.615,2,346997,250,758440,1
34444.647,1,347057,500,758440,1
34446.12,1,347898,1000,761200,-1
34447.859,4,337741,500,760800,1
34448.324,2,347898,1000,761200,-1
34448.471,2,7584,100,781900,-1
34448.808,1,349460,500,760800,-1
34449.107,1,349603,1000,761100,-1
34455.655,2,347057,500,758440,1
34455.656,2,344631,250,761840,-1
34455.693,1,353019,250,758840,1
34455.696,1,353023,250,762240,-1
34456.889,2,353019,250,758840,1
34456.89,2,353023,250,762240,-1
34456.922,1,353810,500,758440,1
34456.925,1,353812,250,761840,-1
34458.894,2,349603,1000,761100,-1
34462.66,2,353810,500,758440,1
34462.693,1,357497,250,758440,1
34465.247,1,359282,1000,761100,-1
34465.605,2,359282,1000,761100,-1
34467.939,2,357497,250,758440,1
34467.941,2,353812,250,761840,-1
34467.973,1,360846,500,758040,1
34467.976,1,360849,250,761440,-1
34470.756,2,349460,500,760800,-1
34473.062,2,360846,500,758040,1
34473.096,1,364064,250,758040,1
34473.654,2,364064,250,758040,1
34473.655,2,360849,250,761440,-1
34473.685,1,364367,500,757640,1
34473.69,1,364370,250,761040,-1
34484.405,2,7583,100,721700,1
34486.886,2,364370,250,761040,-1
34486.945,1,371624,250,761440,-1
34487.878,1,372211,1000,760900,-1
34488.541,1,372621,1000,760800,-1
34488.677,2,372211,1000,760900,-1
34488.853,2,371624,250,761440,-1
34488.888,1,372839,250,761040,-1
34488.933,1,372874,1000,760600,-1
34489.017,2,372621,1000,760800,-1
34489.871,2,364367,500,757640,1
34490.301,2,372839,250,761040,-1
34490.303,1,373707,250,758040,1
34490.336,1,373724,250,761440,-1
34490.352,2,373707,250,758040,1
34490.385,1,373755,500,757640,1
34491.202,2,373755,500,757640,1
34491.237,1,374350,250,758040,1
34491.259,2,374350,250,758040,1
34491.3,1,374403,500,757640,1
34491.722,2,374403,500,757640,1
34491.776,1,374754,250,758040,1
34493.284,2,374754,250,758040,1
34493.317,1,375683,500,758040,1
34493.692,2,375683,500,758040,1
34493.726,1,375999,250,758040,1
34495.93,2,372874,1000,760600,-1
34501.176,1,380256,1000,760500,-1
34503.585,2,375999,250,758040,1
34503.617,1,381387,500,758040,1
34503.776,2,373724,250,761440,-1
34503.822,1,381507,250,761840,-1
34503.932,2,381507,250,761840,-1
34503.996,1,381611,250,761440,-1
34508.052,2,381387,500,758040,1
34508.087,1,384412,250,758040,1
34508.261,2,384412,250,758040,1
34508.301,1,384557,500,757640,1
34508.615,2,381611,250,761440,-1
34508.649,1,384823,250,761040,-1
34509.431,1,385341,1000,760200,-1
34509.517,2,380256,1000,760500,-1
34509.708,5,385354,200,760150,-1
34509.708,4,385341,300,760200,-1
34512.35,2,384557,500,757640,1
34512.414,1,387350,250,757640,1
34513.236,2,385341,700,760200,-1
34514.763,2,387350,250,757640,1
34514.795,1,388894,500,757640,1
34515.797,2,384823,250,761040,-1
34515.832,1,389573,250,761440,-1
34516.891,2,388894,500,757640,1
34516.924,1,390345,500,758040,1
34517.671,1,390875,1000,760600,-1
34517.761,2,390875,1000,760600,-1
34519.244,2,390345,500,758040,1
34519.245,2,389573,250,761440,-1
34519.276,1,391903,500,757640,1
34519.279,1,391909,250,761040,-1
34520.469,1,392724,1000,760600,-1
34524.032,4,392724,1000,760600,-1
34527.403,2,391903,500,757640,1
34527.436,1,396904,250,757640,1
34527.579,2,396904,250,757640,1
34527.619,1,397016,500,757640,1
34527.818,2,397016,500,757640,1
34527.858,1,397191,250,757640,1
34527.874,2,397191,250,757640,1
34527.905,1,397223,500,757640,1
34536.912,2,8513,100,796900,-1
34537.272,2,8512,100,706700,1
34545.468,1,408374,1200,760000,1
34553.625,2,397223,500,757640,1
34553.627,2,391909,250,761040,-1
34554.126,1,414030,500,757240,1
34554.187,1,414089,250,760640,-1
34557.448,2,408374,1200,760000,1
34566.246,5,421476,200,760600,-1
34566.334,2,414030,500,757240,1
34566.337,2,414089,250,760640,-1
34566.368,1,421691,250,757640,1
34566.383,1,421700,250,761040,-1
34569.909,2,421691,250,757640,1
34569.944,1,423645,500,757640,1
34572.813,2,423645,500,757640,1
34572.851,1,425724,500,757240,1
34575.486,1,427656,100,760900,-1
34576.755,2,421700,250,761040,-1
34576.808,1,428497,250,760640,-1
34579.767,2,427656,100,760900,-1
34579.768,1,430368,100,759800,1
34581.237,2,430368,100,759800,1
34581.24,1,431251,100,760900,-1
34581.677,2,431251,100,760900,-1
34581.873,1,431578,100,759800,1
34581.99,2,425724,500,757240,1
34581.992,2,428497,250,760640,-1
34582.044,1,431689,250,757640,1
34582.083,1,431712,250,761040,-1
34583.258,2,431578,100,759800,1
34583.36,1,432432,100,760900,-1
34583.791,2,432432,100,760900,-1
34583.893,1,432775,100,759800,1
34584.142,2,432775,100,759800,1
34584.537,1,433260,100,759800,1
34584.911,2,431689,250,757640,1
34584.913,2,431712,250,761040,-1
34584.947,1,433563,500,757240,1
34584.951,1,433566,250,760640,-1
34586.065,2,433260,100,759800,1
34586.068,1,434291,100,760900,-1
34587.348,2,434291,100,760900,-1
34587.349,1,435069,100,759800,1
34588.5,2,435069,100,759800,1
34588.688,1,435918,100,760900,-1
34594.151,2,297350,400,761500,-1
34595.415,5,433583,300,760600,-1
34595.415,4,433566,200,760640,-1
34595.771,2,433563,500,757240,1
34595.772,2,433566,50,760640,-1
34595.895,1,440248,250,759080,1
34595.898,1,440250,250,760640,-1
34596.821,1,440806,100,760700,-1
34597.137,2,435918,100,760900,-1
34597.74,2,440806,100,760700,-1
34597.741,1,441548,100,760900,-1
34598.015,1,441735,1000,760640,-1
34598.42,1,442070,100,760700,-1
34598.752,2,441548,100,760900,-1
34598.759,2,441735,1000,760640,-1
34600.24,1,443638,1000,760600,-1
34600.497,2,443638,1000,760600,-1
34602.207,1,445231,1000,760600,-1
34604.613,1,446966,1000,760510,-1
34604.723,2,445231,1000,760600,-1
34606.174,2,442070,100,760700,-1
34606.556,1,448330,100,760800,-1
34607.13,2,448330,100,760800,-1
34607.13,1,448718,100,760600,-1
34608.921,2,440248,250,759080,1
34608.922,2,440250,250,760640,-1
34608.957,1,450012,250,758680,1
34608.96,1,450015,250,760510,-1
34611.295,1,451847,1200,760000,1
34611.316,2,450015,250,760510,-1
34613.346,2,448718,100,760600,-1
34613.348,1,453371,100,760800,-1
34613.621,1,453587,250,760640,-1
34614.399,5,451861,200,760050,1
34614.399,4,451847,800,760000,1
34614.878,4,451847,400,760000,1
34615.128,2,450012,250,758680,1
34615.175,1,455050,250,758280,1
34616.077,2,455050,250,758280,1
34616.12,1,455827,250,758680,1
34616.901,2,446966,1000,760510,-1
34618.855,2,455827,250,758680,1
34618.897,1,457752,250,758280,1
34622.175,2,457752,250,758280,1
34622.207,1,459895,250,758680,1
34622.419,1,460047,1000,760300,-1
34624.741,2,8147,100,789400,-1
34625.064,2,8144,100,714200,1
34631.91,2,459895,250,758680,1
34631.912,2,453587,250,760640,-1
34631.948,1,466505,250,758280,1
34631.954,1,466511,250,760300,-1
34633.745,2,460047,1000,760300,-1
34635.247,2,466505,250,758280,1
34635.28,1,468707,250,757880,1
34635.32,2,466511,250,760300,-1
34635.36,1,468778,250,760210,-1
34639.327,1,471238,100,760600,-1
34639.516,2,453371,100,760800,-1
34642.049,2,468707,250,757880,1
34642.051,2,468778,250,760210,-1
34642.082,1,473314,250,757480,1
34642.086,1,473319,250,760210,-1
34643.068,1,474116,1000,760210,-1
34645.142,2,473319,250,760210,-1
34645.145,2,474116,1000,760210,-1
34645.295,1,475903,250,760010,-1
34646.454,1,476775,800,759220,1
34646.477,1,476790,1200,761000,-1
34646.803,1,477072,500,760000,-1
34647.018,1,477234,800,760380,-1
34647.018,2,473314,250,757480,1
34647.021,2,475903,250,760010,-1
34647.053,1,477265,250,757880,1
34647.056,1,477269,250,760010,-1
34647.912,2,477234,800,760380,-1
34648.017,1,477839,800,760280,-1
34648.143,2,477265,250,757880,1
34648.174,1,477909,250,757480,1
34648.184,2,477269,250,760010,-1
34648.304,1,477987,250,759910,-1
34648.337,2,477987,250,759910,-1
34648.378,1,478041,250,759910,-1
34648.701,2,476775,800,759220,1
34648.795,1,478358,800,759120,1
34649.77,2,478358,800,759120,1
34649.88,1,479073,800,759220,1
34650.205,2,477839,800,760280,-1
34650.424,1,479409,800,760380,-1
34650.915,2,477072,500,760000,-1
34652.379,1,480684,300,755200,1
34652.471,1,480719,300,765400,-1
34652.642,2,480684,300,755200,1
34652.741,2,480719,300,765400,-1
34652.979,1,481072,1000,760000,-1
34653.896,2,479073,800,759220,1
34653.953,1,481715,800,759320,1
34654.276,2,481715,800,759320,1
34654.279,2,479409,800,760380,-1
34654.322,2,471238,100,760600,-1
34654.425,2,477909,250,757480,1
34654.426,2,478041,250,759910,-1
34654.458,1,482080,250,757080,1
34654.461,1,482081,250,759910,-1
34654.464,1,482087,100,759500,1
34654.503,1,482135,800,759520,1
34655.049,1,482488,800,760680,-1
34655.122,2,482080,250,757080,1
34655.584,2,482081,250,759910,-1
34655.586,1,482860,250,757480,1
34655.617,1,482883,250,759910,-1
34657.553,2,482135,800,759520,1
34657.563,2,482488,800,760680,-1
34657.596,1,484077,800,759720,1
34657.648,1,484127,100,759800,1
34657.789,2,482087,100,759500,1
34658.051,2,484127,100,759800,1
34658.143,1,484428,800,760880,-1
34658.24,1,484513,100,759700,1
34659.205,2,484428,800,760880,-1
34659.312,1,485316,800,760780,-1
34659.66,2,484077,800,759720,1
34659.669,4,484513,100,759700,1
34659.827,1,485661,100,760400,-1
34659.877,1,485689,800,759620,1
34660.023,2,482883,250,759910,-1
34660.102,1,485828,250,760000,-1
34660.363,1,486036,100,760400,-1
34660.403,2,485828,250,760000,-1
34660.452,1,486103,250,760000,-1
34660.521,2,482860,250,757480,1
34660.693,1,486344,250,757880,1
34660.795,1,486420,1000,760000,-1
34661.152,2,486420,1000,760000,-1
34661.737,2,485316,800,760780,-1
34661.843,1,487123,800,760680,-1
34661.901,4,485689,300,759620,1
34662.047,2,485689,500,759620,1
34662.051,2,487123,800,760680,-1
34662.154,2,486344,250,757880,1
34662.187,1,487332,250,757480,1
34662.251,2,487332,250,757480,1
34662.264,2,486103,250,760000,-1
34662.293,1,487419,250,757080,1
34662.312,2,487419,250,757080,1
34662.315,1,487440,250,760000,-1
34662.392,1,487497,300,760180,-1
34662.441,1,487535,250,757480,1
34662.639,2,487440,250,760000,-1
34662.674,1,487727,250,760000,-1
34662.837,2,487535,250,757480,1
34662.879,1,487890,250,757080,1
34662.943,1,487939,800,759420,1
34663.256,2,487727,250,760000,-1
34663.293,5,487958,100,759470,1
34663.293,4,487939,150,759420,1
34663.414,4,487939,250,759420,1
34663.505,2,487890,250,757080,1
34663.508,1,488392,250,759440,-1
34663.541,1,488418,250,757480,1
34663.68,2,488418,250,757480,1
34663.68,2,488392,250,759440,-1
34663.721,1,488582,250,757880,1
34663.723,1,488585,250,760080,-1
34663.785,2,488582,250,757880,1
34663.791,2,481072,1000,760000,-1
34663.881,2,487939,400,759420,1
34663.926,1,488731,700,759980,-1
34663.963,2,487497,300,760180,-1
34665.308,1,489517,250,757880,1
34665.909,2,489517,250,757880,1
34665.911,2,488585,250,760080,-1
34665.942,1,489887,250,757480,1
34665.944,1,489890,250,759680,-1
34666.253,1,490158,100,760300,-1
34666.565,2,485661,100,760400,-1
34666.732,2,489887,250,757480,1
34666.734,2,489890,250,759680,-1
34666.773,1,490517,250,757880,1
34666.776,1,490518,250,760080,-1
34666.841,1,490583,100,760300,-1
34667.123,2,486036,100,760400,-1
34667.447,1,491003,700,759680,-1
34667.451,2,488731,700,759980,-1
34667.696,2,490518,250,760080,-1
34667.776,1,491243,250,760480,-1
34668.703,2,491243,250,760480,-1
34668.735,1,491858,250,760880,-1
34670.275,2,490517,250,757880,1
34670.277,2,491858,250,760880,-1
34670.322,1,493006,250,758280,1
34670.326,1,493011,250,761280,-1
34670.477,5,491018,200,759630,-1
34670.477,4,491003,300,759680,-1
34670.502,4,491003,400,759680,-1
34670.549,1,493187,400,759480,-1
34670.561,4,493187,100,759480,-1
34670.635,2,493187,300,759480,-1
34671.083,1,493548,100,759420,1
34671.119,5,493559,200,759470,1
34671.119,4,493548,100,759420,1
34671.625,1,493895,800,758620,1
34672.167,2,490158,100,760300,-1
34672.167,1,494184,100,760200,-1
34672.178,1,494188,800,760180,-1
34672.611,2,493895,800,758620,1
34672.721,1,494545,800,758520,1
34672.739,1,494559,100,760200,-1
34672.739,2,490583,100,760300,-1
34672.762,2,494188,800,760180,-1
34673.267,1,494892,800,760080,-1
34674.098,2,494545,800,758520,1
34674.101,2,494892,800,760080,-1
34674.14,1,495435,800,758720,1
34674.194,2,494559,100,760200,-1
34674.194,2,494184,100,760200,-1
34674.197,1,495493,100,760500,-1
34674.702,1,495957,800,760280,-1
34674.761,1,496001,100,760400,-1
34674.963,2,495493,100,760500,-1
34675.307,1,496385,100,759700,1
34675.362,2,495435,800,758720,1
34675.47,1,496508,800,758620,1
34675.755,2,496508,800,758620,1
34675.887,1,496820,100,760400,-1
34676.016,1,496906,800,758720,1
34676.495,4,496385,100,759700,1
34677.77,2,496906,800,758720,1
34677.875,1,498073,800,758620,1
34678.17,2,495957,800,760280,-1
34678.427,1,498324,800,760180,-1
34679.593,2,498073,800,758620,1
34679.595,2,498324,800,760180,-1
34679.626,1,499000,800,758320,1
34679.726,1,499082,100,760100,-1
34679.833,2,496001,100,760400,-1
34679.833,2,496820,100,760400,-1
34680.188,1,499396,800,759880,-1
34680.277,1,499480,100,760100,-1
34681.003,2,499000,800,758320,1
34681.007,2,499396,800,759880,-1
34681.052,1,499980,800,758520,1
34681.103,2,499480,100,760100,-1
34681.105,2,499082,100,760100,-1
34681.108,1,500007,100,760400,-1
34681.593,1,500307,800,760080,-1
34681.742,1,500407,100,760300,-1
34682.093,2,500007,100,760400,-1
34682.279,1,500812,100,760300,-1
34682.822,2,493006,250,758280,1
34682.824,2,493011,250,761280,-1
34682.855,1,501170,250,757880,1
34682.858,1,501174,250,760880,-1
34683.995,1,501942,1000,759400,-1
34684.838,2,499980,800,758520,1
34684.88,1,502574,800,758420,1
34685.753,2,500307,800,760080,-1
34685.86,1,503174,800,759980,-1
34686.137,1,503336,100,760200,-1
34686.469,2,500407,100,760300,-1
34686.809,1,503782,100,760200,-1
34686.991,2,500812,100,760300,-1
34687.498,1,504119,700,758900,1
34687.601,5,504137,200,759380,-1
34687.601,4,501942,800,759400,-1
34688.028,2,501170,250,757880,1
34688.03,2,501174,250,760880,-1
34688.068,1,504545,250,758280,1
34688.071,1,504547,250,761280,-1
34690.395,2,503174,800,759980,-1
34692.514,2,502574,800,758420,1
34692.536,1,507259,800,759780,-1
34692.604,1,507307,100,759900,-1
34692.851,1,507495,1000,759300,-1
34693.081,1,507610,800,758220,1
34693.167,2,503782,100,760200,-1
34693.167,1,507667,100,759900,-1
34693.168,2,503336,100,760200,-1
34695.574,2,125368,500,785600,-1
34696.117,2,504119,700,758900,1
34696.398,2,507610,800,758220,1
34696.401,2,507259,800,759780,-1
34696.485,1,509409,800,758420,1
34696.492,2,507307,100,759900,-1
34696.492,2,507667,100,759900,-1
34696.619,1,509485,100,760100,-1
34696.766,2,509409,800,758420,1
34697.031,1,509715,800,758420,1
34697.125,5,507494,100,759290,-1
34697.154,2,507495,1000,759300,-1
34697.581,1,509981,800,759980,-1
34697.721,1,510074,100,760100,-1
34698.128,2,509715,800,758420,1
34698.136,2,509981,800,759980,-1
34698.148,1,510293,800,758120,1
34698.205,1,510328,100,759800,-1
34698.239,2,510293,800,758120,1
34698.354,2,510328,100,759800,-1
34698.671,1,510551,800,758120,1
34698.739,1,510575,100,759800,-1
34699.22,1,510812,800,759680,-1
34699.275,2,509485,100,760100,-1
34699.331,1,510873,100,759800,-1
34699.638,2,504545,250,758280,1
34699.64,2,504547,250,761280,-1
34699.67,1,511073,250,758680,1
34699.696,1,511091,250,761680,-1
34699.787,2,510074,100,760100,-1
34700.245,2,510575,100,759800,-1
34700.246,1,511446,100,759900,-1
34700.249,2,510873,100,759800,-1
34700.406,2,511446,100,759900,-1
34700.889,1,511809,100,760000,-1
34701.381,1,512078,100,760000,-1
34701.963,2,511073,250,758680,1
34701.964,2,511091,250,761680,-1
34702.002,1,512438,250,759080,1
34702.006,1,512441,250,762080,-1
34702.183,4,512438,250,759080,1
34702.333,1,512674,250,759080,1
34702.484,4,512674,250,759080,1
34702.484,1,512763,150,758900,-1
34702.538,2,512763,150,758900,-1
34702.569,2,512441,250,762080,-1
34702.602,1,512820,250,759080,1
34702.615,1,512830,250,760640,-1
34702.89,2,512820,250,759080,1
34702.89,2,512830,250,760640,-1
34702.955,1,513094,250,758680,1
34702.956,1,513096,250,760640,-1
34702.998,2,513096,250,760640,-1
34703.045,1,513145,375,760640,-1
34703.063,2,513094,250,758680,1
34703.065,2,513145,375,760640,-1
34703.097,1,513171,250,758280,1
34703.1,1,513173,375,760240,-1
34705.686,2,510551,800,758120,1
34705.69,2,510812,800,759680,-1
34705.704,1,514812,800,759780,-1
34705.899,1,515000,800,758320,1
34706.192,1,515236,800,758220,1
34706.255,2,515000,800,758320,1
34706.759,1,515602,100,759900,-1
34706.879,2,511809,100,760000,-1
34707.296,1,515904,100,759900,-1
34707.38,2,512078,100,760000,-1
34708.084,2,514812,800,759780,-1
34708.085,2,513171,250,758280,1
34708.086,2,513173,375,760240,-1
34708.112,1,516333,800,759880,-1
34708.122,1,516342,250,758680,1
34708.125,1,516344,375,760640,-1
34708.422,2,515236,800,758220,1
34708.644,1,516687,800,758320,1
34709.342,1,517141,700,758900,1
34709.65,2,516344,375,760640,-1
34709.682,1,517348,250,760640,-1
34711.006,1,518166,1000,759300,-1
34711.466,2,517348,250,760640,-1
34711.505,1,518525,375,760640,-1
34711.915,2,516687,800,758320,1
34711.92,2,516333,800,759880,-1
34711.926,1,518826,800,758620,1
34711.959,2,515602,100,759900,-1
34711.96,2,515904,100,759900,-1
34711.963,1,518852,100,760100,-1
34712.598,1,519335,100,760100,-1
34712.722,2,518166,1000,759300,-1
34712.857,1,519563,800,760180,-1
34712.879,2,518826,800,758620,1
34712.897,2,519563,800,760180,-1
34713.131,1,519767,100,759900,-1
34713.216,2,518525,375,760640,-1
34713.248,1,519839,250,760640,-1
34713.347,1,519898,800,759880,-1
34713.66,1,520140,100,759100,1
34713.66,2,518852,100,760100,-1
34714.208,2,519335,100,760100,-1
34714.208,1,520491,100,759900,-1
34714.223,2,519898,800,759880,-1
34714.33,1,520604,800,759980,-1
34715.117,1,521193,100,759800,-1
34715.127,2,520604,800,759980,-1
34715.165,2,520491,100,759900,-1
34715.17,2,519767,100,759900,-1
34715.178,2,517141,700,758900,1
34715.309,2,521193,100,759800,-1
34715.314,1,521335,800,758620,1
34715.692,1,521576,100,760100,-1
34715.873,1,521700,800,760180,-1
34716.054,2,519839,250,760640,-1
34716.089,1,521843,375,760640,-1
34716.315,1,521996,100,759300,1
34716.346,4,501942,200,759400,-1
34716.353,2,520140,100,759100,1
34716.855,1,522349,100,760100,-1
34716.986,2,516342,250,758680,1
34716.988,2,521843,375,760640,-1
34717.019,1,522459,250,758280,1
34717.023,1,522464,250,760240,-1
34718.039,2,521576,100,760100,-1
34718.039,1,523131,100,760000,-1
34718.535,2,522464,250,760240,-1
34718.583,1,523402,375,760240,-1
34718.584,1,523405,100,760000,-1
34718.586,2,522349,100,760100,-1
34718.597,2,523402,375,760240,-1
34718.629,1,523428,250,760240,-1
34719.015,2,522459,250,758280,1
34719.017,2,523428,250,760240,-1
34719.055,1,523697,250,758680,1
34719.057,1,523698,250,760640,-1
34719.932,5,522019,100,759350,1
34721.181,2,523698,250,760640,-1
34721.182,2,521335,800,758620,1
34721.185,2,521700,800,760180,-1
34721.223,1,525101,375,760640,-1
34721.224,1,525102,800,758920,1
34721.269,2,523131,100,760000,-1
34721.27,1,525133,100,760200,-1
34721.27,2,523405,100,760000,-1
34721.561,2,525102,800,758920,1
34721.774,1,525508,800,758820,1
34721.863,1,525582,100,759500,1
34721.967,2,521996,100,759300,1
34722.32,1,525952,800,760480,-1
34722.331,2,525101,375,760640,-1
34722.434,1,526030,250,760640,-1
34722.503,2,526030,250,760640,-1
34722.51,1,526081,100,760200,-1
34722.537,1,526106,375,760640,-1
34722.711,2,525508,800,758820,1
34722.714,2,525952,800,760480,-1
34722.743,2,525582,100,759500,1
34722.862,1,526348,800,760180,-1
34722.915,1,526394,100,760000,-1
34723.051,2,525133,100,760200,-1
34723.172,2,526106,375,760640,-1
34723.212,1,526600,250,760640,-1
34723.407,1,526750,800,758620,1
34723.515,1,526832,100,759200,1
34723.583,2,526750,800,758620,1
34724.044,1,527232,100,760000,-1
34724.171,1,527329,800,758520,1
34724.183,2,526081,100,760200,-1
34725.707,2,526348,800,760180,-1
34725.814,1,528384,800,760080,-1
34727.095,1,529151,1000,759310,-1
34727.119,5,526855,100,759240,1
34727.232,4,529151,50,759310,-1
34727.492,1,529359,100,759900,-1
34727.828,4,526832,100,759200,1
34727.855,2,526394,100,760000,-1
34727.966,1,529615,100,759900,-1
34728.402,2,527232,100,760000,-1
34728.584,4,529151,500,759310,-1
34728.657,2,527329,800,758520,1
34728.66,2,528384,800,760080,-1
34728.664,1,529994,800,758720,1
34728.711,2,529615,100,759900,-1
34728.711,1,530031,100,760200,-1
34728.714,2,529359,100,759900,-1
34729.206,1,530369,800,760280,-1
34729.281,1,530412,100,760200,-1
34729.406,2,523697,250,758680,1
34729.407,2,526600,250,760640,-1
34729.441,1,530520,250,759080,1
34729.444,1,530524,375,761040,-1
34729.494,2,529994,800,758720,1
34729.536,2,529151,450,759310,-1
34729.75,1,530861,800,758620,1
34729.825,1,530931,100,760100,-1
34730.208,2,530524,375,761040,-1
34730.244,2,530031,100,760200,-1
34730.25,1,531195,250,761040,-1
34730.369,1,531297,100,760100,-1
34730.779,2,530412,100,760200,-1
34731.061,2,530369,800,760280,-1
34731.174,1,531902,800,760180,-1
34733.374,2,530520,250,759080,1
34733.376,2,531195,250,761040,-1
34733.408,1,533298,250,759480,1
34733.412,1,533302,375,761440,-1
34733.507,2,530931,100,760100,-1
34733.508,2,531297,100,760100,-1
34733.508,1,533383,100,760400,-1
34734.098,1,533792,100,760400,-1
34734.322,2,531902,800,760180,-1
34734.368,1,534011,800,760280,-1
34734.633,2,533298,250,759480,1
34734.635,2,533302,375,761440,-1
34734.67,1,534253,250,759080,1
34734.673,1,534255,250,761040,-1
34734.721,1,534305,100,760100,-1
34734.746,2,534255,250,761040,-1
34734.784,1,534374,375,761040,-1
34735.016,2,534011,800,760280,-1
34735.126,1,534618,800,760180,-1
34735.161,2,533383,100,760400,-1
34735.293,1,534708,100,760100,-1
34735.687,2,533792,100,760400,-1
34737.592,2,530861,800,758620,1
34737.601,2,534618,800,760180,-1
34737.65,1,536096,800,758820,1
34737.655,2,534305,100,760100,-1
34737.655,2,534708,100,760100,-1
34737.656,1,536105,100,760300,-1
34738.199,1,536515,800,760380,-1
34738.285,1,536565,100,760300,-1
34738.722,2,534253,250,759080,1
34738.723,2,534374,375,761040,-1
34738.797,1,536925,500,757240,1
34738.801,1,536931,250,760640,-1
34739.102,2,536096,800,758820,1
34739.172,1,537191,800,758720,1
34739.191,2,536515,800,760380,-1
34739.719,1,537548,800,760280,-1
34739.721,1,537549,100,760000,-1
34739.739,2,537191,800,758720,1
34739.759,2,537548,800,760280,-1
34739.972,2,536925,500,757240,1
34739.973,2,536931,250,760640,-1
34740.011,1,537820,500,757640,1
34740.013,1,537825,250,761040,-1
34740.056,2,537820,500,757640,1
34740.103,2,536105,100,760300,-1
34740.113,1,537896,250,757640,1
34740.268,1,537998,800,758420,1
34740.307,2,537998,800,758420,1
34740.651,2,536565,100,760300,-1
34740.812,1,538351,800,758320,1
34740.857,2,538351,800,758320,1
34741.069,2,537896,250,757640,1
34741.07,2,537825,250,761040,-1
34741.11,1,538493,500,757240,1
34741.113,1,538496,250,760640,-1
34741.36,1,538648,800,758220,1
34741.915,1,538993,800,759780,-1
34741.917,2,538648,800,758220,1
34741.953,2,538993,800,759780,-1
34742.456,1,539335,800,758120,1
34743.004,1,539663,800,759680,-1
34743.046,2,539335,800,758120,1
34743.051,1,539690,100,759900,-1
34743.276,2,539663,800,759680,-1
34743.375,2,537549,100,760000,-1
34743.549,1,539946,800,758020,1
34743.598,1,539980,100,759900,-1
34744.099,1,540284,800,759580,-1
34744.191,1,540327,100,759200,1
34744.923,4,540327,100,759200,1
34746.623,2,539946,800,758020,1
34746.736,1,541852,800,757920,1
34747.172,2,540284,800,759580,-1
34747.283,1,542196,800,759480,-1
34748.112,1,542713,500,758300,1
34749.259,1,543297,100,759800,-1
34749.514,2,539690,100,759900,-1
34749.82,1,543602,100,759800,-1
34750.143,2,539980,100,759900,-1
34751.021,2,541852,800,757920,1
34751.124,1,544477,800,757820,1
34752.328,2,542196,800,759480,-1
34752.437,1,545347,800,759380,-1
34754.63,1,546476,100,759700,-1
34755.09,2,543297,100,759800,-1
34755.185,1,546823,100,759700,-1
34755.85,2,543602,100,759800,-1
34758.062,2,544477,800,757820,1
34758.065,2,545347,800,759380,-1
34758.126,1,548383,800,758020,1
34758.145,2,546476,100,759700,-1
34758.145,2,546823,100,759700,-1
34758.146,1,548390,100,759900,-1
34758.569,1,548634,100,759900,-1
34758.674,1,548718,800,759580,-1
34759.665,2,548383,800,758020,1
34759.67,2,548718,800,759580,-1
34759.691,1,549425,800,757920,1
34759.706,1,549435,100,759800,-1
34759.903,2,549425,800,757920,1
34760.087,2,548390,100,759900,-1
34760.203,1,549717,800,757820,1
34760.245,1,549768,100,759600,-1
34760.334,2,538493,500,757240,1
34760.336,2,538496,250,760640,-1
34760.372,1,549858,250,757640,1
34760.374,1,549859,250,761040,-1
34760.657,2,548634,100,759900,-1
34760.749,1,550123,800,759380,-1
34760.757,1,550130,100,759600,-1
34760.814,2,549858,250,757640,1
34760.849,1,550218,500,757640,1
34761.218,2,549435,100,759800,-1
34761.359,1,550583,100,758800,1
34761.53,2,550123,800,759380,-1
34761.627,1,550786,800,759480,-1
34761.644,2,549717,800,757820,1
34762.17,1,551144,800,757920,1
34762.213,2,550786,800,759480,-1
34762.505,2,551144,800,757920,1
34762.67,5,550612,100,758850,1
34762.737,1,551468,800,759580,-1
34762.935,5,551473,100,758860,1
34763.063,2,551468,800,759580,-1
34763.282,1,551790,800,759680,-1
34763.831,1,552115,800,758120,1
34764.161,2,551790,800,759680,-1
34764.374,1,552553,800,759780,-1
34764.415,2,552115,800,758120,1
34764.921,1,552925,800,758220,1
34765.236,2,542713,500,758300,1
34765.965,2,552553,800,759780,-1
34766.015,1,553483,800,759880,-1
34766.382,2,552925,800,758220,1
34766.686,1,553852,800,758320,1
34769.502,1,555702,1000,759200,-1
34769.573,5,555732,100,759180,-1
34769.573,5,555700,100,759190,-1
34769.66,2,553852,800,758320,1
34769.663,2,553483,800,759880,-1
34769.745,1,555953,800,758520,1
34769.839,2,550130,100,759600,-1
34769.839,2,549768,100,759600,-1
34769.84,1,556016,100,759800,-1
34770.286,1,556334,800,760080,-1
34770.335,1,556363,100,759000,1
34770.565,2,550583,100,758800,1
34770.7,2,555702,1000,759200,-1
34770.895,1,556766,500,758800,1
34770.953,1,556785,100,759800,-1
34772.116,2,556766,500,758800,1
34772.379,2,556334,800,760080,-1
34772.484,1,557939,800,760180,-1
34772.92,2,557939,800,760180,-1
34773.033,1,558312,800,760080,-1
34773.563,2,555953,800,758520,1
34773.566,2,558312,800,760080,-1
34773.58,1,558633,800,758720,1
34773.627,2,556016,100,759800,-1
34773.628,1,558682,100,760000,-1
34773.632,2,556785,100,759800,-1
34774.124,1,559003,800,760280,-1
34774.197,2,558633,800,758720,1
34774.203,2,559003,800,760280,-1
34774.233,1,559080,100,759200,1
34774.372,2,559080,100,759200,1
34774.556,2,556363,100,759000,1
34774.675,1,559387,800,758520,1
34774.762,2,559387,800,758520,1
34774.782,1,559464,100,759700,-1
34775.003,2,558682,100,760000,-1
34775.22,1,559782,800,758420,1
34775.298,1,559846,100,759000,1
34775.479,2,549859,250,761040,-1
34775.511,1,559950,250,761440,-1
34775.765,1,560146,800,759980,-1
34775.869,1,560192,100,759700,-1
34776.555,2,550218,500,757640,1
34776.588,1,560625,500,758040,1
34777.369,2,559782,800,758420,1
34777.371,2,560146,800,759980,-1
34777.411,1,561184,800,758620,1
34777.454,2,559464,100,759700,-1
34777.454,2,560192,100,759700,-1
34777.695,1,561398,100,759900,-1
34778.02,2,559846,100,759000,1
34778.168,1,561750,100,759700,-1
34778.268,2,561398,100,759900,-1
34778.699,1,562088,100,758900,1
34778.719,1,562108,800,760180,-1
34778.765,2,561184,800,758620,1
34778.924,1,562293,800,758320,1
34778.981,2,562108,800,760180,-1
34779.061,1,562410,800,759980,-1
34779.289,1,562543,100,759700,-1
34779.691,2,562410,800,759980,-1
34779.924,1,563019,800,759880,-1
34780.405,2,560625,500,758040,1
34780.406,2,559950,250,761440,-1
34780.44,1,563388,500,758440,1
34780.443,1,563390,250,761840,-1
34781.584,2,563388,500,758440,1
34781.585,2,563390,250,761840,-1
34781.617,1,564291,500,758040,1
34781.619,1,564293,250,761440,-1
34782.251,2,562293,800,758320,1
34782.253,2,563019,800,759880,-1
34782.281,2,562088,100,758900,1
34782.283,1,564836,100,759600,-1
34782.333,1,564874,800,758220,1
34782.531,2,564836,100,759600,-1
34782.532,2,564874,800,758220,1
34782.635,2,561750,100,759700,-1
34782.875,1,565269,800,759880,-1
34783.009,1,565389,100,759700,-1
34783.203,2,565269,800,759880,-1
34783.427,1,565666,800,759980,-1
34783.518,1,565735,100,758900,1
34783.71,2,565666,800,759980,-1
34783.782,2,565735,100,758900,1
34783.979,1,566064,800,759780,-1
34784.117,1,566159,100,759400,-1
34784.16,2,565389,100,759700,-1
34784.53,1,566467,1000,759210,-1
34784.572,1,566505,800,758220,1
34784.575,4,566467,500,759210,-1
34784.619,2,566064,800,759780,-1
34784.632,2,566505,800,758220,1
34784.64,1,566575,100,759400,-1
34784.706,2,566467,500,759210,-1
34784.834,2,562543,100,759700,-1
34784.839,2,566159,100,759400,-1
34784.964,2,566575,100,759400,-1
34785.037,5,566853,300,759650,1
34785.037,1,566891,700,759500,-1
34785.078,1,566923,800,759780,-1
34785.195,2,566891,700,759500,-1
34785.234,1,567047,100,760400,-1
34785.624,1,567339,800,758220,1
34785.785,1,567482,100,760400,-1
34786.091,5,567623,400,759250,-1
34786.259,1,567863,100,759800,-1
34786.404,2,567047,100,760400,-1
34786.844,1,568337,100,759800,-1
34786.942,2,566923,800,759780,-1
34786.97,2,567482,100,760400,-1
34787.047,1,568475,800,759880,-1
34787.598,2,567339,800,758220,1
34787.706,1,568995,800,758320,1
34789.274,2,567863,100,759800,-1
34789.274,1,570211,100,760400,-1
34789.276,2,568337,100,759800,-1
34789.789,1,570657,100,760400,-1
34789.846,2,568475,800,759880,-1
34789.902,1,570766,800,759980,-1
34790.224,2,568995,800,758320,1
34790.367,1,571175,100,759400,-1
34790.44,1,571219,800,758420,1
34790.774,2,570211,100,760400,-1
34790.795,2,564291,500,758040,1
34790.798,2,564293,250,761440,-1
34790.828,1,571576,500,757640,1
34790.832,1,571583,250,761040,-1
34790.981,1,571696,100,759400,-1
34791.403,4,571175,100,759400,-1
34791.403,4,571696,100,759400,-1
34791.443,2,570657,100,760400,-1
34791.583,1,572156,100,759400,-1
34791.717,1,572276,1000,759800,-1
34791.731,2,571219,800,758420,1
34791.735,2,570766,800,759980,-1
34791.75,1,572306,800,759780,-1
34792.089,1,572571,100,759200,-1
34792.297,1,572703,800,758220,1
34792.628,1,572921,100,759200,-1
34792.705,4,572571,90,759200,-1
34792.775,4,572571,10,759200,-1
34792.775,4,572921,90,759200,-1
34793.097,2,572156,100,759400,-1
34793.232,1,573443,100,759200,-1
34793.756,2,573443,100,759200,-1
34793.756,2,572921,10,759200,-1
34793.756,1,573822,100,759400,-1
34793.884,2,572703,800,758220,1
34793.887,2,572306,800,759780,-1
34793.905,1,573939,800,758420,1
34794.099,2,571576,500,757640,1
34794.101,2,571583,250,761040,-1
34794.14,1,574182,500,757240,1
34794.142,1,574185,250,760640,-1
34794.284,1,574342,800,759980,-1
34794.31,1,574363,100,759400,-1
34795.771,2,574182,500,757240,1
34795.773,2,574185,250,760640,-1
34795.806,1,575435,250,757640,1
34795.815,1,575442,250,761040,-1
34795.849,2,573822,100,759400,-1
34795.849,1,575471,100,759800,-1
34795.85,2,574363,100,759400,-1
34796.38,1,575800,100,759400,-1
34796.563,2,574342,800,759980,-1
34796.671,1,575958,800,760080,-1
34796.926,2,575471,100,759800,-1
34797.025,2,575800,100,759400,-1
34797.025,1,576169,100,759800,-1
34797.222,2,576169,100,759800,-1
34797.268,2,573939,800,758420,1
34797.271,2,575958,800,760080,-1
34797.351,1,576381,800,760280,-1
34797.452,1,576453,100,760400,-1
34797.699,2,575435,250,757640,1
34797.734,1,576679,500,757240,1
34797.873,2,576381,800,760280,-1
34797.895,1,576807,800,760080,-1
34797.948,1,576844,100,759800,-1
34798.01,2,576807,800,760080,-1
34798.122,2,576844,100,759800,-1
34798.45,1,577215,800,760280,-1
34798.452,1,577216,100,758900,1
34798.58,2,576679,500,757240,1
34798.614,1,577352,500,757640,1
34798.983,1,577656,800,758720,1
34798.995,1,577662,100,760400,-1
34799.096,2,577215,800,760280,-1
34799.534,1,578014,800,760380,-1
34799.613,2,572276,1000,759800,-1
34800.03,2,576453,100,760400,-1
34800.03,1,578282,100,759700,-1
34800.084,2,577656,800,758720,1
34800.296,1,578455,800,758820,1
34800.46,1,578562,1000,759700,-1
34800.577,2,578455,800,758820,1
34800.633,2,577662,100,760400,-1
34800.634,1,578649,100,759700,-1
34801.184,1,579022,800,758720,1
34802.088,1,579598,100,759600,-1
34802.211,2,578282,100,759700,-1
34802.602,1,579912,100,759600,-1
34802.696,2,579022,800,758720,1
34802.705,2,578014,800,760380,-1
34802.711,1,579992,800,760180,-1
34802.835,2,577216,100,758900,1
34802.838,2,578649,100,759700,-1
34802.904,2,579992,800,760180,-1
34803.103,1,580285,800,760500,-1
34803.105,1,580287,800,757500,1
34803.147,1,580318,100,758900,1
34803.252,1,580416,800,760280,-1
34803.693,2,580285,800,760500,-1
34803.717,1,580824,800,760800,-1
34803.808,2,577352,500,757640,1
34803.81,2,575442,250,761040,-1
34803.85,1,580928,250,758040,1
34803.86,1,580938,250,761440,-1
34803.906,1,581001,800,758720,1
34803.958,2,580318,100,758900,1
34803.961,1,581054,100,759500,-1
34803.965,2,580416,800,760280,-1
34804.037,2,581001,800,758720,1
34804.347,1,581389,800,758720,1
34804.375,2,579598,100,759600,-1
34804.549,2,581054,100,759500,-1
34804.55,1,581579,100,758900,1
34804.86,2,581579,100,758900,1
34805.014,1,581973,800,760280,-1
34805.064,1,582008,100,759600,-1
34805.673,1,582483,100,758900,1
34806.839,2,580938,250,761440,-1
34806.876,1,583350,250,761840,-1
34807.405,2,580928,250,758040,1
34807.438,1,583737,250,758440,1
34807.9,2,581389,800,758720,1
34807.906,2,581973,800,760280,-1
34807.971,1,584110,800,760380,-1
34807.992,2,582008,100,759600,-1
34807.992,2,579912,100,759600,-1
34808.125,1,584217,100,759700,-1
34808.183,2,584110,800,760380,-1
34808.235,2,582483,100,758900,1
34808.363,2,584217,100,759700,-1
34808.514,1,584471,800,758920,1
34808.626,1,584551,100,759800,-1
34809.061,1,584838,800,760480,-1
34809.253,1,584962,100,759100,1
34809.533,2,578562,1000,759700,-1
34809.893,1,585452,100,759800,-1
34810.729,2,583737,250,758440,1
34810.731,2,583350,250,761840,-1
34810.769,1,586014,500,758040,1
34810.773,1,586018,250,761440,-1
34811.547,2,580824,800,760800,-1
34811.573,1,586663,800,760400,-1
34811.58,2,584962,100,759100,1
34811.785,1,586826,100,759000,1
34811.967,2,580287,800,757500,1
34811.982,1,586954,800,757000,1
34812.475,1,587227,1000,759300,1
34812.99,2,586018,250,761440,-1
34813.029,1,587526,250,761840,-1
34813.09,2,586014,500,758040,1
34813.122,1,587579,250,758440,1
34813.407,5,587230,200,759360,1
34813.407,5,587236,200,759320,1
34813.407,4,587227,600,759300,1
34813.771,2,587227,400,759300,1
34814.509,2,587579,250,758440,1
34814.542,1,588521,500,758040,1
34814.766,1,588733,1000,759700,-1
34816.049,2,586826,100,759000,1
34816.091,2,588521,500,758040,1
34816.124,1,589636,500,758440,1
34816.381,2,584471,800,758920,1
34816.384,2,584838,800,760480,-1
34816.39,1,589888,800,760280,-1
34816.432,2,588733,1000,759700,-1
34816.621,2,585452,100,759800,-1
34816.622,1,590050,100,760400,-1
34816.626,2,584551,100,759800,-1
34816.678,1,590108,800,758620,1
34817.204,1,590451,100,760400,-1
34817.498,2,590108,800,758620,1
34817.609,1,590665,800,758720,1
34818.049,2,590665,800,758720,1
34818.052,2,589888,800,760280,-1
34818.165,1,591056,800,758620,1
34818.702,1,591421,800,760180,-1
34818.978,2,586663,800,760400,-1
34818.987,1,591607,800,760000,-1
34820.345,1,592650,800,758520,1
34820.349,2,591056,800,758620,1
34820.424,2,592650,800,758520,1
34820.43,2,591421,800,760180,-1
34820.912,1,593019,800,758520,1
34821.456,1,593382,800,760080,-1
34821.631,1,593503,1000,759700,-1
34821.749,2,589636,500,758440,1
34821.781,1,593640,250,758440,1
34821.823,2,593503,1000,759700,-1
34823.578,2,593640,250,758440,1
34823.611,1,594874,500,758040,1
34823.758,2,587526,250,761840,-1
34823.791,1,595047,250,761440,-1
34824.268,2,593019,800,758520,1
34824.275,2,593382,800,760080,-1
34824.346,1,595505,100,758900,1
34824.453,1,595618,800,758520,1
34824.558,2,595505,100,758900,1
34824.743,2,595618,800,758520,1
34824.954,1,596074,800,758820,1
34825.031,1,596135,100,759000,1
34825.116,2,594874,500,758040,1
34825.117,2,595047,250,761440,-1
34825.15,1,596209,250,758440,1
34825.152,1,596211,250,761840,-1
34825.288,2,596209,250,758440,1
34825.32,1,596354,500,758440,1
34825.505,1,596530,800,760380,-1
34825.869,2,591607,800,760000,-1
34825.875,1,596855,800,759800,-1
34826.249,1,597119,100,759800,-1
34826.44,2,590050,100,760400,-1
34826.668,2,596855,800,759800,-1
34826.693,1,597410,800,760000,-1
34826.775,1,597477,100,759800,-1
34826.996,2,590451,100,760400,-1
34827.708,2,596074,800,758820,1
34827.812,1,598206,800,758720,1
34829.494,2,597410,800,760000,-1
34829.522,1,599496,800,760100,-1
34830.141,2,596530,800,760380,-1
34830.25,1,600003,800,760280,-1
34830.786,2,598206,800,758720,1
34830.79,2,600003,800,760280,-1
34830.844,1,600467,800,759020,1
34830.85,2,597119,100,759800,-1
34830.85,2,597477,100,759800,-1
34830.983,1,600583,100,760000,-1
34831.47,1,600946,100,759200,1
34831.613,1,601074,800,760580,-1
34831.624,2,600467,800,759020,1
34831.923,1,601343,800,758920,1
34831.934,2,596135,100,759000,1
34832.009,2,596354,500,758440,1
34832.011,2,596211,250,761840,-1
34832.045,2,599496,800,760100,-1
34832.052,1,601442,500,758840,1
34832.055,1,601445,250,762240,-1
34832.068,1,601457,800,760300,-1
34832.109,1,601495,100,760000,-1
34832.467,2,601343,800,758920,1
34832.596,1,601868,800,759020,1
34833.03,2,601868,800,759020,1
34833.14,1,602220,800,758920,1
34833.839,1,602782,100,759900,-1
34834.187,2,600583,100,760000,-1
34834.354,5,600952,200,759260,1
34834.354,4,600946,100,759200,1
34834.454,1,603326,100,759900,-1
34834.595,2,602220,800,758920,1
34834.6,2,601074,800,760580,-1
34834.643,1,603533,800,759220,1
34834.773,2,602782,100,759900,-1
34834.773,2,603326,100,759900,-1
34834.776,2,601495,100,760000,-1
34835.033,1,603936,100,760200,-1
34835.148,1,604047,800,760780,-1
34835.499,1,604322,100,760200,-1
34835.679,2,603533,800,759220,1
34835.692,1,604513,800,759120,1
34836.12,1,604852,100,760100,-1
34836.236,2,604047,800,760780,-1
34836.376,2,603936,100,760200,-1
34836.689,1,605299,100,760100,-1
34837.039,2,604322,100,760200,-1
34837.109,1,605599,800,760680,-1
34837.491,2,604852,100,760100,-1
34837.491,2,605299,100,760100,-1
34837.491,1,605907,100,760300,-1
34838.035,1,606362,100,760300,-1
34838.745,2,601445,250,762240,-1
34838.778,1,607009,250,763040,-1
34838.78,2,601442,500,758840,1
34838.819,1,607070,250,759240,1
34838.844,2,601457,800,760300,-1
34838.85,1,607101,800,760100,-1
34839.152,2,607070,250,759240,1
34839.185,1,607429,500,759240,1
34839.231,2,607009,250,763040,-1
34839.264,1,607498,250,762640,-1
34839.894,2,607101,800,760100,-1
34839.899,1,608179,800,760300,-1
34841.196,2,607498,250,762640,-1
34841.233,1,609363,250,763040,-1
34841.429,2,604513,800,759120,1
34841.483,1,609584,800,759020,1
34841.684,2,609363,250,763040,-1
34841.727,1,609832,250,763440,-1
34842.543,2,609584,800,759020,1
34842.545,2,605599,800,760680,-1
34842.556,1,610609,800,760380,-1
34842.938,1,610933,800,758820,1
34842.995,2,610609,800,760380,-1
34843.001,2,610933,800,758820,1
34843.011,2,607429,500,759240,1
34843.092,1,611120,250,759640,1
34843.483,1,611505,800,760380,-1
34844.052,1,612083,800,758820,1
34844.059,2,611505,800,760380,-1
34844.114,2,611120,250,759640,1
34844.148,1,612171,500,759240,1
34844.61,1,612556,800,760480,-1
34844.72,2,612556,800,760480,-1
34844.798,2,609832,250,763440,-1
34844.863,1,612803,250,763040,-1
34845.163,1,613047,800,760380,-1
34845.728,2,612171,500,759240,1
34845.77,1,613650,250,759640,1
34846.022,2,608179,800,760300,-1
34846.026,1,613870,800,760100,-1
34846.237,2,613650,250,759640,1
34846.275,1,614113,250,759240,1
34846.493,2,612803,250,763040,-1
34846.529,1,614334,250,762640,-1
34846.719,2,613047,800,760380,-1
34846.828,1,614644,800,760380,-1
34848.567,1,616238,1000,759800,-1
34849.622,1,617225,100,759100,1
34849.771,2,614113,250,759240,1
34849.804,1,617419,500,759240,1
34852.029,2,613870,800,760100,-1
34852.035,1,619057,400,759800,-1
34853.465,2,617225,100,759100,1
34853.674,1,620078,100,759000,1
34854.047,2,612083,800,758820,1
34854.178,1,620430,800,758720,1
34854.922,2,616238,1000,759800,-1
34854.926,2,619057,400,759800,-1
34854.933,1,620999,400,759700,-1
34855.794,2,614644,800,760380,-1
34855.91,1,621537,800,760280,-1
34856.31,2,617419,500,759240,1
34856.343,1,621785,250,759240,1
34857.269,2,621785,250,759240,1
34857.303,1,622405,500,758840,1
34857.344,4,620078,100,759000,1
34857.344,5,616618,300,759000,1
34857.344,1,622442,600,759000,-1
34857.35,2,620430,800,758720,1
34857.353,2,621537,800,760280,-1
34857.438,1,622482,800,760080,-1
34857.525,1,622548,100,759800,-1
34857.78,2,622482,800,760080,-1
34857.973,2,605907,100,760300,-1
34857.984,1,622843,800,758420,1
34858.139,1,622941,100,759800,-1
34858.513,2,606362,100,760300,-1
34858.754,2,622843,800,758420,1
34858.858,1,623434,800,758320,1
34859.135,1,623609,100,759600,-1
34859.444,2,622405,500,758840,1
34859.476,1,623856,250,758840,1
34859.583,2,622548,100,759800,-1
34859.731,2,614334,250,762640,-1
34859.731,1,624051,100,759600,-1
34859.777,1,624086,250,762240,-1
34860.061,2,623434,800,758320,1
34860.113,2,622941,100,759800,-1
34860.17,1,624411,800,758220,1
34860.203,1,624443,1000,759610,-1
34860.564,1,624786,300,754200,1
34860.643,1,624866,300,764600,-1
34860.703,2,624411,800,758220,1
34860.715,4,623856,200,758840,1
34860.774,1,625006,800,758020,1
34860.861,2,623856,50,758840,1
34860.894,1,625111,500,758840,1
34861.035,2,625111,500,758840,1
34861.067,1,625249,250,758840,1
34861.104,2,625249,250,758840,1
34861.107,2,624086,250,762240,-1
34861.265,1,625421,800,759610,-1
34862.709,1,626672,250,758840,1
34862.712,1,626677,250,760400,-1
34862.926,2,624443,1000,759610,-1
34862.93,2,625421,800,759610,-1
34863.353,5,626686,200,758940,-1
34863.353,4,622442,300,759000,-1
34865.093,1,628518,800,759580,-1
34865.722,2,626672,250,758840,1
34865.754,1,629022,375,758840,1
34866.764,1,629786,100,759400,-1
34867.224,2,623609,100,759600,-1
34867.389,1,630191,100,759300,-1
34867.749,2,624051,100,759600,-1
34867.922,1,630557,100,759000,-1
34868.137,2,630557,100,759000,-1
34868.247,1,630770,1000,759100,-1
34868.469,1,630940,100,759000,-1
34868.5,2,586954,800,757000,1
34868.507,1,630966,800,756300,1
34868.596,2,629022,375,758840,1
34868.599,2,626677,250,760400,-1
34868.652,5,631074,375,758960,-1
34868.656,1,631104,250,760800,-1
34868.866,2,630770,1000,759100,-1
34868.871,2,629786,100,759400,-1
34869.074,1,631423,100,759000,-1
34869.188,2,631104,250,760800,-1
34869.213,5,631426,125,758960,-1
34869.213,4,622442,125,759000,-1
34869.269,4,622442,175,759000,-1
34869.269,4,630940,100,759000,-1
34869.269,4,631423,25,759000,-1
34869.32,1,631634,250,760800,-1
34869.419,2,630191,100,759300,-1
34869.571,1,631833,100,759000,-1
34869.612,4,631423,75,759000,-1
34869.612,4,631833,100,759000,-1
34869.612,1,631861,75,759240,1
34869.621,2,631861,75,759240,1
34869.623,2,631634,250,760800,-1
34869.818,1,632046,375,760800,-1
34870.099,1,632275,250,759240,1
34870.117,1,632284,10,759600,-1
34870.133,4,632275,250,759240,1
34870.153,2,632046,375,760800,-1
34870.223,1,632356,250,758840,1
34870.225,1,632358,500,760800,-1
34870.273,2,632284,10,759600,-1
34870.743,2,632358,500,760800,-1
34870.77,2,625006,800,758020,1
34870.882,1,632875,10,760200,-1
34870.913,1,632891,500,760800,-1
34871.268,1,633179,10,760200,-1
34871.285,2,628518,800,759580,-1
34871.293,1,633195,800,757920,1
34871.35,1,633247,800,759380,-1
34871.657,2,633195,800,757920,1
34871.664,2,633247,800,759380,-1
34871.688,1,633470,800,759580,-1
34871.982,1,633668,800,758020,1
34872.795,2,633470,800,759580,-1
34872.875,1,634221,800,759680,-1
34873.173,2,633668,800,758020,1
34873.262,2,632875,10,760200,-1
34873.262,1,634472,10,759600,-1
34873.421,1,634581,800,758120,1
34873.703,2,634581,800,758120,1
34873.706,2,634221,800,759680,-1
34873.731,2,634472,10,759600,-1
34873.869,1,634872,10,759800,-1
34873.983,1,634928,800,759880,-1
34874.327,2,633179,10,760200,-1
34874.327,1,635093,10,759800,-1
34874.501,2,634928,800,759880,-1
34874.531,1,635229,800,758320,1
34875.366,1,635787,1000,759300,-1
34875.391,1,635809,800,759980,-1
34875.453,2,635229,800,758320,1
34875.52,2,632891,500,760800,-1
34875.555,1,635961,250,760800,-1
34875.652,1,636043,800,758420,1
34875.834,2,636043,800,758420,1
34875.978,2,620999,400,759700,-1
34875.982,1,636309,400,759300,-1
34876.093,2,635809,800,759980,-1
34876.202,1,636462,800,758320,1
34876.764,1,636835,800,759880,-1
34876.915,2,636462,800,758320,1
34876.924,2,636835,800,759880,-1
34877.1,1,637071,10,759600,-1
34877.163,2,634872,10,759800,-1
34877.312,1,637204,800,759680,-1
34877.36,2,637204,800,759680,-1
34877.395,2,637071,10,759600,-1
34877.592,1,637392,10,759800,-1
34877.879,1,637665,800,758320,1
34877.926,2,637665,800,758320,1
34878.202,2,635961,250,760800,-1
34878.243,1,637960,500,760800,-1
34878.558,1,638156,10,759600,-1
34878.728,2,637392,10,759800,-1
34878.866,1,638409,800,758320,1
34878.871,2,638156,10,759600,-1
34878.996,2,638409,800,758320,1
34879.008,1,638534,800,759680,-1
34879.049,1,638564,10,759600,-1
34879.217,2,638534,800,759680,-1
34879.228,2,635093,10,759800,-1
34879.29,2,638564,10,759600,-1
34879.503,1,638873,800,759680,-1
34879.617,1,638965,10,759600,-1
34880.047,1,639336,800,758120,1
34880.171,1,639434,10,759600,-1
34880.283,2,639336,800,758120,1
34880.287,2,638873,800,759680,-1
34880.289,2,638965,10,759600,-1
34880.408,2,639434,10,759600,-1
34880.598,1,639783,800,758320,1
34880.676,1,639851,10,759800,-1
34881.021,2,630966,800,756300,1
34881.06,1,640161,1100,754900,1
34881.106,2,639783,800,758320,1
34881.142,1,640212,800,759780,-1
34881.329,2,639851,10,759800,-1
34881.329,1,640344,10,759700,-1
34881.385,2,640212,800,759780,-1
34881.692,1,640627,800,759680,-1
34881.735,2,640627,800,759680,-1
34881.908,2,640344,10,759700,-1
34881.908,1,640785,10,759600,-1
34882.237,1,641042,800,759580,-1
34882.415,1,641166,10,759600,-1
34882.783,1,641493,800,758220,1
34884.619,2,641493,800,758220,1
34884.623,2,641042,800,759580,-1
34884.647,1,642880,800,759380,-1
34884.71,1,642944,10,759400,-1
34885.159,2,640785,10,759600,-1
34885.186,1,643316,800,758020,1
34885.276,2,643316,800,758020,1
34885.278,2,642880,800,759380,-1
34885.3,1,643405,10,759400,-1
34885.442,2,642944,10,759400,-1
34885.591,2,643405,10,759400,-1
34885.7,2,641166,10,759600,-1
34885.733,1,643724,800,759380,-1
34885.796,1,643762,10,759400,-1
34886.283,1,644147,800,758020,1
34886.399,1,644252,10,759400,-1
34887.229,2,632356,250,758840,1
34887.232,2,637960,500,760800,-1
34887.27,1,644819,250,758440,1
34887.274,1,644823,500,760400,-1
34889.069,2,644819,250,758440,1
34889.07,2,644823,500,760400,-1
34889.205,1,646054,250,758440,1
34889.207,1,646057,250,760400,-1
34889.35,2,646054,250,758440,1
34889.383,1,646159,250,758040,1
34892.186,2,644147,800,758020,1
34892.189,2,643724,800,759380,-1
34892.294,2,643762,10,759400,-1
34892.296,1,648229,10,759500,-1
34892.297,2,644252,10,759400,-1
34892.304,1,648239,800,758120,1
34892.432,2,648239,800,758120,1
34892.843,1,648659,800,759380,-1
34892.897,1,648699,10,759400,-1
34892.912,2,646159,250,758040,1
34892.952,1,648752,250,758440,1
34893.01,2,648229,10,759500,-1
34893.393,1,649108,800,758020,1
34893.4,1,649110,10,759400,-1
34893.406,2,648659,800,759380,-1
34893.512,2,649108,800,758020,1
34893.558,2,648699,10,759400,-1
34893.63,2,649110,10,759400,-1
34893.932,1,649542,10,759600,-1
34893.938,1,649549,800,758220,1
34894.444,1,649886,10,759600,-1
34894.491,1,649912,800,759580,-1
34894.857,2,636309,400,759300,-1
34894.863,1,650186,400,759200,-1
34895.103,2,635787,1000,759300,-1
34896.184,2,650186,400,759200,-1
34896.188,1,651080,400,759300,-1
34897.654,2,651080,400,759300,-1
34897.66,1,651906,400,759210,-1
34897.716,2,649542,10,759600,-1
34897.716,2,649886,10,759600,-1
34897.726,1,651941,10,759900,-1
34897.974,2,649549,800,758220,1
34897.979,2,649912,800,759580,-1
34897.991,1,652123,800,758420,1
34898.199,1,652285,100,758600,1
34898.304,2,652123,800,758420,1
34898.348,1,652392,800,759580,-1
34898.516,2,652285,100,758600,1
34898.72,1,652653,10,759600,-1
34898.9,1,652787,800,758220,1
34899.172,2,651941,10,759900,-1
34899.316,1,653077,10,759600,-1
34899.908,2,648752,250,758440,1
34899.91,2,646057,250,760400,-1
34899.952,1,653584,250,758040,1
34899.954,1,653588,250,760000,-1
34903.263,2,652392,800,759580,-1
34903.383,1,655987,800,759480,-1
34907.284,2,653584,250,758040,1
34907.738,2,652787,800,758220,1
34907.744,2,655987,800,759480,-1
34907.78,1,659022,800,758420,1
34907.831,2,653077,10,759600,-1
34907.833,2,652653,10,759600,-1
34907.835,1,659060,10,759900,-1
34907.904,2,653588,250,760000,-1
34907.906,1,659104,250,758440,1
34908.029,2,659022,800,758420,1
34908.297,1,659366,800,758120,1
34908.36,1,659408,10,759600,-1
34908.513,2,659060,10,759900,-1
34908.848,1,659816,800,759480,-1
34908.926,1,659870,10,759600,-1
34908.985,1,659907,250,760400,-1
34909.278,2,659366,800,758120,1
34909.391,1,660163,800,758220,1
34909.499,2,659816,800,759480,-1
34909.502,2,660163,800,758220,1
34909.558,2,659408,10,759600,-1
34909.558,2,659870,10,759600,-1
34909.558,1,660278,10,759800,-1
34909.952,1,660574,800,758320,1
34909.996,2,660574,800,758320,1
34910.053,2,660278,10,759800,-1
34910.056,1,660654,10,759900,-1
34910.498,1,661013,800,758420,1
34910.657,1,661143,100,758600,1
34911.061,1,661473,800,759780,-1
34911.235,2,659104,250,758440,1
34911.237,2,659907,250,760400,-1
34911.274,1,661623,250,758040,1
34911.277,1,661625,250,760000,-1
34911.358,1,661677,10,759900,-1
34913.714,2,661625,250,760000,-1
34913.753,1,663301,250,760400,-1
34914.104,2,661623,250,758040,1
34914.138,1,663528,250,758440,1
34914.188,2,640161,1100,754900,1
34914.215,1,663590,800,756000,1
34915.494,2,651906,400,759210,-1
34915.498,1,664593,400,759200,-1
34915.788,2,125677,100,730000,1
34915.9,2,661013,800,758420,1
34915.915,2,661473,800,759780,-1
34915.937,1,664914,800,758620,1
34915.958,2,660654,10,759900,-1
34915.958,2,661677,10,759900,-1
34916.084,1,665024,10,760100,-1
34916.42,1,665214,800,759980,-1
34916.566,1,665298,100,758800,1
34916.906,2,661143,100,758600,1
34917.219,1,665683,10,760100,-1
34921.074,2,665024,10,760100,-1
34921.075,1,668055,10,760200,-1
34921.076,2,665683,10,760100,-1
34921.604,1,668381,10,760100,-1
34921.719,2,668055,10,760200,-1
34921.919,1,668595,100,758000,1
34921.981,2,668381,10,760100,-1
34922.057,2,663528,250,758440,1
34922.059,2,663301,250,760400,-1
34922.098,1,668689,250,758840,1
34922.1,1,668690,250,760800,-1
34922.119,1,668706,10,760300,-1
34922.334,5,668704,200,758860,1
34922.334,4,668689,250,758840,1
34922.334,5,668824,50,758810,1
34922.69,1,669127,250,758840,1
34922.723,5,643952,100,758900,-1
34922.768,2,669127,250,758840,1
34922.77,2,668690,250,760800,-1
34922.881,2,665298,100,758800,1
34923.005,1,669373,250,758840,1
34923.008,1,669375,250,760400,-1
34923.378,1,669634,100,759700,-1
34923.378,2,668706,10,760300,-1
34923.629,2,669634,100,759700,-1
34923.89,1,670101,100,760000,-1
34924.173,2,668595,100,758000,1
34924.225,5,643952,400,758900,-1
34924.244,4,664593,350,759200,-1
34924.25,1,670399,100,758400,1
34924.389,4,664593,50,759200,-1
34924.426,2,670101,100,760000,-1
34924.43,1,670537,100,759900,-1
34924.589,1,670677,800,759500,-1
34925.007,1,671123,100,759900,-1
34925.122,2,670677,800,759500,-1
34925.135,1,671243,800,759900,-1
34925.943,2,664914,800,758620,1
34926.059,2,665214,800,759980,-1
34926.157,1,672073,800,760080,-1
34926.247,1,672151,800,758820,1
34926.791,2,672073,800,760080,-1
34926.825,1,672670,800,760280,-1
34926.829,2,672151,800,758820,1
34927.116,1,672916,800,758920,1
34927.139,2,672670,800,760280,-1
34927.241,2,672916,800,758920,1
34927.5,1,673283,800,759120,1
34927.579,2,673283,800,759120,1
34928.058,1,673861,800,759120,1
34928.399,1,674156,1000,759100,1
34928.638,2,674156,1000,759100,1
34929.086,5,673892,200,759160,1
34929.169,2,663590,800,756000,1
34929.192,1,674707,800,756900,1
34929.256,2,669373,250,758840,1
34929.259,2,669375,250,760400,-1
34929.292,1,674791,250,759240,1
34929.295,1,674795,250,760800,-1
34929.34,1,674860,800,760480,-1
34929.391,5,674835,250,759280,1
34929.391,4,674791,250,759240,1
34929.46,2,673861,800,759120,1
34929.49,1,674987,800,759980,-1
34929.574,2,674860,800,760480,-1
34929.7,1,675207,250,758840,1
34929.706,2,674795,250,760800,-1
34929.743,1,675259,250,760400,-1
34929.843,2,675207,250,758840,1
34929.848,2,675259,250,760400,-1
34929.958,1,675534,800,758620,1
34930.022,1,675614,250,758200,1
34930.024,1,675616,250,760400,-1
34930.208,1,675828,1000,759100,1
34930.611,2,675828,1000,759100,1
34930.751,2,675534,800,758620,1
34930.756,2,674987,800,759980,-1
34930.78,1,676373,800,758820,1
34931.333,1,676909,800,760180,-1
34932.254,2,676909,800,760180,-1
34932.31,1,677720,800,760080,-1
34932.749,2,676373,800,758820,1
34932.859,1,678154,800,758720,1
34932.881,2,677720,800,760080,-1
34932.898,2,678154,800,758720,1
34933.405,1,678518,800,758520,1
34933.953,1,678978,800,759780,-1
34933.991,2,678518,800,758520,1
34934.499,1,679408,800,758420,1
34936.07,1,680650,1000,759300,-1
34936.329,2,678978,800,759780,-1
34936.47,1,681005,800,759680,-1
34936.552,2,679408,800,758420,1
34936.59,2,681005,800,759680,-1
34937.014,1,681624,800,758120,1
34937.56,1,682122,800,759480,-1
34937.779,2,670399,100,758400,1
34937.873,2,675614,250,758200,1
34937.877,2,675616,250,760400,-1
34937.911,1,682496,250,757800,1
34937.915,1,682500,250,760000,-1
34938.061,2,682500,250,760000,-1
34938.1,1,682665,250,760400,-1
34938.694,2,682665,250,760400,-1
34938.727,1,683274,250,760000,-1
34939.739,5,683905,200,759050,-1
34940.169,5,680664,200,759250,-1
34940.169,5,683841,200,759260,-1
34940.341,5,683841,300,759260,-1
34940.341,4,680650,1000,759300,-1
34940.341,1,684535,900,759300,1
34940.653,4,684535,900,759300,1
34940.653,1,684858,100,759300,-1
34941.692,2,684858,100,759300,-1
34942.189,1,685980,1000,759300,-1
34943.328,2,681624,800,758120,1
34943.331,2,682122,800,759480,-1
34943.385,1,686662,800,759300,-1
34943.921,1,687088,800,757920,1
34944.088,2,671243,800,759900,-1
34944.092,1,687164,800,759600,-1
34944.791,5,686625,500,759260,-1
34944.791,4,685980,500,759300,-1
34945.063,2,674707,800,756900,1
34945.09,1,687871,800,756300,1
34945.677,2,687088,800,757920,1
34945.681,2,686662,800,759300,-1
34945.69,1,688298,500,758620,1
34951.003,2,687164,800,759600,-1
34951.023,1,691603,800,759300,-1
34951.163,1,691718,500,758920,1
34951.208,2,688298,500,758620,1
34951.276,1,691798,100,758600,1
34952.212,2,685980,500,759300,-1
34953.305,2,691718,500,758920,1
34953.346,1,693128,500,758820,1
34953.353,2,691798,100,758600,1
34957.152,2,691603,800,759300,-1
34957.156,1,695590,400,759200,-1
34958.896,2,695590,400,759200,-1
34958.902,1,696534,400,759300,-1
34960.603,5,696548,200,758840,1
34960.603,4,693128,300,758820,1
34960.836,1,697552,100,759100,-1
34960.837,2,670537,100,759900,-1
34960.844,1,697554,800,759580,-1
34960.913,2,697554,800,759580,-1
34961.037,2,697552,100,759100,-1
34961.123,2,693128,200,758820,1
34961.317,2,682496,250,757800,1
34961.335,1,697901,100,759400,-1
34961.366,1,697926,250,757400,1
34961.505,1,698052,200,759180,-1
34961.507,2,696534,400,759300,-1
34961.511,1,698058,400,759200,-1
34961.623,2,697926,250,757400,1
34961.626,2,683274,250,760000,-1
34961.667,1,698209,250,757000,1
34961.68,1,698232,250,759200,-1
34961.94,2,697901,100,759400,-1
34961.941,1,698449,100,759100,-1
34962.428,2,671123,100,759900,-1
34962.428,1,698866,100,759100,-1
34962.715,2,698449,100,759100,-1
34962.981,1,699266,100,759100,-1
34963.043,2,698058,400,759200,-1
34963.048,1,699299,800,759600,-1
34963.547,1,699595,200,758780,-1
34963.55,2,698052,200,759180,-1
34964.106,1,699953,800,758120,1
34964.428,2,699953,800,758120,1
34964.676,1,700353,800,758020,1
34966.296,2,698209,250,757000,1
34966.298,2,698232,250,759200,-1
34966.337,1,701295,250,756600,1
34966.34,1,701297,250,758800,-1
34966.341,2,700353,800,758020,1
34966.763,1,701656,600,759700,-1
34966.797,1,701703,800,757920,1
34967.079,5,699618,200,758730,-1
34967.079,4,699595,200,758780,-1
34967.159,2,701703,800,757920,1
34967.329,1,702211,800,759080,-1
34967.363,2,701295,250,756600,1
34967.364,2,701297,250,758800,-1
34967.404,1,702268,250,757000,1
34967.408,1,702274,250,759200,-1
34967.503,5,698229,100,758800,-1
34967.756,1,702586,500,760000,-1
34968.058,1,702869,800,757820,1
34968.423,2,702211,800,759080,-1
34968.53,1,703271,800,759180,-1
34968.809,2,702869,800,757820,1
34969.08,1,703731,800,757920,1
34969.303,2,702268,250,757000,1
34969.337,1,703889,250,756600,1
34970.229,2,703271,800,759180,-1
34970.28,1,704520,800,759280,-1
34970.373,2,703889,250,756600,1
34970.415,1,704592,250,757000,1
34970.561,1,704701,600,759300,-1
34970.562,2,701656,600,759700,-1
34970.631,1,704743,100,759900,-1
34970.631,2,698866,100,759100,-1
34970.631,2,699266,100,759100,-1
34970.655,2,703731,800,757920,1
34970.95,1,704906,800,758020,1
34971.249,1,705062,100,759900,-1
34972.005,2,704592,250,757000,1
34972.054,1,705530,250,756600,1
34972.262,2,702274,250,759200,-1
34972.314,1,705698,250,759000,-1
34972.483,2,704520,800,759280,-1
34972.593,1,705899,800,759380,-1
34972.703,2,704701,600,759300,-1
34972.926,1,706182,600,759700,-1
34974.998,2,704906,800,758020,1
34975.216,1,707802,800,758120,1
34977.406,2,704743,100,759900,-1
34977.406,1,709314,100,759000,-1
34977.976,2,705062,100,759900,-1
34977.976,1,709692,100,759000,-1
34978.391,2,699299,800,759600,-1
34978.402,1,710041,400,759500,-1
34978.498,2,705698,250,759000,-1
34979.749,1,710947,250,758910,-1
34979.875,4,710947,250,758910,-1
34979.875,4,709314,50,759000,-1
34980.053,1,711106,250,758910,-1
34980.09,2,709692,100,759000,-1
34980.091,2,709314,50,759000,-1
34980.094,1,711131,60,759900,-1
34980.203,2,705530,250,756600,1
34980.205,2,711106,250,758910,-1
34980.254,1,711244,250,757240,1
34980.256,1,711250,250,758910,-1
34980.569,1,711499,60,759400,-1
34980.575,2,706182,600,759700,-1
34980.719,2,711131,60,759900,-1
34981.101,1,711860,60,759400,-1
34981.101,1,711861,600,759700,-1
34982.187,2,711250,250,758910,-1
34982.283,2,711499,60,759400,-1
34982.284,2,711860,60,759400,-1
34982.288,1,712679,60,759900,-1
34982.344,2,707802,800,758120,1
34982.348,2,705899,800,759380,-1
34982.404,1,712743,800,759180,-1
34982.501,2,712743,800,759180,-1
34982.502,2,711861,600,759700,-1
34982.856,1,713181,60,759900,-1
34982.88,1,713205,250,759000,-1
34982.966,1,713275,800,759480,-1
34983.514,1,713726,800,758220,1
34983.806,1,713997,600,759700,-1
34984.208,2,710041,400,759500,-1
34984.214,1,714370,400,760400,-1
34985.364,2,711244,250,757240,1
34985.366,2,713205,250,759000,-1
34985.369,2,713726,800,758220,1
34985.376,2,713275,800,759480,-1
34985.411,1,715385,800,758020,1
34985.431,1,715405,250,756840,1
34985.433,1,715411,250,759000,-1
34985.704,2,702586,500,760000,-1
34985.705,2,715385,800,758020,1
34985.706,1,715688,100,760800,-1
34985.942,4,715411,250,759000,-1
34985.97,1,715954,800,759480,-1
34986.015,2,713997,600,759700,-1
34986.134,1,716082,250,759000,-1
34986.304,2,715405,250,756840,1
34986.305,2,716082,250,759000,-1
34986.452,1,716278,250,756840,1
34986.454,1,716281,250,759000,-1
34986.514,1,716328,800,758220,1
34986.883,4,716281,250,759000,-1
34987.116,1,716717,250,759000,-1
34987.235,2,716278,250,756840,1
34987.236,2,716717,250,759000,-1
34987.298,1,716843,250,757240,1
34987.301,1,716845,250,759000,-1
34987.826,4,716845,250,759000,-1
34988.075,1,717397,250,759000,-1
34988.145,2,716843,250,757240,1
34988.147,2,717397,250,759000,-1
34988.701,1,717870,250,756840,1
34988.703,1,717872,250,759040,-1
34990.264,2,716328,800,758220,1
34990.34,2,715954,800,759480,-1
34990.348,1,718991,800,759280,-1
34990.778,2,717872,250,759040,-1
34990.86,1,719418,250,759100,-1
34990.895,1,719459,800,758020,1
34991.117,2,714370,400,760400,-1
34991.121,1,719676,400,760800,-1
34991.902,2,719418,250,759100,-1
34992.53,2,718991,800,759280,-1
34992.655,1,720801,800,759380,-1
34992.934,2,717870,250,756840,1
34992.985,2,719459,800,758020,1
34992.997,1,721044,250,757480,1
34993.0,1,721045,250,759040,-1
34993.009,2,721044,250,757480,1
34993.01,2,721045,250,759040,-1
34993.036,2,713181,60,759900,-1
34993.037,1,721060,100,759300,-1
34993.058,1,721080,250,757880,1
34993.061,1,721081,250,759440,-1
34993.2,1,721192,800,758120,1
34993.251,2,721080,250,757880,1
34993.253,2,721081,250,759440,-1
34993.482,2,712679,60,759900,-1
34993.663,1,721556,250,757880,1
34993.665,1,721559,250,760080,-1
34994.704,2,721559,250,760080,-1
34995.633,1,722943,250,760480,-1
34995.943,2,720801,800,759380,-1
34996.023,1,723296,800,759480,-1
34996.701,2,721556,250,757880,1
34996.702,2,722943,250,760480,-1
34996.739,1,723860,250,757480,1
34996.742,1,723864,250,760080,-1
34997.034,2,721192,800,758120,1
34997.145,1,724264,600,759700,-1
34997.182,2,719676,400,760800,-1
34997.188,1,724326,400,760900,-1
35002.13,2,715688,100,760800,-1
35002.212,1,728095,100,758400,1
35002.214,1,728096,100,761000,-1
35002.262,2,724264,600,759700,-1
35002.499,1,728322,600,761000,-1
35002.586,2,721060,100,759300,-1
35002.609,1,728401,800,758220,1
35002.723,1,728504,100,761000,-1
35002.944,2,723296,800,759480,-1
35002.947,2,723864,250,760080,-1
35002.948,2,724326,400,760900,-1
35002.953,1,728699,400,761000,-1
35003.063,1,728782,250,761000,-1
35003.079,2,728504,100,761000,-1
35003.375,1,729079,100,761000,-1
35003.451,2,728401,800,758220,1
35003.456,1,729155,800,761000,-1
35003.734,2,729155,800,761000,-1
35005.043,1,730444,800,760000,-1
35005.169,2,729079,100,761000,-1
35005.174,1,730544,100,760000,-1
35005.179,2,730444,800,760000,-1
35005.372,2,728699,400,761000,-1
35005.375,2,728782,250,761000,-1
35005.377,1,730684,400,760900,-1
35005.593,1,730835,800,760180,-1
35005.692,1,730899,250,760080,-1
35006.139,1,731176,800,758320,1
35006.552,2,730684,400,760900,-1
35006.563,1,731486,800,761000,-1
35008.252,4,730544,100,760000,-1
35008.351,1,732714,100,758700,1
35008.928,2,731176,800,758320,1
35008.933,2,730835,800,760180,-1
35008.939,1,733126,800,759980,-1
35008.962,1,733143,100,758700,1
35009.025,2,732714,100,758700,1
35009.267,2,728322,600,761000,-1
35009.456,1,733439,800,758120,1
35009.569,1,733501,100,759100,1
35010.147,2,733143,100,758700,1
35010.148,1,733877,100,759100,1
35010.319,2,733126,800,759980,-1
35010.422,1,734036,600,761000,-1
35010.483,2,733501,100,759100,1
35010.483,2,733877,100,759100,1
35010.772,1,734257,100,758500,1
35010.779,2,733439,800,758120,1
35011.361,2,730899,250,760080,-1
35011.468,1,734694,100,759100,1
35011.651,1,734837,250,761000,-1
35011.817,2,734257,100,758500,1
35011.953,1,735062,100,759100,1
35012.435,1,735406,800,761000,-1
35012.89,2,735406,800,761000,-1
35012.997,1,735734,800,761000,-1
35013.558,1,736066,800,758420,1
35014.01,2,736066,800,758420,1
35014.107,1,736446,800,758520,1
35014.169,2,735734,800,761000,-1
35014.659,1,736858,800,761000,-1
35015.94,2,736446,800,758520,1
35015.981,2,734837,250,761000,-1
35015.985,2,736858,800,761000,-1
35016.312,1,737951,250,761000,-1
35016.497,5,738055,100,759350,1
35018.055,1,739375,800,761000,-1
35018.092,2,739375,800,761000,-1
35018.515,2,731486,800,761000,-1
35018.517,2,687871,800,756300,1
35018.521,1,739735,400,760900,-1
35018.524,1,739736,1100,755300,1
35018.6,1,739782,800,760580,-1
35019.145,1,740213,800,758720,1
35019.389,2,737951,250,761000,-1
35019.549,2,740213,800,758720,1
35019.552,2,739782,800,760580,-1
35019.686,1,740596,800,760380,-1
35020.017,2,740596,800,760380,-1
35020.239,1,741014,800,760580,-1
35020.416,2,741014,800,760580,-1
35020.55,1,741236,250,760080,-1
35020.779,1,741415,800,760380,-1
35020.952,2,734036,600,761000,-1
35021.215,2,741415,800,760380,-1
35021.331,1,741829,800,760280,-1
35021.872,1,742222,800,758420,1
35022.97,2,739735,400,760900,-1
35022.974,2,741236,250,760080,-1
35022.976,1,742985,400,761000,-1
35022.98,2,741829,800,760280,-1
35023.371,1,743249,250,761000,-1
35023.59,2,742222,800,758420,1
35023.682,1,743482,100,761000,-1
35024.014,1,743731,1000,759600,1
35024.028,2,743731,1000,759600,1
35024.531,2,723860,250,757480,1
35024.565,1,744103,250,757080,1
35025.154,1,744550,800,760480,-1
35025.334,2,742985,400,761000,-1
35025.339,1,744689,400,760900,-1
35025.343,2,743249,250,761000,-1
35025.346,2,743482,100,761000,-1
35025.716,1,744940,800,758620,1
35025.895,2,744103,250,757080,1
35025.897,1,745089,250,760080,-1
35025.951,1,745138,250,757480,1
35026.461,2,744550,800,760480,-1
35026.517,2,744940,800,758620,1
35026.582,1,745613,800,760380,-1
35026.732,1,745771,100,759600,-1
35027.123,1,746128,800,758520,1
35027.409,1,746318,600,761000,-1
35027.727,2,745138,250,757480,1
35027.73,2,745089,250,760080,-1
35028.055,2,746128,800,758520,1
35028.059,2,745613,800,760380,-1
35028.084,1,746896,800,758720,1
35028.198,1,747014,250,757080,1
35028.203,1,747020,250,759680,-1
35028.288,2,746896,800,758720,1
35028.314,1,747149,800,758620,1
35028.661,2,746318,600,761000,-1
35028.764,1,747501,800,760480,-1
35029.113,1,747704,600,760900,-1
35029.789,2,747501,800,760480,-1
35029.927,2,747149,800,758620,1
35029.966,1,748253,800,758520,1
35030.512,1,748622,800,760380,-1
35032.52,2,745771,100,759600,-1
35032.521,2,747020,250,759680,-1
35033.112,1,750192,250,760080,-1
35033.132,2,750192,250,760080,-1
35033.166,1,750244,250,759900,-1
35033.183,2,744689,400,760900,-1
35033.188,1,750257,800,761000,-1
35033.779,1,750773,100,759900,-1
35034.383,2,747014,250,757080,1
35034.385,2,750244,250,759900,-1
35034.418,1,751192,250,757480,1
35034.432,1,751201,250,761000,-1
35034.96,2,748622,800,760380,-1
35034.962,2,750773,100,759900,-1
35035.074,2,748253,800,758520,1
35035.792,1,752019,500,759600,1
35036.189,1,752351,100,761000,-1
35037.2,1,753015,800,761000,-1
35037.423,2,753015,800,761000,-1
35037.684,1,753399,800,760780,-1
35037.729,5,752729,300,759660,1
35037.729,5,752036,100,759650,1
35038.231,1,753856,800,758920,1
35038.277,2,751192,250,757480,1
35038.31,1,753906,250,757080,1
35038.563,5,752036,100,759650,1
35038.602,2,751201,250,761000,-1
35038.604,2,752351,100,761000,-1
35038.647,1,754186,250,759680,-1
35038.944,2,753906,250,757080,1
35039.054,2,753856,800,758920,1
35039.233,1,754585,800,758920,1
35039.275,4,754186,250,759680,-1
35039.377,1,754664,250,757480,1
35039.379,2,754664,250,757480,1
35039.381,1,754667,250,759680,-1
35039.412,1,754691,250,757080,1
35039.424,4,754667,250,759680,-1
35039.552,1,754822,250,759680,-1
35039.591,2,754691,250,757080,1
35039.591,2,754822,250,759680,-1
35039.708,1,754923,250,758120,1
35039.712,1,754926,250,759680,-1
35039.792,2,754923,250,758120,1
35039.794,2,754926,250,759680,-1
35039.797,1,754975,100,759700,-1
35039.845,2,750257,800,761000,-1
35039.852,1,755000,400,760900,-1
35040.134,2,754585,800,758920,1
35040.137,2,753399,800,760780,-1
35040.184,1,755183,250,758120,1
35040.186,1,755188,250,760320,-1
35040.251,1,755223,800,760580,-1
35040.373,2,755223,800,760580,-1
35040.437,4,754975,100,759700,-1
35040.463,2,755183,250,758120,1
35040.466,2,755188,250,760320,-1
35040.497,1,755383,250,758520,1
35040.499,1,755384,250,760720,-1
35040.693,1,755540,100,758900,1
35040.777,1,755602,800,760580,-1
35040.867,2,735062,100,759100,1
35040.896,2,734694,100,759100,1
35041.102,2,755540,100,758900,1
35041.22,1,755929,100,758900,1
35041.326,1,756015,800,758720,1
35041.588,2,755383,250,758520,1
35041.589,2,755384,250,760720,-1
35041.651,1,756224,250,758120,1
35041.655,1,756228,250,760320,-1
35041.788,1,756331,100,758900,1
35043.404,2,756228,250,760320,-1
35043.438,1,757468,250,760720,-1
35043.513,2,756015,800,758720,1
35043.639,1,757664,800,758820,1
35043.701,2,755602,800,760580,-1
35043.953,2,757468,250,760720,-1
35043.991,1,757972,250,761120,-1
35044.274,2,757972,250,761120,-1
35044.299,1,758341,800,760680,-1
35044.351,1,758401,250,760720,-1
35045.264,2,757664,800,758820,1
35045.271,2,758341,800,760680,-1
35045.347,1,759433,800,760480,-1
35045.44,2,759433,800,760480,-1
35045.565,2,739736,1100,755300,1
35045.571,1,759616,1100,756600,1
35045.832,1,759839,800,760480,-1
35045.857,2,758401,250,760720,-1
35045.958,2,747704,600,760900,-1
35046.371,1,760258,800,758620,1
35046.457,1,760347,250,761520,-1
35046.668,2,760258,800,758620,1
35046.928,1,760755,800,758720,1
35046.935,2,759839,800,760480,-1
35047.466,1,761195,800,760580,-1
35048.062,2,755000,400,760900,-1
35048.068,1,761732,800,761000,-1
35048.155,2,760755,800,758720,1
35048.158,2,761195,800,760580,-1
35048.173,1,761835,800,760780,-1
35048.203,2,756224,250,758120,1
35048.236,1,761894,250,757720,1
35048.347,2,760347,250,761520,-1
35048.385,1,762065,250,761120,-1
35048.559,1,762234,800,759020,1
35048.64,2,761835,800,760780,-1
35049.116,1,762748,800,760880,-1
35049.299,2,755929,100,758900,1
35049.299,2,756331,100,758900,1
35049.301,1,762903,100,758800,1
35049.51,1,763114,1000,759800,1
35049.637,4,763114,400,759800,1
35049.989,2,762903,100,758800,1
35049.989,1,763598,100,758900,1
35050.505,1,763963,100,758900,1
35050.653,2,762234,800,759020,1
35050.777,1,764152,800,759120,1
35050.826,2,762748,800,760880,-1
35051.42,2,761894,250,757720,1
35051.421,2,762065,250,761120,-1
35051.462,1,764712,250,757320,1
35051.465,1,764713,250,760720,-1
35051.474,1,764721,800,760980,-1
35054.267,2,761732,800,761000,-1
35054.307,1,767358,400,760900,-1
35055.747,2,764712,250,757320,1
35055.75,2,764713,250,760720,-1
35055.788,1,768445,250,757720,1
35055.79,1,768446,250,761120,-1
35056.277,2,764152,800,759120,1
35056.389,1,768920,800,759220,1
35056.687,1,769108,100,760000,-1
35056.914,2,769108,100,760000,-1
35057.159,2,764721,800,760980,-1
35057.182,2,768920,800,759220,1
35057.265,1,769585,800,761080,-1
35057.265,1,769586,100,760200,-1
35057.767,5,769628,500,760160,-1
35057.767,4,769586,100,760200,-1
35057.836,2,769585,800,761080,-1
35057.968,1,770090,100,759000,1
35058.197,2,763114,600,759800,1
35058.285,1,770343,800,759220,1
35058.346,2,763598,100,758900,1
35058.405,1,770503,800,761080,-1
35058.506,1,770627,100,759000,1
35058.82,2,763963,100,758900,1
35060.078,2,770343,800,759220,1
35060.182,2,770503,800,761080,-1
35060.195,2,767358,400,760900,-1
35060.234,1,772267,800,761000,-1
35060.4,1,772441,800,761180,-1
35060.612,2,772441,800,761180,-1
35060.653,1,772658,100,759200,1
35060.878,1,772846,800,761380,-1
35060.964,2,770090,100,759000,1
35061.338,1,773234,100,759200,1
35061.425,1,773302,800,759520,1
35061.434,2,772658,100,759200,1
35061.481,2,773234,100,759200,1
35061.544,2,770627,100,759000,1
35061.607,2,728096,100,761000,-1
35061.659,2,773302,800,759520,1
35061.939,2,759616,1100,756600,1
35061.956,1,773780,800,757400,1
35061.957,1,773782,100,759000,1
35061.968,1,773795,800,759620,1
35061.973,2,772846,800,761380,-1
35062.174,2,768445,250,757720,1
35062.176,2,768446,250,761120,-1
35062.216,1,774026,250,758120,1
35062.219,1,774031,250,761520,-1
35062.513,1,774355,800,761480,-1
35062.688,1,774503,100,759300,1
35062.69,2,773782,100,759000,1
35063.236,1,775074,100,759300,1
35063.534,1,775455,100,762100,-1
35065.618,5,768416,400,760840,-1
35065.618,5,759866,300,760900,-1
35065.618,5,772380,200,760950,-1
35065.618,4,476790,100,761000,-1
35066.006,2,775074,100,759300,1
35066.394,2,772267,800,761000,-1
35066.403,1,777844,800,761700,-1
35067.892,1,778820,100,759400,1
35068.227,2,774503,100,759300,1
35068.746,1,779332,100,759400,1
35069.354,1,779694,100,759600,1
35069.467,2,773795,800,759620,1
35069.47,2,774355,800,761480,-1
35069.481,1,779791,800,759820,1
35069.845,2,778820,100,759400,1
35069.86,1,780095,800,761680,-1
35069.867,2,728095,100,758400,1
35069.91,1,780138,100,759800,1
35069.987,1,780208,100,759600,1
35070.399,2,779332,100,759400,1
35070.938,1,780833,1000,760300,1
35071.173,2,773780,800,757400,1
35071.196,1,781041,800,758300,1
35071.362,2,774031,250,761520,-1
35071.366,2,779791,800,759820,1
35071.372,2,780095,800,761680,-1
35071.394,1,781159,250,761920,-1
35071.416,1,781183,800,760020,1
35071.44,1,781213,100,759900,1
35071.556,2,779694,100,759600,1
35071.953,1,781645,800,761880,-1
35072.072,1,781757,100,759900,1
35072.169,2,780208,100,759600,1
35072.319,2,774026,250,758120,1
35072.352,1,782004,250,758520,1
35072.475,2,780138,100,759800,1
35072.489,1,782159,100,760200,1
35073.497,2,780833,1000,760300,1
35074.14,4,476790,1000,761000,-1
35074.956,2,775455,100,762100,-1
35076.231,2,781645,800,761880,-1
35076.451,1,785520,800,761780,-1
35076.56,2,781183,800,760020,1
35076.997,1,785933,800,759920,1
35077.384,2,785933,800,759920,1
35077.386,2,785520,800,761780,-1
35077.494,2,781757,100,759900,1
35077.495,1,786271,100,759800,1
35077.495,2,781213,100,759900,1
35077.544,1,786299,800,761580,-1
35077.673,2,786271,100,759800,1
35077.959,4,476790,100,761000,-1
35078.009,1,786715,100,759700,1
35078.166,1,786806,800,759720,1
35078.171,2,624866,300,764600,-1
35078.609,1,787134,100,759700,1
35079.024,2,786806,800,759720,1
35079.121,1,787566,800,759820,1
35079.129,2,786299,800,761580,-1
35079.672,1,788004,800,761680,-1
35079.957,2,782004,250,758520,1
35080.011,1,788304,250,758120,1
35080.114,2,777844,800,761700,-1
35080.119,1,788392,800,761800,-1
35080.298,2,781159,250,761920,-1
35080.332,1,788565,250,761520,-1
35080.736,1,788942,100,759800,1
35080.856,2,786715,100,759700,1
35081.271,1,789338,100,759800,1
35081.515,2,787134,100,759700,1
35081.976,2,787566,800,759820,1
35082.08,1,790114,800,759920,1
35082.634,2,788004,800,761680,-1
35082.739,1,790557,800,761780,-1
35084.182,2,125367,500,733000,1
35085.059,2,790114,800,759920,1
35085.063,2,790557,800,761780,-1
35085.07,1,791912,800,761480,-1
35085.125,2,789338,100,759800,1
35085.128,2,788942,100,759800,1
35085.243,1,792017,100,759600,1
35085.592,1,792196,800,759620,1
35085.672,2,792196,800,759620,1
35085.698,2,791912,800,761480,-1
35085.713,1,792291,100,759800,1
35085.843,2,792017,100,759600,1
35086.139,1,792584,800,761780,-1
35086.282,1,792664,100,759900,1
35086.323,2,788392,800,761800,-1
35086.328,1,792697,800,761700,-1
35086.414,2,792291,100,759800,1
35086.687,1,792899,800,759920,1
35086.827,1,792977,100,759900,1
35087.268,2,792899,800,759920,1
35087.277,2,792584,800,761780,-1
35087.344,1,793294,800,759820,1
35087.349,2,792664,100,759900,1
35087.349,2,792977,100,759900,1
35087.35,1,793300,100,759800,1
35087.624,2,793294,800,759820,1
35087.874,2,793300,100,759800,1
35087.904,1,793627,800,761580,-1
35087.947,2,793627,800,761580,-1
35088.022,1,793686,100,759700,1
35088.509,1,794110,100,762100,-1
35088.567,1,794170,800,761680,-1
35088.583,2,788565,250,761520,-1
35088.625,1,794210,250,761920,-1
35088.691,1,794282,100,761100,-1
35089.022,1,794580,800,759820,1
35089.262,1,794830,100,759700,1
35089.778,2,794282,100,761100,-1
35089.779,1,795123,100,761010,-1
35092.422,2,795123,100,761010,-1
35092.607,2,794580,800,759820,1
35092.611,2,794170,800,761680,-1
35092.625,1,797232,800,761780,-1
35093.608,1,797878,100,760600,-1
35093.644,1,797914,800,759920,1
35094.353,1,798371,100,759800,1
35094.371,1,798380,500,761000,-1
35094.661,2,793686,100,759700,1
35094.872,2,797878,100,760600,-1
35094.873,1,798736,100,759800,1
35095.336,2,794830,100,759700,1
35095.387,5,798765,500,760960,-1
35095.387,5,798766,500,760960,-1
35095.451,1,799117,100,760700,-1
35095.772,2,39837,500,725500,1
35095.919,2,797232,800,761780,-1
35096.137,1,799490,800,761680,-1
35096.178,2,797914,800,759920,1
35096.631,1,799727,400,760400,1
35096.687,1,799762,800,759820,1
35097.403,2,799727,400,760400,1
35100.262,1,801894,600,761700,-1
35100.621,2,799762,800,759820,1
35100.636,2,798736,100,759800,1
35100.636,2,798371,100,759800,1
35100.669,2,799490,800,761680,-1
35100.673,1,802213,800,761480,-1
35100.885,1,802365,100,759600,1
35101.03,2,801894,600,761700,-1
35101.216,1,802657,800,759620,1
35101.321,1,802740,600,761700,-1
35101.408,2,799117,100,760700,-1
35101.41,1,802799,100,760400,-1
35101.783,2,802740,600,761700,-1
35101.898,1,803189,100,759600,1
35102.017,2,624786,300,754200,1
35102.42,2,802213,800,761480,-1
35102.622,1,803810,800,761380,-1
35102.802,4,802799,100,760400,-1
35102.949,2,803810,800,761380,-1
35103.032,1,804175,600,761700,-1
35103.078,1,804219,800,761480,-1
35103.344,2,802657,800,759620,1
35103.351,2,804219,800,761480,-1
35103.402,2,803189,100,759600,1
35103.405,2,802365,100,759600,1
35103.406,1,804437,100,759500,1
35103.629,2,804437,100,759500,1
35103.651,2,798380,500,761000,-1
35103.677,1,804633,800,761280,-1
35104.012,1,804854,5,761200,1
35104.027,1,804860,100,759400,1
35104.583,2,804633,800,761280,-1
35104.612,1,805457,800,761380,-1
35104.642,2,782159,100,760200,1
35104.916,4,804854,5,761200,1
35104.99,1,805789,200,760100,1
35105.413,1,806129,800,759520,1
35105.493,2,805457,800,761380,-1
35105.519,2,806129,800,759520,1
35105.615,1,806304,800,761480,-1
35105.827,1,806519,100,759500,1
35106.013,2,794110,100,762100,-1
35106.056,1,806637,100,761700,-1
35106.152,1,806715,800,759620,1
35106.297,2,804860,100,759400,1
35106.601,2,806715,800,759620,1
35106.607,2,806304,800,761480,-1
35106.7,1,807085,800,761700,-1
35106.849,2,807085,800,761700,-1
35106.903,1,807214,100,759600,1
35107.118,2,807214,100,759600,1
35107.251,1,807462,800,761700,-1
35107.71,2,807462,800,761700,-1
35107.793,1,807795,800,761880,-1
35107.803,1,807803,100,759700,1
35107.947,2,806519,100,759500,1
35108.346,1,808124,800,760020,1
35108.363,1,808132,100,759700,1
35108.592,2,804175,600,761700,-1
35108.905,1,808516,100,759800,1
35109.086,2,807803,100,759700,1
35109.126,2,808124,800,760020,1
35109.13,2,807795,800,761880,-1
35109.232,1,808713,800,761980,-1
35109.482,1,808819,100,759800,1
35109.583,2,808132,100,759700,1
35109.783,1,809020,800,760120,1
35109.86,1,809083,100,761000,1
35110.916,5,809095,200,761050,1
35110.916,4,809083,100,761000,1
35112.199,2,809020,800,760120,1
35112.202,2,808713,800,761980,-1
35112.259,2,808819,100,759800,1
35112.259,1,810490,100,759600,1
35112.26,2,808516,100,759800,1
35112.293,1,810512,800,761780,-1
35112.62,2,788304,250,758120,1
35112.622,2,794210,250,761920,-1
35112.656,1,810733,250,757720,1
35112.659,1,810735,250,761520,-1
35112.855,1,810916,800,759920,1
35112.893,1,810947,100,759600,1
35113.497,1,811420,600,761700,-1
35114.714,2,810916,800,759920,1
35114.935,1,812555,800,760020,1
35115.091,2,792697,800,761700,-1
35115.124,1,812706,400,761600,-1
35115.128,2,781041,800,758300,1
35115.145,1,812728,1100,757000,1
35115.262,2,810512,800,761780,-1
35115.718,1,813135,100,759700,1
35116.103,2,810490,100,759600,1
35116.246,2,810735,250,761520,-1
35116.248,2,812706,400,761600,-1
35116.255,1,813485,400,761700,-1
35116.255,1,813487,100,759700,1
35116.335,1,813533,250,761700,-1
35116.358,1,813548,800,761880,-1
35116.66,2,810947,100,759600,1
35116.764,2,812555,800,760020,1
35116.768,2,813548,800,761880,-1
35116.921,2,813487,100,759700,1
35116.922,1,813928,800,761700,-1
35116.925,2,813135,100,759700,1
35116.931,1,813931,100,759400,1
35117.149,2,811420,600,761700,-1
35117.451,1,814318,100,759500,1
35117.478,2,813928,800,761700,-1
35117.495,1,814358,800,761880,-1
35117.828,2,813931,100,759400,1
35118.013,1,814861,800,760020,1
35118.04,1,814894,100,759700,1
35118.397,1,815178,600,761700,-1
35118.597,1,815386,100,759700,1
35118.783,2,814861,800,760020,1
35118.789,2,814358,800,761880,-1
35118.89,1,815583,800,761980,-1
35118.997,2,814318,100,759500,1
35119.18,1,815773,100,761010,-1
35119.438,1,816000,800,760120,1
35119.596,2,813485,400,761700,-1
35119.602,2,813533,250,761700,-1
35119.603,1,816117,400,761600,-1
35119.68,2,816000,800,760120,1
35119.683,2,815583,800,761980,-1
35119.774,2,815178,600,761700,-1
35119.932,1,816374,100,761010,-1
35119.995,1,816422,800,760020,1
35120.081,1,816479,600,761800,-1
35120.099,2,815773,100,761010,-1
35121.64,1,817453,100,759800,1
35121.743,1,817542,250,761520,-1
35121.781,2,815386,100,759700,1
35121.892,1,817634,600,761700,-1
35121.892,2,816479,600,761800,-1
35122.065,5,815790,100,760960,-1
35122.106,2,816422,800,760020,1
35122.169,1,817823,100,759800,1
35122.22,1,817846,800,759920,1
35122.296,2,814894,100,759700,1
35122.564,2,817634,600,761700,-1
35122.832,1,818204,600,761800,-1
35124.263,2,816374,100,761010,-1
35124.542,1,819240,600,761700,-1
35124.547,2,818204,600,761800,-1
35125.46,1,819907,100,760710,-1
35125.848,2,817453,100,759800,1
35125.849,2,817823,100,759800,1
35125.939,2,819240,600,761700,-1
35126.083,1,820422,100,759600,1
35126.12,1,820443,600,761800,-1
35126.54,1,820701,100,760710,-1
35126.732,2,819907,100,760710,-1
35126.895,2,820701,100,760710,-1
35127.084,2,810733,250,757720,1
35127.087,2,817542,250,761520,-1
35127.133,1,821155,250,758120,1
35127.135,1,821157,250,761920,-1
35127.152,1,821173,600,761700,-1
35127.155,2,820443,600,761800,-1
35127.216,1,821226,100,759800,1
35127.352,2,820422,100,759600,1
35127.548,2,821173,600,761700,-1
35127.643,1,821568,100,760710,-1
35127.876,2,821226,100,759800,1
35128.39,1,822078,100,759600,1
35128.65,2,821155,250,758120,1
35128.681,1,822273,250,757720,1
35128.847,2,822078,100,759600,1
35128.848,1,822375,100,759700,1
35128.961,5,821580,100,760660,-1
35129.442,1,822763,100,759900,1
35129.442,2,822375,100,759700,1
35129.902,1,822981,100,759900,1
35130.165,2,817846,800,759920,1
35130.643,1,823385,800,761580,-1
35130.678,1,823412,800,759720,1
35130.793,1,823487,800,761780,-1
35130.925,1,823553,800,759920,1
35131.12,2,823385,800,761580,-1
35131.141,2,823412,800,759720,1
35131.303,2,821568,100,760710,-1
35131.428,1,823862,600,761800,-1
35131.468,2,821157,250,761920,-1
35131.503,1,823904,250,761520,-1
35131.546,1,823932,600,761700,-1
35131.626,2,823862,600,761800,-1
35132.093,2,823553,800,759920,1
35132.095,2,823487,800,761780,-1
35132.2,1,824348,800,760020,1
35132.485,1,824548,100,761010,-1
35132.67,2,824548,100,761010,-1
35132.766,2,823932,600,761700,-1
35132.946,1,824812,600,761700,-1
35133.007,2,822273,250,757720,1
35133.009,2,823904,250,761520,-1
35133.049,1,824895,250,758120,1
35133.052,1,824899,250,761920,-1
35133.084,1,824926,100,761010,-1
35133.128,2,824348,800,760020,1
35133.245,1,825053,800,760220,1
35133.373,2,825053,800,760220,1
35133.53,1,825316,800,760020,1
35133.552,2,824812,600,761700,-1
35133.656,1,825445,100,760000,1
35133.656,2,824926,100,761010,-1
35133.668,2,825316,800,760020,1
35133.756,2,822763,100,759900,1
35133.92,2,825445,100,760000,1
35134.076,1,825833,800,761880,-1
35134.242,1,825987,100,759900,1
35134.422,2,825833,800,761880,-1
35134.643,1,826367,800,760120,1
35134.785,1,826470,100,761100,-1
35134.907,2,824895,250,758120,1
35134.953,1,826630,250,757720,1
35135.377,2,51123,500,733000,1
35135.853,2,826367,800,760120,1
35135.932,1,827341,800,761680,-1
35135.944,2,825987,100,759900,1
35135.944,2,822981,100,759900,1
35135.944,1,827356,100,759700,1
35136.481,1,827785,800,759820,1
35136.518,1,827822,100,759700,1
35136.688,2,826630,250,757720,1
35136.721,1,828013,250,758120,1
35137.7,2,827785,800,759820,1
35137.808,1,828846,800,759920,1
35138.353,2,827341,800,761680,-1
35138.511,2,805789,200,760100,1
35138.614,1,829359,100,759800,1
35138.795,2,827356,100,759700,1
35139.157,1,829707,100,759800,1
35139.337,2,827822,100,759700,1
35139.827,2,816117,400,761600,-1
35139.83,2,812728,1100,757000,1
35139.858,1,830156,800,761700,-1
35139.861,1,830159,800,758200,1
35139.893,1,830189,800,761780,-1
35140.185,1,830394,100,761000,-1
35140.577,2,826470,100,761100,-1
35140.792,2,830159,800,758200,1
35140.803,1,830844,1100,757200,1
35141.585,2,830394,100,761000,-1
35142.791,1,832064,100,761010,-1
35143.552,2,832064,100,761010,-1
35143.715,1,832549,100,761010,-1
35143.921,1,832678,300,766600,-1
35144.398,5,832892,100,760990,-1
35144.422,4,832549,100,761010,-1
35144.576,1,833030,100,759900,1
35144.969,2,828846,800,759920,1
35144.982,2,829359,100,759800,1
35145.077,1,833289,800,760020,1
35145.126,1,833321,100,759900,1
35145.138,1,833327,500,761000,1
35145.185,2,830189,800,761780,-1
35145.464,2,829707,100,759800,1
35145.731,1,833764,800,761880,-1
35145.739,2,828013,250,758120,1
35145.781,1,833809,250,757720,1
35146.343,2,830156,800,761700,-1
35146.364,1,834295,400,761900,-1
35146.396,2,833289,800,760020,1
35146.502,1,834407,800,760120,1
35146.67,2,833764,800,761880,-1
35146.763,2,833809,250,757720,1
35146.798,1,834603,250,758120,1
35149.006,2,834407,800,760120,1
35149.169,1,836198,800,760220,1
35149.832,2,834603,250,758120,1
35149.885,1,836698,250,757720,1
35149.951,1,836741,100,760000,1
35150.527,2,833030,100,759900,1
35150.651,1,837172,100,760000,1
35150.838,1,837283,100,762200,-1
35150.867,2,806637,100,761700,-1
35150.919,2,833321,100,759900,1
35150.924,1,837345,800,762080,-1
35151.408,2,836198,800,760220,1
35151.412,2,837345,800,762080,-1
35151.489,1,837752,800,761880,-1
35151.501,1,837762,100,759700,1
35151.503,2,837172,100,760000,1
35151.509,2,836741,100,760000,1
35152.044,1,838162,800,760020,1
35152.088,1,838183,100,759800,1
35152.195,2,837762,100,759700,1
35152.404,2,824899,250,761920,-1
35152.439,1,838382,250,761520,-1
35152.689,1,838565,100,759800,1
35154.182,2,838183,100,759800,1
35154.189,2,838565,100,759800,1
35154.192,1,839710,100,759600,1
35154.211,2,838162,800,760020,1
35154.216,2,837752,800,761880,-1
35154.254,1,839758,800,761680,-1
35154.533,2,836698,250,757720,1
35154.536,2,838382,250,761520,-1
35154.702,1,840239,250,757320,1
35154.704,1,840243,250,761120,-1
35154.74,1,840276,800,759820,1
35155.212,5,840507,200,761080,-1
35155.212,4,840243,250,761120,-1
35155.326,1,840845,250,761120,-1
35155.658,2,840239,250,757320,1
35155.66,2,840845,250,761120,-1
35155.953,1,841483,250,759560,1
35155.956,1,841489,250,761120,-1
35156.943,1,842547,200,760600,1
35158.022,1,843544,100,759700,1
35158.149,2,841483,250,759560,1
35158.151,2,841489,250,761120,-1
35158.394,2,839710,100,759600,1
35158.712,1,844165,100,761200,-1
35158.847,1,844289,250,759560,1
35158.85,1,844293,250,761760,-1
35159.194,1,844548,300,756000,1
35160.359,4,844165,100,761200,-1
35160.359,1,845730,100,761200,1
35160.797,2,833327,500,761000,1
35160.799,2,752019,500,759600,1
35160.808,2,844293,250,761760,-1
35160.951,4,845730,100,761200,1
35161.41,2,842547,200,760600,1
35162.127,1,847137,100,759800,1
35162.286,2,834295,400,761900,-1
35162.287,2,839758,800,761680,-1
35162.29,1,847273,400,762000,-1
35162.382,2,843544,100,759700,1
35162.584,1,847506,250,762160,-1
35162.742,2,847506,250,762160,-1
35163.007,1,847816,250,762560,-1
35163.107,2,844289,250,759560,1
35163.145,1,847975,250,759160,1
35163.359,1,848185,100,760000,1
35163.387,2,847273,400,762000,-1
35163.391,1,848215,400,761900,-1
35163.52,2,847137,100,759800,1
35163.692,1,848526,200,761500,-1
35163.76,2,847816,250,762560,-1
35163.786,1,848615,500,761200,-1
35163.793,1,848623,250,762160,-1
35163.928,1,848769,100,760000,1
35163.996,2,840276,800,759820,1
35164.016,1,848854,800,761780,-1
35164.726,2,848854,800,761780,-1
35165.251,1,850051,800,760220,1
35165.391,1,850189,1000,760900,1
35165.397,1,850196,600,762000,-1
35165.522,2,848769,100,760000,1
35165.524,2,848185,100,760000,1
35165.526,1,850337,100,759900,1
35165.538,2,847975,250,759160,1
35165.539,2,848623,250,762160,-1
35165.566,2,850189,1000,760900,1
35165.594,1,850408,250,759560,1
35165.597,1,850411,250,762560,-1
35165.741,2,850051,800,760220,1
35165.762,2,850337,100,759900,1
35165.806,4,848615,400,761200,-1
35165.878,1,850714,800,761880,-1
35166.095,1,850926,100,759800,1
35166.176,1,851014,800,760020,1
35166.845,2,850714,800,761880,-1
35167.113,1,851840,800,761780,-1
35167.28,2,850926,100,759800,1
35167.28,1,851990,100,759900,1
35167.461,1,852145,800,759920,1
35167.58,2,851014,800,760020,1
35167.866,1,852487,100,759900,1
35168.787,2,852145,800,759920,1
35168.887,1,853319,800,760020,1
35170.526,2,851840,800,761780,-1
35170.643,1,854630,800,761880,-1
35170.733,1,854707,1000,761300,-1
35171.94,2,830844,1100,757200,1
35171.947,1,855689,800,758300,1
35172.527,1,856159,100,760000,1
35172.743,4,848615,100,761200,-1
