34215.687,1,138759,100,775600,1
34216.232,1,138996,400,779500,-1
34216.235,1,138998,400,858500,-1
34216.238,1,139001,300,792300,-1
34224.653,2,138759,100,775600,1
34224.791,2,138996,400,779500,-1
34224.797,2,138998,400,858500,-1
34224.799,2,139001,300,792300,-1
34225.003,2,123061,300,762500,1
34226.456,2,122548,300,781500,-1
34234.297,1,147100,300,764000,1
34234.863,2,147100,300,764000,1
34240.29,1,149208,300,781300,-1
34256.997,1,156866,300,765200,1
34258.408,2,156866,300,765200,1
34260.517,2,149208,300,781300,-1
34260.58,1,158848,100,775200,1
34277.595,2,158848,100,775200,1
34283.603,1,170728,100,774700,1
34291.965,1,174036,300,765600,1
34295.033,1,175386,300,782700,-1
34306.684,2,170728,100,774700,1
34306.86,2,174036,300,765600,1
34320.984,2,175386,300,782700,-1
34333.871,1,191833,300,766200,1
34343.574,1,195522,800,774920,1
34343.685,2,195522,800,774920,1
34344.121,1,195805,800,776380,-1
34344.667,1,196065,800,774720,1
34344.809,1,196152,300,781300,-1
34345.906,2,196065,800,774720,1
34345.91,2,195805,800,776380,-1
34345.982,1,196790,800,775020,1
34346.536,1,197090,800,776680,-1
34349.817,2,196790,800,775020,1
34349.822,2,197090,800,776680,-1
34349.921,1,198265,800,775120,1
34349.991,2,198265,800,775120,1
34350.464,1,198550,800,775220,1
34351.015,1,198820,800,776880,-1
34352.006,2,198550,800,775220,1
34352.007,2,198820,800,776880,-1
34352.104,1,199231,800,775120,1
34352.65,1,199424,800,776780,-1
34355.396,2,199231,800,775120,1
34355.4,2,199424,800,776780,-1
34355.494,1,200442,800,775020,1
34356.041,1,200616,800,776680,-1
34360.318,2,200442,800,775020,1
34360.322,2,200616,800,776680,-1
34360.333,1,202196,800,775220,1
34360.745,1,202381,500,775630,-1
34360.854,1,202421,800,776880,-1
34362.299,2,202196,800,775220,1
34362.301,2,202421,800,776880,-1
34362.414,1,203031,800,775120,1
34362.965,1,203249,800,776780,-1
34363.956,2,203031,800,775120,1
34363.958,2,203249,800,776780,-1
34364.057,1,203762,800,775020,1
34364.607,1,204016,800,776680,-1
34366.036,2,203762,800,775020,1
34366.038,2,204016,800,776680,-1
34366.135,1,204641,800,774920,1
34366.683,1,204897,800,776580,-1
34367.387,2,204641,800,774920,1
34367.392,2,204897,800,776580,-1
34367.449,1,205213,800,774720,1
34367.995,1,205452,800,776380,-1
34370.238,2,205213,800,774720,1
34370.239,2,205452,800,776380,-1
34370.339,1,206325,800,774620,1
34370.885,1,206511,800,776280,-1
34373.416,2,206325,800,774620,1
34373.419,2,206511,800,776280,-1
34373.431,1,207558,800,776080,-1
34373.954,2,202381,500,775630,-1
34373.956,1,207827,500,775000,-1
34373.964,1,207831,800,774420,1
34374.958,2,207831,800,774420,1
34374.959,2,207558,800,776080,-1
34375.056,1,208520,800,774320,1
34375.606,1,208825,800,775980,-1
34376.299,2,208520,800,774320,1
34376.302,2,208825,800,775980,-1
34376.311,1,209113,800,774520,1
34376.617,2,209113,800,774520,1
34376.878,1,209401,800,774320,1
34377.417,1,209622,800,775980,-1
34377.523,2,209401,800,774320,1
34377.525,2,209622,800,775980,-1
34378.019,1,209986,800,774320,1
34378.192,2,209986,800,774320,1
34378.593,1,210243,800,774220,1
34379.137,1,210475,800,775880,-1
34388.598,2,210243,800,774220,1
34388.806,1,215073,800,774220,1
34389.138,2,210475,800,775880,-1
34389.353,1,215304,800,775880,-1
34390.348,2,215073,800,774220,1
34390.35,2,215304,800,775880,-1
34390.447,1,215821,800,774320,1
34390.996,1,216106,800,775980,-1
34392.698,2,215821,800,774320,1
34392.7,2,216106,800,775980,-1
34392.806,1,216957,800,774220,1
34393.355,1,217166,800,775880,-1
34393.954,2,216957,800,774220,1
34394.013,2,217166,800,775880,-1
34394.015,1,217574,800,774020,1
34394.073,2,217574,800,774020,1
34394.556,1,217916,800,773920,1
34395.105,1,218254,800,775580,-1
34396.729,1,219142,500,773800,1
34396.736,1,219147,500,775400,-1
34397.088,2,219142,500,773800,1
34397.12,1,219332,250,773800,1
34397.421,2,219332,250,773800,1
34397.421,2,219147,500,775400,-1
34397.451,1,219474,500,773400,1
34397.455,1,219479,250,775300,-1
34397.571,2,219479,250,775300,-1
34397.604,1,219600,500,775300,-1
34398.691,2,93057,1,761300,1
34401.013,2,219600,500,775300,-1
34403.416,1,222401,100,774000,1
34403.704,1,222539,250,775110,-1
34404.034,2,222539,250,775110,-1
34404.067,1,222714,500,775110,-1
34404.418,2,222714,500,775110,-1
34404.449,1,222889,250,775110,-1
34404.523,2,222889,250,775110,-1
34404.558,2,217916,800,773920,1
34404.559,1,222957,500,775400,-1
34404.617,1,223014,800,773920,1
34404.671,2,223014,800,773920,1
34404.672,2,218254,800,775580,-1
34404.792,2,219474,500,773400,1
34404.823,1,223135,250,773800,1
34405.168,1,223333,800,773820,1
34405.731,1,223600,800,775480,-1
34408.364,2,223135,250,773800,1
34408.396,1,224993,500,773400,1
34408.556,2,222957,500,775400,-1
34408.588,1,225128,250,775000,-1
34408.693,2,223333,800,773820,1
34408.695,2,223600,800,775480,-1
34408.791,1,225275,800,773720,1
34408.929,2,225128,250,775000,-1
34408.961,1,225381,500,775400,-1
34409.031,2,225381,500,775400,-1
34409.076,1,225456,250,775000,-1
34409.238,2,225456,250,775000,-1
34409.292,1,225576,500,775400,-1
34409.338,1,225608,800,775380,-1
34409.5,2,224993,500,773400,1
34409.532,1,225726,250,773800,1
34409.974,2,225726,250,773800,1
34410.004,1,225986,500,773800,1
34410.387,2,225275,800,773720,1
34410.389,2,225608,800,775380,-1
34410.393,1,226226,800,775180,-1
34410.889,1,226544,800,773520,1
34411.416,2,225986,500,773800,1
34411.448,1,226842,250,773800,1
34412.976,2,226842,250,773800,1
34413.007,1,227729,500,773400,1
34413.36,2,227729,500,773400,1
34413.394,1,227989,250,773800,1
34413.467,4,222401,100,774000,1
34414.285,2,226544,800,773520,1
34414.288,2,226226,800,775180,-1
34414.388,1,228573,800,773620,1
34414.778,2,227989,250,773800,1
34414.78,2,225576,500,775400,-1
34414.81,1,228846,500,773400,1
34414.814,1,228851,250,775000,-1
34414.933,1,228952,800,775280,-1
34415.435,2,228851,250,775000,-1
34415.467,1,229275,500,775000,-1
34415.647,2,228573,800,773620,1
34415.649,2,228952,800,775280,-1
34415.743,1,229454,800,773520,1
34416.314,1,229738,800,775180,-1
34419.055,2,229454,800,773520,1
34419.057,2,229738,800,775180,-1
34419.166,1,231360,800,773420,1
34419.714,1,231671,800,775080,-1
34420.7,2,207827,500,775000,-1
34420.703,1,232197,500,773500,-1
34421.113,2,228846,500,773400,1
34421.152,1,232478,250,773400,1
34421.184,2,231360,800,773420,1
34421.186,2,231671,800,775080,-1
34421.193,4,232197,500,773500,-1
34421.193,1,232500,300,773620,1
34421.374,2,232478,250,773400,1
34421.41,1,232687,500,773000,1
34421.651,2,229275,500,775000,-1
34421.683,1,232963,250,774600,-1
34421.778,1,233062,500,774680,-1
34422.013,2,191833,300,766200,1
34422.148,2,232687,500,773000,1
34422.15,2,232963,250,774600,-1
34422.179,1,233378,250,773400,1
34422.183,1,233382,500,775000,-1
34422.233,2,196152,300,781300,-1
34422.935,1,234046,500,774780,-1
34422.975,2,234046,500,774780,-1
34423.272,2,233062,500,774680,-1
34423.496,1,234467,500,774680,-1
34424.059,1,234891,500,774780,-1
34424.099,2,234891,500,774780,-1
34425.265,2,232500,300,773620,1
34425.306,1,235748,500,774480,-1
34425.321,2,234467,500,774680,-1
34425.391,2,233378,250,773400,1
34425.424,1,235846,500,773400,1
34427.065,2,235846,500,773400,1
34427.096,1,237067,250,773400,1
34427.868,2,237067,250,773400,1
34427.905,1,237596,500,773000,1
34428.439,2,237596,500,773000,1
34428.471,1,237960,250,773400,1
34429.181,2,237960,250,773400,1
34429.212,1,238463,500,773400,1
34429.677,1,238764,500,774280,-1
34429.688,2,235748,500,774480,-1
34429.946,2,238463,500,773400,1
34429.976,1,238972,250,773400,1
34431.813,2,238972,250,773400,1
34431.815,2,233382,500,775000,-1
34431.845,1,240154,500,773000,1
34431.849,1,240157,500,774600,-1
34432.787,2,238764,500,774280,-1
34432.811,1,240907,500,774480,-1
34440.627,2,240154,500,773000,1
34440.662,1,245795,250,773000,1
34440.885,2,245795,250,773000,1
34440.885,2,240157,500,774600,-1
34440.922,1,245995,500,772600,1
34440.928,1,246003,500,774200,-1
34441.103,1,246183,500,774280,-1
34441.106,2,240907,500,774480,-1
34441.65,2,246003,500,774200,-1
34441.681,1,246682,250,774200,-1
34443.872,2,246682,250,774200,-1
34443.905,1,248176,500,774200,-1
34444.702,1,248714,500,774080,-1
34444.792,2,246183,500,774280,-1
34446.604,2,123633,200,781300,-1
34447.042,2,86276,400,762500,1
34447.869,1,250574,500,773880,-1
34447.988,2,248714,500,774080,-1
34448.408,1,250901,300,769100,1
34448.603,1,251020,300,779500,-1
34453.363,1,253874,500,773580,-1
34453.421,2,250574,500,773880,-1
34455.308,2,253874,500,773580,-1
34455.415,1,255348,500,773680,-1
34456.623,2,245995,500,772600,1
34456.655,1,256126,250,772600,1
34456.785,2,256126,250,772600,1
34456.786,2,248176,500,774200,-1
34456.816,1,256244,500,772200,1
34456.82,1,256249,250,773800,-1
34456.851,2,256249,250,773800,-1
34456.883,1,256316,500,773800,-1
34459.12,2,256244,500,772200,1
34459.154,1,257774,250,772200,1
34459.57,2,257774,250,772200,1
34459.572,2,256316,500,773800,-1
34459.604,1,258069,500,771800,1
34459.619,1,258089,250,773410,-1
34459.629,2,258089,250,773410,-1
34459.669,1,258140,500,773410,-1
34460.104,1,258491,500,773480,-1
34460.171,2,255348,500,773680,-1
34460.714,2,250901,300,769100,1
34462.748,1,260306,500,773280,-1
34462.785,2,258491,500,773480,-1
34468.899,1,264258,500,773080,-1
34468.938,2,260306,500,773280,-1
34472.89,2,258069,500,771800,1
34472.921,1,267000,250,771800,1
34473.495,2,267000,250,771800,1
34473.497,2,258140,500,773410,-1
34473.541,1,267419,500,771400,1
34473.546,1,267426,250,773010,-1
34473.874,1,267732,500,772880,-1
34474.018,2,264258,500,773080,-1
34474.563,2,267426,250,773010,-1
34474.594,1,268316,500,773010,-1
34476.678,2,268316,500,773010,-1
34477.046,4,267732,500,772880,-1
34477.046,1,269949,500,773180,1
34477.141,1,270010,800,773400,-1
34477.373,2,270010,800,773400,-1
34477.716,1,270377,800,773480,-1
34477.855,2,269949,500,773180,1
34477.86,2,270377,800,773480,-1
34478.26,1,270695,800,773580,-1
34478.807,1,271011,800,771920,1
34480.834,2,271011,800,771920,1
34480.841,2,270695,800,773580,-1
34480.876,1,272318,800,772220,1
34481.416,1,272749,800,773880,-1
34481.707,1,273016,300,767900,1
34481.747,2,272318,800,772220,1
34481.751,2,272749,800,773880,-1
34481.995,1,273215,800,772120,1
34482.015,1,273225,250,773000,-1
34482.435,2,267419,500,771400,1
34482.436,2,273225,250,773000,-1
34482.466,1,273523,500,771800,1
34482.469,1,273525,500,773400,-1
34482.634,1,273704,800,773780,-1
34484.792,2,273215,800,772120,1
34484.795,2,273704,800,773780,-1
34484.887,1,275418,800,772020,1
34485.465,1,275835,800,773680,-1
34489.371,2,275418,800,772020,1
34489.374,2,275835,800,773680,-1
34489.378,1,278372,800,773380,-1
34489.905,1,278740,800,771720,1
34490.182,2,278740,800,771720,1
34490.185,2,278372,800,773380,-1
34490.451,1,279124,800,772020,1
34491.0,1,279588,800,773680,-1
34491.626,1,280038,100,771200,1
34491.683,2,279124,800,772020,1
34491.685,2,279588,800,773680,-1
34491.759,1,280110,800,771920,1
34491.859,2,280110,800,771920,1
34492.34,1,280531,800,771620,1
34492.902,1,280960,800,773280,-1
34492.972,2,280531,800,771620,1
34492.975,2,280960,800,773280,-1
34493.447,1,281279,800,771520,1
34493.994,1,281605,800,773180,-1
34494.039,2,281279,800,771520,1
34494.041,2,281605,800,773180,-1
34494.2,2,273525,500,773400,-1
34494.233,1,281762,250,773400,-1
34494.54,1,281936,800,771420,1
34495.088,1,282234,800,773080,-1
34495.227,2,281762,250,773400,-1
34495.259,1,282344,500,773400,-1
34495.735,2,281936,800,771420,1
34495.739,2,282234,800,773080,-1
34495.75,1,282691,800,771620,1
34496.293,1,283090,800,773280,-1
34496.643,2,273523,500,771800,1
34496.674,1,283303,250,771800,1
34496.684,2,282691,800,771620,1
34496.686,2,283090,800,773280,-1
34496.899,1,283472,800,771520,1
34497.447,1,283786,800,773180,-1
34497.761,2,283303,250,771800,1
34497.763,2,282344,500,773400,-1
34497.793,1,284060,500,771400,1
34497.796,1,284062,250,773000,-1
34498.657,2,284060,500,771400,1
34498.658,2,284062,250,773000,-1
34498.719,1,284728,250,771800,1
34498.722,1,284731,500,773400,-1
34498.8,2,283472,800,771520,1
34498.803,2,283786,800,773180,-1
34498.822,1,284845,800,771220,1
34499.01,2,284845,800,771220,1
34499.341,1,285290,800,771520,1
34499.92,1,285713,800,773180,-1
34500.02,1,285800,800,774800,-1
34500.023,1,285802,800,771300,1
34500.688,2,285290,800,771520,1
34500.69,2,285713,800,773180,-1
34500.79,1,286344,800,771420,1
34500.993,2,284728,250,771800,1
34501.024,1,286473,500,771400,1
34501.061,2,286473,500,771400,1
34501.11,1,286523,250,771800,1
34501.136,2,286523,250,771800,1
34501.137,2,284731,500,773400,-1
34501.167,1,286572,500,771400,1
34501.171,1,286576,250,773000,-1
34501.344,1,286735,800,773080,-1
34501.693,2,286572,500,771400,1
34501.695,2,286576,250,773000,-1
34501.725,1,286996,250,771800,1
34501.727,1,286999,500,773400,-1
34503.757,2,286996,250,771800,1
34503.761,2,286999,500,773400,-1
34503.791,1,288247,500,771400,1
34503.795,1,288252,250,773000,-1
34504.484,2,288252,250,773000,-1
34504.516,1,288831,500,773000,-1
34506.027,2,285802,800,771300,1
34506.031,1,289791,800,771600,1
34506.97,2,273016,300,767900,1
34508.355,2,286344,800,771420,1
34508.358,2,286735,800,773080,-1
34508.446,1,291257,800,771320,1
34508.634,2,285800,800,774800,-1
34508.664,1,291419,1100,775700,-1
34508.995,1,291672,800,772980,-1
34509.718,5,289802,200,771650,1
34509.718,5,290224,400,771610,1
34511.107,2,291257,800,771320,1
34511.109,2,291672,800,772980,-1
34511.212,1,292915,800,771220,1
34511.759,1,293210,800,772880,-1
34512.01,2,289791,800,771600,1
34512.037,1,293342,800,771100,1
34513.672,1,294140,300,766800,1
34514.392,2,292915,800,771220,1
34514.394,2,293210,800,772880,-1
34514.494,1,294663,800,771120,1
34515.04,1,294969,800,772780,-1
34522.669,2,294663,800,771120,1
34522.672,2,294969,800,772780,-1
34522.887,1,299351,800,772680,-1
34532.892,2,299351,800,772680,-1
34532.978,1,305908,800,772680,-1
34533.097,2,288831,500,773000,-1
34533.135,1,306049,250,773000,-1
34533.178,2,305908,800,772680,-1
34533.589,1,306498,800,771220,1
34533.849,2,288247,500,771400,1
34533.85,2,306049,250,773000,-1
34533.88,1,306760,250,771800,1
34533.883,1,306763,500,773400,-1
34533.951,1,306844,200,772000,1
34534.176,1,307093,800,772880,-1
34534.646,2,280038,100,771200,1
34534.804,2,306498,800,771220,1
34534.806,2,307093,800,772880,-1
34534.9,1,307797,800,771320,1
34535.451,1,308189,800,772980,-1
34535.627,1,308345,100,771000,1
34536.119,2,306760,250,771800,1
34536.15,1,308737,500,771800,1
34537.247,2,308737,500,771800,1
34537.278,1,309427,250,771800,1
34537.625,5,307319,500,772040,1
34538.096,2,309427,250,771800,1
34538.103,2,306763,500,773400,-1
34538.143,1,309963,500,771400,1
34538.147,1,309968,250,773000,-1
34538.534,2,293342,800,771100,1
34538.569,1,310346,400,771200,1
34539.064,2,309968,250,773000,-1
34539.096,1,310807,500,773000,-1
34540.108,2,307797,800,771320,1
34540.114,2,308189,800,772980,-1
34540.124,1,311581,800,772780,-1
34540.569,2,306844,200,772000,1
34540.725,1,312076,800,771120,1
34541.722,2,312076,800,771120,1
34541.724,2,311581,800,772780,-1
34541.826,1,312862,800,771020,1
34542.369,1,313194,800,772680,-1
34544.73,2,312862,800,771020,1
34544.732,2,313194,800,772680,-1
34544.793,1,314733,800,771220,1
34545.232,2,314733,800,771220,1
34545.337,1,315099,800,771220,1
34545.884,1,315461,800,772880,-1
34546.205,2,315099,800,771220,1
34546.208,2,315461,800,772880,-1
34546.43,1,315735,800,771120,1
34546.615,2,308345,100,771000,1
34546.996,1,316040,800,772780,-1
34547.656,1,316354,100,771700,1
34550.288,2,315735,800,771120,1
34550.292,2,316040,800,772780,-1
34550.399,1,317654,800,772880,-1
34550.456,1,317681,1000,771700,1
34550.946,1,317901,800,771220,1
34551.079,2,317654,800,772880,-1
34551.081,2,317901,800,771220,1
34551.148,2,309963,500,771400,1
34551.178,1,318015,250,771400,1
34551.276,2,318015,250,771400,1
34551.308,1,318097,500,771400,1
34551.511,1,318214,800,772580,-1
34551.693,2,318097,500,771400,1
34551.724,1,318364,250,771400,1
34551.804,2,318364,250,771400,1
34551.806,2,310807,500,773000,-1
34551.836,1,318440,500,771000,1
34551.839,1,318444,250,772600,-1
34552.03,2,310346,400,771200,1
34552.089,1,318658,800,771100,1
34552.547,2,317681,1000,771700,1
34553.25,2,318658,800,771100,1
34553.268,2,318214,800,772580,-1
34553.284,2,291419,1100,775700,-1
34553.292,1,319746,800,771000,1
34553.325,1,319786,1100,774400,-1
34553.369,1,319828,800,772680,-1
34553.519,2,318440,500,771000,1
34553.521,2,318444,250,772600,-1
34553.559,1,319989,250,771400,1
34553.564,1,319993,500,773000,-1
34553.968,1,320329,800,771020,1
34554.029,2,319989,250,771400,1
34554.03,2,319993,500,773000,-1
34554.059,1,320430,500,771000,1
34554.064,1,320434,250,772600,-1
34555.471,2,319746,800,771000,1
34555.475,1,321453,800,770800,1
34556.275,2,320329,800,771020,1
34556.278,2,319828,800,772680,-1
34556.301,1,321976,800,772380,-1
34556.668,2,321976,800,772380,-1
34556.68,2,320434,250,772600,-1
34556.711,1,322277,500,772600,-1
34556.839,1,322415,800,772480,-1
34557.383,1,322801,800,770820,1
34557.977,2,322277,500,772600,-1
34558.009,1,323158,250,772600,-1
34558.526,2,323158,250,772600,-1
34558.557,1,323524,500,772600,-1
34558.656,2,321453,800,770800,1
34558.68,1,323607,800,770100,1
34559.188,2,319786,1100,774400,-1
34559.201,1,323985,800,773300,-1
34559.59,2,316354,100,771700,1
34560.626,1,324823,100,771800,1
34561.966,4,324823,100,771800,1
34561.968,2,322801,800,770820,1
34561.972,2,322415,800,772480,-1
34562.102,1,325864,800,772280,-1
34562.15,1,325908,400,772100,-1
34562.243,2,325908,400,772100,-1
34562.62,1,326270,800,770620,1
34562.921,2,326270,800,770620,1
34562.923,2,325864,800,772280,-1
34563.175,1,326680,800,772380,-1
34563.742,1,327055,800,770720,1
34566.155,2,323985,800,773300,-1
34566.16,1,328834,800,772800,-1
34566.712,2,327055,800,770720,1
34566.714,2,326680,800,772380,-1
34566.833,1,329391,800,772480,-1
34567.202,2,329391,800,772480,-1
34567.439,1,329874,800,772680,-1
34567.919,2,329874,800,772680,-1
34568.01,1,330385,800,772480,-1
34568.562,1,330892,800,770820,1
34572.94,2,330892,800,770820,1
34572.945,2,330385,800,772480,-1
34573.042,1,333720,800,772580,-1
34573.587,1,334078,800,770920,1
34573.597,2,320430,500,771000,1
34573.597,2,323524,500,772600,-1
34573.631,1,334109,500,770600,1
34573.636,1,334112,500,772200,-1
34575.788,2,334078,800,770920,1
34575.792,2,333720,800,772580,-1
34575.908,1,335899,800,770820,1
34576.466,1,336279,800,772480,-1
34576.514,2,334109,500,770600,1
34576.545,1,336323,250,770600,1
34577.464,2,335899,800,770820,1
34577.526,2,336279,800,772480,-1
34577.534,1,337009,800,772180,-1
34577.666,2,336323,250,770600,1
34577.668,2,334112,500,772200,-1
34577.697,1,337161,500,770200,1
34577.701,1,337163,250,772100,-1
34577.951,1,337430,800,770520,1
34578.126,1,337601,100,772200,-1
34578.154,2,337161,500,770200,1
34578.156,2,337163,250,772100,-1
34578.185,1,337656,250,770600,1
34578.189,1,337661,500,772200,-1
34579.154,2,337656,250,770600,1
34579.186,1,338550,500,770600,1
34579.723,2,337601,100,772200,-1
34579.731,1,338952,300,771700,-1
34580.331,2,323607,800,770100,1
34580.364,1,339420,800,769700,1
34580.722,2,337430,800,770520,1
34580.728,2,337009,800,772180,-1
34580.847,1,339753,800,770420,1
34581.395,1,340088,800,772080,-1
34582.513,2,339753,800,770420,1
34582.515,2,340088,800,772080,-1
34582.519,1,340843,800,772000,-1
34582.687,2,340843,800,772000,-1
34582.852,1,341120,400,772000,-1
34583.063,1,341272,800,772000,-1
34583.3,2,341120,400,772000,-1
34583.621,1,341667,800,770120,1
34583.734,1,341765,400,772000,-1
34583.79,2,341667,800,770120,1
34583.793,2,341272,800,772000,-1
34584.165,1,342112,800,770420,1
34584.427,2,341765,400,772000,-1
34584.696,2,342112,800,770420,1
34584.714,1,342495,800,771780,-1
34585.279,1,342871,800,770120,1
34585.44,1,342934,400,771400,-1
34586.392,2,342934,400,771400,-1
34587.28,2,328834,800,772800,-1
34587.305,1,344040,800,772300,-1
34587.833,2,342871,800,770120,1
34587.84,2,342495,800,771780,-1
34587.931,1,344475,800,770220,1
34588.23,2,339420,800,769700,1
34588.235,1,344693,800,769200,1
34588.48,1,344844,800,771880,-1
34592.076,2,344475,800,770220,1
34592.082,2,344844,800,771880,-1
34592.141,1,347145,800,770420,1
34592.733,2,347145,800,770420,1
34592.736,1,347599,800,771880,-1
34593.009,2,344040,800,772300,-1
34593.015,1,347801,800,771900,-1
34593.231,1,347955,800,770220,1
34594.952,4,338550,500,770600,1
34595.432,1,349242,500,769800,1
34595.838,2,337661,500,772200,-1
34595.869,1,349527,250,772200,-1
34596.065,2,349527,250,772200,-1
34596.096,1,349661,500,772200,-1
34596.191,2,347955,800,770220,1
34596.192,2,347599,800,771880,-1
34596.292,1,349789,800,770320,1
34596.862,1,350119,800,771980,-1
34597.736,1,350548,400,771300,-1
34598.902,2,349789,800,770320,1
34598.907,2,350119,800,771980,-1
34598.951,1,351246,800,771680,-1
34598.991,2,351246,800,771680,-1
34599.222,2,349242,500,769800,1
34599.224,2,349661,500,772200,-1
34599.253,1,351419,500,769400,1
34599.258,1,351429,500,771800,-1
34599.632,1,351812,800,771780,-1
34599.745,2,351812,800,771780,-1
34600.001,2,350548,400,771300,-1
34600.081,1,352160,800,771880,-1
34600.141,2,352160,800,771880,-1
34600.608,1,352566,800,771780,-1
34601.156,1,352901,800,770120,1
34601.295,2,352901,800,770120,1
34601.299,2,352566,800,771780,-1
34601.454,1,353114,400,771400,-1
34601.696,1,353319,800,770320,1
34602.47,2,353114,400,771400,-1
34603.213,2,347801,800,771900,-1
34603.231,2,353319,800,770320,1
34603.24,1,354167,800,771600,-1
34603.261,1,354189,800,771780,-1
34603.772,2,344693,800,769200,1
34603.779,1,354530,1100,768400,1
34603.795,1,354545,800,770120,1
34603.847,2,354189,800,771780,-1
34603.856,2,354545,800,770120,1
34604.338,1,354968,800,771780,-1
34604.884,1,355297,800,770120,1
34604.999,2,354968,800,771780,-1
34605.002,2,355297,800,770120,1
34605.129,1,355437,400,771400,-1
34605.43,1,355620,800,770420,1
34606.951,2,355437,400,771400,-1
34608.253,1,357335,400,771400,-1
34608.498,2,355620,800,770420,1
34608.546,2,294140,300,766800,1
34608.605,1,357539,800,770320,1
34609.696,2,357539,800,770320,1
34609.809,1,358325,800,770220,1
34610.023,1,358506,300,765700,1
34610.35,2,354167,800,771600,-1
34610.374,1,358735,800,771800,-1
34610.655,1,358943,400,771300,-1
34610.656,2,357335,400,771400,-1
34611.26,2,358325,800,770220,1
34611.386,1,359488,800,770120,1
34611.915,1,359798,800,771780,-1
34615.671,2,359488,800,770120,1
34615.675,2,359798,800,771780,-1
34615.779,1,361970,800,770020,1
34616.322,1,362244,800,771680,-1
34619.144,2,354530,1100,768400,1
34619.167,1,363766,800,769100,1
34619.498,2,358735,800,771800,-1
34619.507,1,363966,800,772000,-1
34620.255,1,364408,400,771200,-1
34620.337,2,358943,400,771300,-1
34620.706,2,361970,800,770020,1
34620.708,2,362244,800,771680,-1
34620.824,1,364712,800,771780,-1
34621.376,1,365013,800,770120,1
34622.435,2,364408,400,771200,-1
34622.569,2,363966,800,772000,-1
34622.603,1,365665,800,772300,-1
34624.206,2,365013,800,770120,1
34624.208,2,364712,800,771780,-1
34624.344,1,366786,800,771580,-1
34624.456,2,366786,800,771580,-1
34624.891,1,367202,800,771580,-1
34625.35,1,367554,400,771200,-1
34625.446,1,367613,800,769920,1
34626.156,2,367613,800,769920,1
34626.166,2,367202,800,771580,-1
34626.22,1,368046,800,770220,1
34627.674,2,367554,400,771200,-1
34627.758,1,368908,800,771880,-1
34629.295,2,363766,800,769100,1
34629.3,1,369696,800,769700,1
34631.169,2,368046,800,770220,1
34631.282,2,368908,800,771880,-1
34631.289,1,370667,800,770120,1
34631.819,1,370904,800,771780,-1
34633.139,2,370667,800,770120,1
34633.141,2,370904,800,771780,-1
34633.149,1,371562,800,771880,-1
34633.698,1,371862,800,770220,1
34635.481,2,371862,800,770220,1
34635.483,2,371562,800,771880,-1
34635.485,1,373094,800,770520,1
34635.979,1,373542,800,772180,-1
34636.162,2,351429,500,771800,-1
34636.184,2,338952,300,771700,-1
34636.201,1,373766,250,771800,-1
34636.34,2,351419,500,769400,1
34636.343,2,373766,250,771800,-1
34636.374,1,373935,500,769800,1
34636.38,1,373947,500,772200,-1
34637.15,2,365665,800,772300,-1
34637.209,1,374784,800,772800,-1
34637.518,2,369696,800,769700,1
34637.538,1,375064,800,770200,1
34638.077,1,375543,500,770700,1
34641.714,2,374784,800,772800,-1
34641.749,1,378617,1200,773300,-1
34642.208,2,373947,500,772200,-1
34642.24,1,378991,250,772200,-1
34642.99,2,373935,500,769800,1
34642.992,2,378991,250,772200,-1
34643.022,1,379521,250,770200,1
34643.024,1,379524,500,772600,-1
34643.097,2,379521,250,770200,1
34643.13,1,379632,500,770200,1
34643.38,1,379841,1000,771100,1
34643.924,2,379841,1000,771100,1
34645.453,2,373094,800,770520,1
34645.459,2,373542,800,772180,-1
34645.508,1,381556,800,770720,1
34645.656,1,381679,1000,771100,1
34646.039,1,382085,800,772380,-1
34646.13,2,381679,1000,771100,1
34646.171,2,381556,800,770720,1
34646.173,2,382085,800,772380,-1
34646.593,1,382544,800,772480,-1
34647.136,1,382906,800,770820,1
34647.708,1,383305,900,771100,1
34647.902,2,382906,800,770820,1
34647.905,2,382544,800,772480,-1
34648.014,1,383489,800,772580,-1
34648.557,1,383847,800,770920,1
34648.57,2,379524,500,772600,-1
34648.602,1,383880,250,772600,-1
34649.155,1,384348,1000,771500,1
34649.238,2,383305,900,771100,1
34649.242,2,383880,250,772600,-1
34649.277,1,384448,500,773000,-1
34649.381,2,379632,500,770200,1
34649.414,1,384599,250,770600,1
34649.648,2,384599,250,770600,1
34649.68,1,384832,500,770600,1
34650.366,2,375064,800,770200,1
34650.372,1,385435,800,770600,1
34650.704,2,383847,800,770920,1
34650.715,2,383489,800,772580,-1
34650.804,1,385802,800,772680,-1
34651.338,1,386180,800,771020,1
34651.406,2,384832,500,770600,1
34651.439,1,386237,250,770600,1
34652.056,2,386237,250,770600,1
34652.072,2,384448,500,773000,-1
34652.087,1,386783,250,770200,1
34652.107,1,386802,250,772600,-1
34652.665,2,386802,250,772600,-1
34652.697,1,387373,500,772600,-1
34653.391,2,386783,250,770200,1
34653.421,1,387974,500,770200,1
34653.46,2,387974,500,770200,1
34653.491,1,388037,250,770200,1
34654.421,1,388727,500,771100,1
34654.422,2,375543,500,770700,1
34654.565,2,388037,250,770200,1
34654.599,1,388872,500,770200,1
34655.836,2,386180,800,771020,1
34655.84,2,385802,800,772680,-1
34655.932,1,390046,800,772780,-1
34655.984,2,387373,500,772600,-1
34656.016,1,390122,250,772600,-1
34656.465,2,390122,250,772600,-1
34656.497,1,390521,500,772600,-1
34656.508,1,390527,800,771120,1
34657.725,2,378617,1200,773300,-1
34657.747,1,391485,1200,773700,-1
34659.382,2,390527,800,771120,1
34659.386,2,390046,800,772780,-1
34659.409,1,392735,800,772580,-1
34659.957,1,393171,800,770920,1
34660.585,2,384348,1000,771500,1
34661.497,2,393171,800,770920,1
34661.507,2,392735,800,772580,-1
34661.526,1,394343,800,771120,1
34661.962,2,394343,800,771120,1
34662.023,1,394786,800,771020,1
34662.573,1,395252,800,772680,-1
34662.723,1,395343,300,771500,1
34662.987,2,395343,300,771500,1
34663.342,2,394786,800,771020,1
34663.344,2,395252,800,772680,-1
34663.445,1,395779,800,770920,1
34663.639,1,395915,400,771500,1
34663.991,1,396171,800,772580,-1
34665.68,2,395915,400,771500,1
34665.833,2,388872,500,770200,1
34665.868,1,397449,250,770200,1
34666.778,2,397449,250,770200,1
34666.779,2,390521,500,772600,-1
34666.81,1,398125,500,769800,1
34666.814,1,398130,250,772200,-1
34666.998,1,398263,400,772200,-1
34667.083,2,398263,400,772200,-1
34667.173,2,395779,800,770920,1
34667.179,2,396171,800,772580,-1
34667.273,1,398510,800,770820,1
34667.754,2,398130,250,772200,-1
34667.788,1,398931,500,772600,-1
34667.883,2,398125,500,769800,1
34667.902,1,399040,800,772480,-1
34667.916,1,399056,250,770200,1
34668.006,2,399056,250,770200,1
34668.008,2,398931,500,772600,-1
34668.028,1,399179,200,771500,1
34668.038,1,399185,500,769800,1
34668.043,1,399191,250,772200,-1
34668.142,2,399179,200,771500,1
34668.226,2,399191,250,772200,-1
34668.261,1,399394,500,772200,-1
34668.365,2,398510,800,770820,1
34668.516,2,399040,800,772480,-1
34668.528,1,399666,800,772280,-1
34668.898,1,399998,100,773000,-1
34668.994,1,400067,800,770620,1
34669.341,2,400067,800,770620,1
34669.346,2,399666,800,772280,-1
34669.59,1,400582,800,770920,1
34670.159,1,401044,800,772580,-1
34670.266,2,399394,500,772200,-1
34670.298,1,401186,250,772200,-1
34670.713,2,400582,800,770920,1
34670.716,2,401044,800,772580,-1
34670.931,1,401694,800,770920,1
34671.087,2,399185,500,769800,1
34671.089,2,401186,250,772200,-1
34671.124,1,401861,250,770200,1
34671.143,1,401882,500,772600,-1
34671.463,1,402171,800,772580,-1
34673.11,2,401694,800,770920,1
34673.112,2,402171,800,772580,-1
34673.211,1,403410,800,772680,-1
34673.695,2,391485,1200,773700,-1
34673.7,1,403676,1100,774100,-1
34673.76,1,403713,800,771020,1
34674.116,2,401861,250,770200,1
34674.118,2,401882,500,772600,-1
34674.149,1,403900,500,769800,1
34674.151,1,403902,250,772200,-1
34675.188,2,403713,800,771020,1
34675.19,2,403410,800,772680,-1
34675.29,1,404741,800,770920,1
34675.497,1,404884,200,772200,-1
34675.844,1,405136,800,772580,-1
34676.075,2,403900,500,769800,1
34676.076,2,403902,250,772200,-1
34676.106,1,405337,250,770200,1
34676.108,1,405338,500,772600,-1
34676.235,1,405459,200,771400,1
34676.739,2,405459,200,771400,1
34677.269,2,388727,500,771100,1
34677.426,2,404884,200,772200,-1
34677.538,2,404741,800,770920,1
34677.545,2,405136,800,772580,-1
34677.565,1,406512,800,771120,1
34677.716,2,406512,800,771120,1
34677.965,1,406852,800,771400,1
34678.01,1,406878,800,772580,-1
34678.051,2,406852,800,771400,1
34678.143,2,406878,800,772580,-1
34678.16,2,405337,250,770200,1
34678.192,1,407024,500,770200,1
34678.595,1,407378,800,772580,-1
34678.636,2,407378,800,772580,-1
34679.136,1,407795,800,772680,-1
34679.679,1,408108,800,771020,1
34680.013,2,408108,800,771020,1
34680.015,2,407795,800,772680,-1
34680.238,1,408490,800,770920,1
34680.343,2,385435,800,770600,1
34680.347,1,408564,800,770900,1
34680.808,1,408870,800,772580,-1
34682.349,1,409822,200,771400,1
34682.52,2,409822,200,771400,1
34683.923,2,358506,300,765700,1
34684.24,2,251020,300,779500,-1
34685.423,2,408490,800,770920,1
34685.426,2,408870,800,772580,-1
34685.595,1,411934,800,772680,-1
34685.886,1,412120,300,766900,1
34686.134,1,412243,800,771020,1
34686.292,1,412335,300,777000,-1
34687.607,2,407024,500,770200,1
34687.637,1,413067,250,770200,1
34688.194,2,413067,250,770200,1
34688.2,2,405338,500,772600,-1
34688.224,1,413438,500,769800,1
34688.236,1,413454,250,772200,-1
34688.896,2,413454,250,772200,-1
34688.927,1,414103,500,772600,-1
34688.956,2,414103,500,772600,-1
34688.987,1,414161,250,772200,-1
34689.139,2,414161,250,772200,-1
34689.17,1,414318,500,772200,-1
34689.804,2,414318,500,772200,-1
34689.835,1,414748,250,772200,-1
34691.166,2,411934,800,772680,-1
34691.173,2,412243,800,771020,1
34691.198,1,415667,800,772480,-1
34691.206,2,413438,500,769800,1
34691.208,2,414748,250,772200,-1
34691.236,1,415701,250,770200,1
34691.323,1,415772,500,772600,-1
34691.692,1,416084,800,770820,1
34692.914,2,416084,800,770820,1
34692.916,2,415667,800,772480,-1
34692.927,1,416929,800,772680,-1
34693.478,1,417300,800,771020,1
34693.508,2,415701,250,770200,1
34693.539,1,417329,500,769800,1
34693.834,2,417329,500,769800,1
34693.867,1,417587,250,770200,1
34694.126,2,417587,250,770200,1
34694.128,2,415772,500,772600,-1
34694.157,1,417794,500,769800,1
34694.161,1,417798,250,772200,-1
34695.775,1,418965,100,771100,1
34697.077,2,417794,500,769800,1
34697.079,2,417798,250,772200,-1
34697.112,1,419665,250,770200,1
34697.115,1,419668,500,772600,-1
34700.456,2,417300,800,771020,1
34700.459,2,416929,800,772680,-1
34700.463,1,421746,800,772780,-1
34700.496,1,421777,100,771300,1
34700.633,2,421746,800,772780,-1
34700.656,2,418965,100,771100,1
34700.719,2,421777,100,771300,1
34701.002,1,422217,800,772680,-1
34701.075,2,422217,800,772680,-1
34701.154,1,422351,100,771400,1
34701.287,1,422466,1000,771800,1
34701.355,2,422351,100,771400,1
34701.561,1,422674,800,771220,1
34701.585,2,419665,250,770200,1
34701.616,1,422710,500,770200,1
34701.704,1,422785,100,771400,1
34701.736,2,422674,800,771220,1
34701.898,2,422785,100,771400,1
34702.103,1,423084,800,772680,-1
34702.254,1,423182,100,771100,1
34702.545,2,422466,1000,771800,1
34702.65,1,423395,800,771020,1
34703.384,2,422710,500,770200,1
34703.415,1,423843,250,770200,1
34704.028,2,423843,250,770200,1
34704.029,2,419668,500,772600,-1
34704.059,1,424158,500,769800,1
34704.063,1,424161,250,772200,-1
34706.257,2,424161,250,772200,-1
34706.291,1,425485,500,772200,-1
34706.563,2,425485,500,772200,-1
34706.594,1,425629,250,772200,-1
34707.512,2,424158,500,769800,1
34707.514,2,425629,250,772200,-1
34707.548,1,426186,500,770200,1
34707.55,1,426188,500,772600,-1
34708.032,2,423395,800,771020,1
34708.034,2,423084,800,772680,-1
34708.142,1,426584,800,772780,-1
34708.679,1,426893,800,771120,1
34709.239,2,426186,500,770200,1
34709.269,1,427171,500,769800,1
34709.978,2,426188,500,772600,-1
34710.011,1,427596,250,772200,-1
34710.333,2,427596,250,772200,-1
34710.366,1,427871,500,772200,-1
34713.541,2,427871,500,772200,-1
34713.573,1,429727,250,772200,-1
34713.9,1,429953,500,772690,-1
34714.444,1,430231,500,770610,1
34716.015,2,426893,800,771120,1
34716.02,2,426584,800,772780,-1
34716.123,1,431092,800,772880,-1
34716.253,2,427171,500,769800,1
34716.254,2,429727,250,772200,-1
34716.285,1,431180,250,770200,1
34716.288,1,431184,500,772600,-1
34716.665,1,431463,800,771220,1
34716.775,2,431180,250,770200,1
34716.806,1,431546,500,770200,1
34717.31,2,403676,1100,774100,-1
34717.321,1,431889,800,773700,-1
34720.094,1,433321,500,772000,1
34721.939,2,433321,500,772000,1
34722.913,2,431463,800,771220,1
34722.915,2,431092,800,772880,-1
34723.072,1,434810,800,772980,-1
34723.244,2,430231,500,770610,1
34723.245,2,429953,500,772690,-1
34723.265,2,434810,800,772980,-1
34723.307,1,434943,500,770510,1
34723.345,2,423182,100,771100,1
34723.345,1,434974,100,772300,-1
34723.633,1,435178,800,772680,-1
34723.834,1,435318,500,772590,-1
34723.878,2,434943,500,770510,1
34723.879,2,435318,500,772590,-1
34724.189,1,435552,800,771120,1
34724.191,2,435178,800,772680,-1
34724.384,1,435689,500,772490,-1
34724.475,2,431889,800,773700,-1
34724.508,1,435774,800,773100,-1
34724.528,2,435689,500,772490,-1
34724.743,2,408564,800,770900,1
34724.752,1,435940,800,770500,1
34724.838,1,435986,800,772780,-1
34724.928,1,436038,500,772590,-1
34725.255,2,436038,500,772590,-1
34725.475,1,436321,500,772490,-1
34725.999,2,431546,500,770200,1
34726.022,1,436654,500,770410,1
34726.029,1,436659,250,770200,1
34726.792,2,436654,500,770410,1
34726.793,2,436321,500,772490,-1
34726.797,1,437081,500,772590,-1
34726.861,2,436659,250,770200,1
34726.893,1,437133,500,770200,1
34727.335,1,437344,500,770510,1
34727.666,2,437344,500,770510,1
34727.669,2,437081,500,772590,-1
34727.882,1,437655,500,772490,-1
34727.918,2,437655,500,772490,-1
34728.429,1,437895,500,772590,-1
34728.974,1,438238,500,770510,1
34730.985,2,435552,800,771120,1
34730.989,2,438238,500,770510,1
34730.994,2,437895,500,772590,-1
34730.999,2,435986,800,772780,-1
34731.023,1,439359,800,771320,1
34731.037,2,434974,100,772300,-1
34731.086,1,439394,500,772790,-1
34731.195,1,439478,100,771300,1
34731.537,1,439723,800,772980,-1
34731.602,1,439771,500,770710,1
34736.407,2,439359,800,771320,1
34736.41,2,439723,800,772980,-1
34736.509,1,442510,800,771220,1
34737.054,1,442762,800,772880,-1
34737.275,2,431184,500,772600,-1
34737.306,1,442870,250,772600,-1
34737.334,2,437133,500,770200,1
34737.336,2,442870,250,772600,-1
34737.372,1,442909,250,770600,1
34737.376,1,442914,500,773000,-1
34737.772,2,442909,250,770600,1
34737.803,1,443230,500,770600,1
34741.842,2,443230,500,770600,1
34741.873,1,445510,250,770600,1
34742.075,2,445510,250,770600,1
34742.108,1,445663,500,770200,1
34742.17,2,442914,500,773000,-1
34742.202,1,445733,250,772600,-1
34742.241,2,445733,250,772600,-1
34742.273,1,445786,500,772600,-1
34743.383,2,445786,500,772600,-1
34743.417,1,446731,250,772600,-1
34743.532,2,446731,250,772600,-1
34743.564,1,446851,500,772600,-1
34745.69,2,445663,500,770200,1
34745.723,1,448333,250,770200,1
34746.015,2,448333,250,770200,1
34746.015,2,446851,500,772600,-1
34746.057,1,448561,500,769800,1
34746.06,1,448564,500,772200,-1
34746.508,2,442510,800,771220,1
34746.711,1,449106,800,771220,1
34747.059,2,442762,800,772880,-1
34747.637,2,439771,500,770710,1
34747.639,2,439394,500,772790,-1
34747.645,1,449754,500,772590,-1
34747.668,2,439478,100,771300,1
34747.728,2,449106,800,771220,1
34747.765,1,449849,100,772300,-1
34747.778,1,449863,800,772580,-1
34748.117,1,450121,500,770510,1
34748.129,2,449849,100,772300,-1
34748.302,1,450249,800,770920,1
34748.341,1,450273,100,772400,-1
34748.357,2,450249,800,770920,1
34748.358,2,449863,800,772580,-1
34748.873,1,450663,800,771020,1
34749.371,2,448561,500,769800,1
34749.402,1,451028,250,769800,1
34749.517,2,451028,250,769800,1
34749.519,2,448564,500,772200,-1
34749.549,1,451128,500,769400,1
34749.555,1,451134,250,772000,-1
34749.876,2,451134,250,772000,-1
34749.907,1,451491,500,772000,-1
34750.033,1,451616,800,772680,-1
34751.909,5,451629,200,771950,-1
34751.909,5,451537,300,771960,-1
34754.186,2,451491,500,772000,-1
34754.799,2,451128,500,769400,1
34754.834,1,455206,250,769400,1
34755.164,2,455206,250,769400,1
34755.167,1,455491,250,771960,-1
34755.196,1,455516,500,769000,1
34755.96,2,455491,250,771960,-1
34755.992,1,456347,500,772000,-1
34758.879,2,450663,800,771020,1
34759.024,1,458710,800,771020,1
34759.386,2,451616,800,772680,-1
34759.391,2,450121,500,770510,1
34759.395,2,449754,500,772590,-1
34759.398,2,458710,800,771020,1
34759.411,1,458998,500,770410,1
34759.594,1,459130,800,772580,-1
34759.767,2,459130,800,772580,-1
34759.941,1,459447,500,772490,-1
34760.136,1,459603,800,772480,-1
34760.155,1,459617,100,772200,-1
34760.211,2,450273,100,772400,-1
34760.328,2,458998,500,770410,1
34760.334,2,459447,500,772490,-1
34760.475,1,459874,500,772390,-1
34760.695,1,460046,800,770820,1
34761.021,1,460281,500,770310,1
34761.311,1,460470,400,772300,-1
34761.826,2,435774,800,773100,-1
34761.831,1,460802,800,772800,-1
34762.92,2,460046,800,770820,1
34762.922,2,459603,800,772480,-1
34763.024,1,461551,800,770920,1
34764.698,2,456347,500,772000,-1
34764.711,2,459617,100,772200,-1
34764.774,1,462535,800,772580,-1
34765.186,2,460281,500,770310,1
34765.188,2,459874,500,772390,-1
34765.287,1,462832,500,772390,-1
34765.614,2,462832,500,772390,-1
34765.837,1,463128,500,772490,-1
34766.019,1,463265,100,772210,-1
34766.235,2,461551,800,770920,1
34766.238,2,462535,800,772580,-1
34766.335,1,463451,800,771020,1
34766.383,1,463474,500,770410,1
34766.632,1,463612,250,772210,-1
34766.734,2,455516,500,769000,1
34766.735,2,463612,250,772210,-1
34766.765,1,463685,250,769400,1
34766.772,1,463694,500,772210,-1
34766.897,2,463685,250,769400,1
34766.928,1,463827,500,769400,1
34767.039,2,463827,500,769400,1
34767.073,1,463933,250,769400,1
34767.576,2,463933,250,769400,1
34767.608,1,464380,500,769400,1
34767.679,2,464380,500,769400,1
34767.711,1,464444,250,769400,1
34767.809,2,464444,250,769400,1
34767.844,1,464531,500,769400,1
34767.893,2,460802,800,772800,-1
34767.9,1,464571,800,772600,-1
34769.373,2,463474,500,770410,1
34769.382,2,463128,500,772490,-1
34769.437,2,463451,800,771020,1
34769.442,1,465518,800,771220,1
34769.444,1,465521,100,771200,1
34769.446,2,463265,100,772210,-1
34769.507,1,465580,500,772690,-1
34769.593,2,464571,800,772600,-1
34769.598,1,465679,800,772800,-1
34769.628,2,465518,800,771220,1
34769.632,2,465580,500,772690,-1
34769.655,2,465521,100,771200,1
34769.858,2,463694,500,772210,-1
34769.942,1,465988,100,771200,1
34769.963,1,466005,800,771220,1
34769.99,1,466023,500,772590,-1
34770.045,2,466023,500,772590,-1
34770.524,1,466374,800,772880,-1
34770.538,1,466386,500,772690,-1
34770.608,2,466386,500,772690,-1
34770.72,2,465988,100,771200,1
34770.723,1,466537,100,772200,-1
34770.77,2,465679,800,772800,-1
34770.779,1,466575,800,773000,-1
34770.803,2,466005,800,771220,1
34770.81,2,466374,800,772880,-1
34771.091,1,466802,500,772490,-1
34771.102,1,466815,800,772680,-1
34771.632,1,467144,500,770410,1
34771.683,1,467174,800,771020,1
34771.693,2,466802,500,772490,-1
34771.696,2,467144,500,770410,1
34772.157,2,466537,100,772200,-1
34772.179,1,467462,500,772490,-1
34772.263,1,467506,400,772000,-1
34772.34,1,467568,100,772300,-1
34772.351,2,460470,400,772300,-1
34772.484,2,467462,500,772490,-1
34772.724,1,467834,500,772590,-1
34772.974,2,464531,500,769400,1
34773.005,1,468053,250,769400,1
34773.273,1,468197,500,770510,1
34773.33,2,468053,250,769400,1
34773.361,1,468262,500,769000,1
34773.46,2,467174,800,771020,1
34773.463,2,466815,800,772680,-1
34773.467,1,468351,250,772100,-1
34773.599,2,468262,500,769000,1
34773.601,2,468351,250,772100,-1
34773.604,1,468470,800,770920,1
34773.63,1,468494,250,769400,1
34773.634,1,468499,500,772100,-1
34773.891,2,468494,250,769400,1
34773.894,2,468499,500,772100,-1
34773.923,1,468723,500,769000,1
34773.925,1,468726,250,772100,-1
34774.024,2,467506,400,772000,-1
34775.246,2,468197,500,770510,1
34775.251,2,467834,500,772590,-1
34775.304,1,469702,800,772580,-1
34775.35,1,469723,500,772490,-1
34775.402,2,469723,500,772490,-1
34775.896,1,470042,500,772590,-1
34776.449,1,470289,500,770510,1
34777.16,2,468726,250,772100,-1
34777.191,1,470730,500,772100,-1
34777.497,2,468470,800,770920,1
34777.499,2,469702,800,772580,-1
34777.712,1,470989,800,771020,1
34779.375,2,470730,500,772100,-1
34779.463,1,471874,800,772680,-1
34780.496,2,470289,500,770510,1
34780.498,2,470042,500,772590,-1
34780.601,1,472394,500,772690,-1
34780.807,2,472394,500,772690,-1
34780.861,2,470989,800,771020,1
34780.867,2,471874,800,772680,-1
34780.885,1,472550,800,771220,1
34780.928,2,467568,100,772300,-1
34780.928,1,472574,100,771200,1
34781.146,1,472711,500,772790,-1
34781.436,1,472876,800,772880,-1
34781.643,2,472550,800,771220,1
34781.645,2,472876,800,772880,-1
34781.696,1,473008,500,770710,1
34781.735,1,473032,250,771810,-1
34781.931,2,468723,500,769000,1
34781.932,2,473032,250,771810,-1
34781.963,1,473175,250,769400,1
34781.966,1,473177,500,771810,-1
34782.028,1,473242,800,771120,1
34782.169,2,473175,250,769400,1
34782.201,1,473393,500,769400,1
34782.533,1,473652,800,772780,-1
34783.599,2,473008,500,770710,1
34783.604,2,472711,500,772790,-1
34783.616,2,473242,800,771120,1
34783.622,2,473652,800,772780,-1
34783.633,1,474422,800,770820,1
34783.649,2,472574,100,771200,1
34783.649,1,474435,500,772590,-1
34783.739,1,474505,100,772300,-1
34783.767,2,474435,500,772590,-1
34784.069,1,474768,800,772480,-1
34784.124,1,474823,500,772590,-1
34784.295,1,474953,1000,771500,1
34784.384,2,474953,1000,771500,1
34784.65,1,475255,500,770510,1
34784.703,2,475255,500,770510,1
34784.704,2,474823,500,772590,-1
34785.016,2,473393,500,769400,1
34785.026,2,473177,500,771810,-1
34785.048,1,475527,500,769800,1
34785.061,1,475536,500,772200,-1
34785.367,1,475817,500,772490,-1
34785.792,1,476223,500,770410,1
34786.177,2,476223,500,770410,1
34786.18,2,475817,500,772490,-1
34786.287,1,476579,500,772590,-1
34786.833,1,476975,500,770510,1
34787.419,2,476975,500,770510,1
34787.425,2,476579,500,772590,-1
34787.429,2,474422,800,770820,1
34787.431,2,474768,800,772480,-1
34787.435,1,477442,500,772690,-1
34787.465,1,477470,100,771200,1
34787.47,2,474505,100,772300,-1
34787.587,1,477584,800,771020,1
34787.83,2,477442,500,772690,-1
34787.934,1,477883,500,770710,1
34788.07,1,478016,800,772680,-1
34788.347,1,478239,1000,771500,1
34788.48,1,478319,500,772790,-1
34789.94,2,477584,800,771020,1
34789.943,2,478016,800,772680,-1
34790.043,1,479358,800,770920,1
34790.604,1,479670,800,772580,-1
34791.646,2,478239,1000,771500,1
34792.722,2,475527,500,769800,1
34792.752,1,480879,250,769800,1
34795.019,2,480879,250,769800,1
34795.049,1,482097,500,769800,1
34796.139,2,479358,800,770920,1
34796.141,2,479670,800,772580,-1
34796.241,1,482630,800,771020,1
34796.608,2,482097,500,769800,1
34796.639,1,482817,250,769800,1
34796.79,1,482898,800,772680,-1
34796.923,1,482976,500,772000,-1
34798.097,4,482976,300,772000,-1
34798.101,4,482976,200,772000,-1
34798.908,2,482817,250,769800,1
34798.943,1,483935,500,769800,1
34799.386,2,399998,100,773000,-1
34799.437,2,482630,800,771020,1
34799.443,2,482898,800,772680,-1
34799.634,2,477883,500,770710,1
34799.637,2,478319,500,772790,-1
34799.65,1,484352,800,771120,1
34799.743,1,484402,500,772890,-1
34799.839,2,466575,800,773000,-1
34799.849,1,484459,800,773300,-1
34800.197,1,484656,800,772780,-1
34800.287,1,484724,500,770810,1
34800.668,2,475536,500,772200,-1
34800.702,1,484979,250,772200,-1
34801.164,2,484352,800,771120,1
34801.167,2,484656,800,772780,-1
34801.289,1,485324,800,772880,-1
34801.427,2,483935,500,769800,1
34801.428,2,484979,250,772200,-1
34801.465,1,485423,250,770200,1
34801.468,1,485426,500,772600,-1
34801.852,1,485719,800,771220,1
34802.13,2,485423,250,770200,1
34802.161,1,485927,500,770200,1
34802.768,2,484724,500,770810,1
34802.772,2,484402,500,772890,-1
34802.827,2,485719,800,771220,1
34802.829,2,485324,800,772880,-1
34802.888,1,486555,500,773090,-1
34802.909,1,486568,800,773180,-1
34802.957,1,486610,100,771400,1
34802.958,2,477470,100,771200,1
34803.355,1,486997,500,771010,1
34803.404,1,487043,800,771520,1
34803.656,1,487314,200,772200,1
34803.668,2,486997,500,771010,1
34803.677,2,486555,500,773090,-1
34803.904,1,487555,500,773090,-1
34804.051,2,487555,500,773090,-1
34804.455,1,488018,500,773190,-1
34804.991,1,488464,500,771110,1
34805.173,4,485426,300,772600,-1
34805.486,2,485426,200,772600,-1
34805.62,2,487314,200,772200,1
34805.643,1,489010,250,772600,-1
34805.649,2,488464,500,771110,1
34805.653,2,488018,500,773190,-1
34805.747,2,487043,800,771520,1
34805.749,2,486568,800,773180,-1
34805.775,1,489100,800,771420,1
34805.814,2,486610,100,771400,1
34805.887,1,489202,500,772990,-1
34805.981,2,489100,800,771420,1
34806.021,1,489313,100,771500,1
34806.24,1,489497,800,773180,-1
34806.318,2,489202,500,772990,-1
34806.343,1,489617,500,773090,-1
34806.371,2,489497,800,773180,-1
34806.386,2,489313,100,771500,1
34806.532,2,489617,500,773090,-1
34806.566,1,489820,100,772600,-1
34806.823,1,490035,800,772980,-1
34806.859,1,490066,500,772990,-1
34806.935,2,484459,800,773300,-1
34806.958,1,490146,800,773600,-1
34807.163,2,490035,800,772980,-1
34807.379,1,490459,800,771420,1
34807.399,1,490478,500,770910,1
34807.76,2,485927,500,770200,1
34807.762,2,489010,250,772600,-1
34807.791,1,490815,500,770600,1
34807.795,1,490818,250,773000,-1
34807.953,2,490815,500,770600,1
34807.983,1,490989,250,770600,1
34808.028,1,491030,800,773080,-1
34808.67,2,490989,250,770600,1
34808.702,1,491618,500,770600,1
34809.22,2,489820,100,772600,-1
34809.374,1,492139,1000,772400,1
34809.524,1,492287,100,772600,-1
34809.705,2,490459,800,771420,1
34809.708,2,491030,800,773080,-1
34809.803,1,492538,800,771520,1
34810.107,2,490146,800,773600,-1
34810.112,1,492797,1200,774000,-1
34811.155,2,491618,500,770600,1
34811.189,1,493711,250,770600,1
34812.473,2,492139,1000,772400,1
34812.759,2,490478,500,770910,1
34812.761,2,490066,500,772990,-1
34812.866,1,495016,500,773090,-1
34812.891,1,495039,800,773180,-1
34813.282,1,495308,400,772700,-1
34813.411,1,495414,500,771010,1
34813.451,2,495308,400,772700,-1
34815.175,2,493711,250,770600,1
34815.177,2,490818,250,773000,-1
34815.21,1,496639,500,770200,1
34815.214,1,496644,250,772600,-1
34815.525,4,492287,100,772600,-1
34815.525,4,496644,150,772600,-1
34815.811,2,496639,500,770200,1
34815.813,2,496644,100,772600,-1
34815.841,1,497139,100,771900,1
34815.843,1,497142,250,770600,1
34815.847,1,497148,250,773000,-1
34815.964,2,497148,250,773000,-1
34816.09,1,497364,500,773800,-1
34816.107,2,492538,800,771520,1
34816.11,2,495039,800,773180,-1
34816.214,1,497450,800,773280,-1
34816.34,1,497559,100,771900,1
34816.518,2,497142,250,770600,1
34816.554,1,497710,500,770200,1
34816.617,2,497710,500,770200,1
34816.65,1,497794,250,770600,1
34816.764,1,497898,800,771620,1
34817.143,2,497794,250,770600,1
34817.146,2,497364,500,773800,-1
34817.174,1,498241,500,770200,1
34817.179,1,498246,250,773400,-1
34817.561,2,498241,500,770200,1
34817.564,2,498246,250,773400,-1
34817.593,1,498532,250,770600,1
34817.595,1,498535,500,773800,-1
34817.867,2,498532,250,770600,1
34817.87,2,498535,500,773800,-1
34817.899,1,498827,500,770200,1
34817.903,1,498831,250,773400,-1
34818.146,1,499063,100,772100,1
34818.146,2,497139,100,771900,1
34818.2,2,497898,800,771620,1
34818.202,2,497450,800,773280,-1
34818.209,1,499119,800,771820,1
34818.218,2,495414,500,771010,1
34818.22,2,495016,500,773090,-1
34818.231,1,499137,500,773190,-1
34818.35,2,499137,500,773190,-1
34818.636,1,499508,800,773480,-1
34818.665,1,499532,500,773290,-1
34818.749,2,499063,100,772100,1
34818.75,2,497559,100,771900,1
34818.75,1,499613,100,771700,1
34819.211,1,499924,500,771210,1
34819.353,1,500020,100,771700,1
34819.521,1,500132,1000,772500,1
34820.47,2,499924,500,771210,1
34820.471,2,499532,500,773290,-1
34820.486,2,499119,800,771820,1
34820.493,2,499508,800,773480,-1
34820.537,1,500892,800,773280,-1
34820.547,1,500900,500,773190,-1
34820.701,2,500900,500,773190,-1
34820.767,2,500892,800,773280,-1
34821.069,1,501303,500,773290,-1
34821.092,1,501324,800,773580,-1
34821.39,2,500132,1000,772500,1
34821.614,1,501705,500,771210,1
34821.641,1,501720,800,771820,1
34821.644,2,501324,800,773580,-1
34821.704,2,501705,500,771210,1
34821.705,2,501303,500,773290,-1
34822.114,2,498827,500,770200,1
34822.116,2,498831,250,773400,-1
34822.149,1,502030,250,770600,1
34822.153,1,502034,500,773800,-1
34822.176,1,502048,500,773390,-1
34822.199,1,502064,800,773480,-1
34822.587,1,502364,1000,772500,1
34822.599,2,502030,250,770600,1
34822.6,2,502048,500,773390,-1
34822.601,2,502034,500,773800,-1
34822.631,1,502392,500,770200,1
34822.634,1,502397,250,773400,-1
34822.751,1,502508,500,773290,-1
34822.864,2,502364,1000,772500,1
34823.172,2,502508,500,773290,-1
34823.256,1,502880,500,773390,-1
34823.692,2,502880,500,773390,-1
34823.803,1,503233,500,773290,-1
34824.349,1,503552,500,771210,1
34824.388,2,503233,500,773290,-1
34824.895,1,503865,500,773390,-1
34825.537,2,502397,250,773400,-1
34825.573,1,504251,500,773400,-1
34826.084,2,502392,500,770200,1
34826.086,2,504251,500,773400,-1
34826.117,1,504589,500,770600,1
34826.12,1,504595,500,773800,-1
34826.375,2,503552,500,771210,1
34826.505,1,505011,500,771310,1
34828.643,2,505011,500,771310,1
34828.649,2,503865,500,773390,-1
34828.659,1,506531,500,773190,-1
34828.732,2,501720,800,771820,1
34828.733,2,502064,800,773480,-1
34828.742,1,506589,800,773280,-1
34829.162,1,506906,500,771110,1
34829.226,1,506953,800,771620,1
34829.368,2,504589,500,770600,1
34829.398,1,507075,250,770600,1
34829.453,2,506906,500,771110,1
34829.721,1,507383,500,771110,1
34830.27,1,507841,100,772000,1
34830.692,2,507383,500,771110,1
34830.792,2,499613,100,771700,1
34830.793,1,508265,100,772800,-1
34830.802,1,508271,500,771010,1
34830.832,2,507075,250,770600,1
34830.833,2,504595,500,773800,-1
34830.864,1,508324,500,770200,1
34830.867,1,508327,250,773400,-1
34830.884,2,508324,500,770200,1
34830.885,2,508327,250,773400,-1
34830.915,1,508376,250,770600,1
34830.919,1,508382,500,773800,-1
34831.206,2,508376,250,770600,1
34831.208,2,508382,500,773800,-1
34831.238,1,508674,500,770200,1
34831.243,1,508679,250,773400,-1
34831.328,2,500020,100,771700,1
34831.328,1,508769,100,772000,1
34831.348,2,508271,500,771010,1
34831.457,1,508867,500,771110,1
34831.5,2,507841,100,772000,1
34831.698,2,508769,100,772000,1
34831.793,2,508867,500,771110,1
34831.887,1,509219,100,771700,1
34832.005,1,509324,500,771010,1
34832.09,2,509324,500,771010,1
34832.451,1,509697,100,772000,1
34832.454,2,509219,100,771700,1
34832.557,1,509779,500,771110,1
34832.998,1,510096,100,772000,1
34833.15,2,508674,500,770200,1
34833.151,2,508679,250,773400,-1
34833.181,1,510223,250,770600,1
34833.185,1,510225,500,773800,-1
34833.267,2,510223,250,770600,1
34833.302,1,510345,500,770600,1
34835.5,2,506953,800,771620,1
34835.504,2,506589,800,773280,-1
34835.611,1,511842,800,773380,-1
34835.713,1,511904,100,772100,1
34835.793,2,509697,100,772000,1
34836.152,1,512121,800,771720,1
34836.278,1,512185,100,772100,1
34836.279,2,510096,100,772000,1
34838.453,2,492797,1200,774000,-1
34838.459,1,513403,1100,774500,-1
34838.497,2,509779,500,771110,1
34838.499,2,512121,800,771720,1
34838.501,2,506531,500,773190,-1
34838.502,2,511842,800,773380,-1
34838.511,1,513447,800,771920,1
34838.511,2,508265,100,772800,-1
34838.513,1,513449,100,772300,1
34838.531,1,513465,500,773390,-1
34838.994,1,513804,800,773580,-1
34839.003,1,513809,500,771210,1
34839.092,2,511904,100,772100,1
34839.174,1,513935,100,772300,1
34839.379,1,514057,100,772100,1
34839.603,2,435940,800,770500,1
34839.61,1,514206,800,771200,1
34839.638,2,512185,100,772100,1
34840.054,2,513809,500,771210,1
34840.061,2,513465,500,773390,-1
34840.075,2,513447,800,771920,1
34840.081,2,513804,800,773580,-1
34840.094,2,513449,100,772300,1
34840.094,2,513935,100,772300,1
34840.096,1,514549,100,772100,1
34840.109,1,514560,800,773380,-1
34840.116,1,514572,500,771110,1
34840.647,1,514979,500,773290,-1
34840.652,1,514982,800,771720,1
34840.662,1,514994,100,772900,-1
34840.725,2,514979,500,773290,-1
34841.065,2,510225,500,773800,-1
34841.096,1,515278,250,773800,-1
34841.144,1,515315,100,772100,1
34841.197,1,515346,500,773290,-1
34841.304,1,515441,400,772900,-1
34841.425,2,510345,500,770600,1
34841.43,2,515278,250,773800,-1
34841.459,1,515590,500,771000,1
34841.461,1,515593,500,774200,-1
34841.947,2,514572,500,771110,1
34842.005,2,514982,800,771720,1
34842.006,2,514560,800,773380,-1
34842.054,1,516100,100,772200,1
34842.055,2,514994,100,772900,-1
34842.089,1,516134,500,771210,1
34842.113,1,516157,800,773480,-1
34842.122,2,515346,500,773290,-1
34842.305,2,516157,800,773480,-1
34842.347,2,514549,100,772100,1
34842.381,2,515441,400,772900,-1
34842.538,2,516134,500,771210,1
34842.618,1,516677,500,773390,-1
34842.664,1,516737,800,773680,-1
34842.673,1,516746,100,772300,1
34842.905,2,516100,100,772200,1
34842.944,2,516677,500,773390,-1
34843.167,1,517168,500,773490,-1
34843.192,1,517189,800,772020,1
34843.204,2,517168,500,773490,-1
34843.256,1,517246,100,772300,1
34843.395,2,516746,100,772300,1
34843.395,2,515315,100,772100,1
34843.713,1,517661,500,773490,-1
34843.804,1,517749,100,772300,1
34844.258,1,518125,500,771310,1
34844.592,2,517661,500,773490,-1
34844.808,1,518588,500,773490,-1
34844.963,2,515590,500,771000,1
34844.99,2,517189,800,772020,1
34844.993,2,516737,800,773680,-1
34844.996,1,518725,250,771000,1
34845.084,1,518799,800,771920,1
34845.632,1,519196,800,773580,-1
34846.773,1,519985,100,772400,1
34846.897,2,517749,100,772300,1
34847.284,1,520360,100,772400,1
34847.284,2,517246,100,772300,1
34847.507,2,518725,250,771000,1
34847.508,2,515593,500,774200,-1
34847.542,1,520572,500,770600,1
34847.545,1,520575,250,773800,-1
34847.917,2,518799,800,771920,1
34847.924,2,519196,800,773580,-1
34847.942,1,520907,800,773380,-1
34847.948,2,518125,500,771310,1
34847.952,2,518588,500,773490,-1
34847.975,2,519985,100,772400,1
34847.976,1,520941,100,772100,1
34847.977,2,520360,100,772400,1
34848.009,1,520980,500,773290,-1
34848.173,2,520572,500,770600,1
34848.176,2,520575,250,773800,-1
34848.205,1,521163,250,771000,1
34848.209,1,521168,500,774200,-1
34848.486,1,521450,100,772900,-1
34848.49,1,521457,400,772900,-1
34848.497,2,521163,250,771000,1
34848.528,1,521494,500,770600,1
34848.639,1,521614,800,771720,1
34848.692,1,521661,500,771110,1
34848.96,2,521168,500,774200,-1
34848.991,1,521930,250,773800,-1
34849.045,1,521986,100,772100,1
34849.238,2,521930,250,773800,-1
34849.273,1,522202,500,774200,-1
34849.525,2,522202,500,774200,-1
34849.557,1,522429,250,773800,-1
34849.824,2,521986,100,772100,1
34849.826,2,520941,100,772100,1
34849.826,1,522658,100,771700,1
34849.942,2,522429,250,773800,-1
34849.971,1,522795,800,771620,1
34849.976,1,522800,500,774200,-1
34849.98,2,521614,800,771720,1
34850.064,2,520907,800,773380,-1
34850.08,2,522800,500,774200,-1
34850.111,1,522926,250,773800,-1
34850.152,2,522795,800,771620,1
34850.343,1,523114,100,771700,1
34850.415,1,523170,800,773280,-1
34850.686,2,521457,400,772900,-1
34850.747,2,521494,500,770600,1
34850.75,2,522926,250,773800,-1
34850.779,1,523474,500,771000,1
34850.782,1,523476,500,774200,-1
34850.967,2,523474,500,771000,1
34850.999,1,523648,250,771000,1
34851.002,1,523650,800,771620,1
34851.134,2,523648,250,771000,1
34851.165,1,523788,500,771000,1
34853.145,1,524939,400,772900,-1
34853.399,2,524939,400,772900,-1
34853.513,2,514057,100,772100,1
34853.543,2,523788,500,771000,1
34853.556,1,525203,100,771600,1
34853.576,1,525215,250,771000,1
34854.066,2,523650,800,771620,1
34854.07,2,523170,800,773280,-1
34854.162,1,525528,800,771520,1
34854.505,2,525215,250,771000,1
34854.508,2,523476,500,774200,-1
34854.538,1,525717,500,770600,1
34854.541,1,525722,250,773800,-1
34854.607,2,525722,250,773800,-1
34854.643,1,525813,500,773800,-1
34854.764,1,525902,800,773180,-1
34855.669,1,526539,400,772400,-1
34856.244,2,525717,500,770600,1
34856.274,1,526906,250,770600,1
34856.49,2,526906,250,770600,1
34856.491,2,525813,500,773800,-1
34856.522,1,527092,500,770200,1
34856.525,1,527096,250,773400,-1
34856.634,2,527096,250,773400,-1
34856.665,1,527261,500,773400,-1
34856.825,2,521661,500,771110,1
34856.983,1,527589,500,771010,1
34857.045,2,525528,800,771520,1
34857.047,2,525902,800,773180,-1
34857.244,1,527875,800,773080,-1
34857.577,2,527875,800,773080,-1
34857.586,1,528218,100,772700,-1
34857.624,2,527589,500,771010,1
34857.626,2,520980,500,773290,-1
34857.708,1,528305,500,773090,-1
34857.751,2,521450,100,772900,-1
34857.888,1,528477,800,771220,1
34858.149,1,528717,500,770810,1
34858.302,1,528874,800,772880,-1
34858.509,2,528305,500,773090,-1
34858.598,1,529197,500,772990,-1
34858.803,2,513403,1100,774500,-1
34858.813,2,514206,800,771200,1
34858.893,1,529493,800,773800,-1
34858.899,1,529496,800,770800,1
34858.972,2,527092,500,770200,1
34859.004,1,529587,250,770200,1
34859.171,2,529587,250,770200,1
34859.175,2,527261,500,773400,-1
34859.206,1,529793,500,769800,1
34859.211,1,529800,250,773000,-1
34859.335,2,529800,250,773000,-1
34859.365,1,529986,500,773000,-1
34859.75,2,529496,800,770800,1
34859.767,1,530476,800,770400,1
34860.755,2,528717,500,770810,1
34860.818,2,528477,800,771220,1
34860.83,2,529197,500,772990,-1
34860.835,1,531609,500,772790,-1
34860.89,2,528874,800,772880,-1
34860.894,1,531668,800,772680,-1
34860.916,1,531685,100,772500,-1
34861.079,2,528218,100,772700,-1
34861.386,1,532170,500,770610,1
34861.413,1,532202,800,771020,1
34863.615,2,531609,500,772790,-1
34863.729,1,534445,500,772890,-1
34864.165,2,534445,500,772890,-1
34864.315,1,534906,500,772790,-1
34864.782,2,534906,500,772790,-1
34864.823,1,535310,500,772890,-1
34865.231,2,532202,800,771020,1
34865.233,2,531668,800,772680,-1
34865.333,1,535667,800,772780,-1
34865.368,2,532170,500,770610,1
34865.478,1,535742,500,770710,1
34865.543,2,529493,800,773800,-1
34865.555,1,535794,800,773100,-1
34865.897,1,536065,800,771120,1
34866.539,2,529986,500,773000,-1
34866.57,1,536606,250,773000,-1
34866.736,2,536065,800,771120,1
34866.739,2,535742,500,770710,1
34866.741,2,535667,800,772780,-1
34866.743,2,535310,500,772890,-1
34866.745,1,536756,800,771320,1
34866.823,2,531685,100,772500,-1
34866.839,1,536838,500,773090,-1
34866.999,1,536998,100,772800,-1
34867.058,2,536606,250,773000,-1
34867.088,1,537063,500,773000,-1
34867.2,2,537063,500,773000,-1
34867.232,1,537177,250,773000,-1
34867.242,1,537188,800,772980,-1
34867.345,1,537297,500,770810,1
34867.437,2,529793,500,769800,1
34867.438,2,537177,250,773000,-1
34867.477,1,537422,250,770200,1
34867.481,1,537426,500,773400,-1
34867.587,2,526539,400,772400,-1
34867.669,2,537422,250,770200,1
34867.702,1,537657,500,770200,1
34867.751,1,537714,100,772500,-1
34867.769,2,537297,500,770810,1
34867.773,2,536838,500,773090,-1
34867.944,2,536756,800,771320,1
34867.948,2,537188,800,772980,-1
34867.997,2,537714,100,772500,-1
34868.013,1,537970,800,772780,-1
34868.096,1,538066,500,773090,-1
34868.177,2,536998,100,772800,-1
34868.213,2,537970,800,772780,-1
34868.251,1,538219,400,772400,-1
34868.313,2,537657,500,770200,1
34868.315,2,537426,500,773400,-1
34868.344,1,538327,500,769800,1
34868.349,1,538331,250,773000,-1
34868.45,1,538471,100,772800,-1
34868.676,1,538686,800,772980,-1
34868.741,1,538744,500,770910,1
34868.844,2,538066,500,773090,-1
34868.947,1,538944,100,772500,-1
34869.011,2,538686,800,772980,-1
34869.082,2,538744,500,770910,1
34869.159,1,539171,800,772780,-1
34869.187,2,538471,100,772800,-1
34869.194,1,539210,500,770710,1
34869.447,2,538331,250,773000,-1
34869.48,1,539488,500,773000,-1
34869.507,1,539509,800,771120,1
34869.56,1,539574,500,772890,-1
34869.64,2,539574,500,772890,-1
34869.822,2,538327,500,769800,1
34869.824,2,539488,500,773000,-1
34869.854,1,539793,250,770200,1
34869.86,1,539802,500,773400,-1
34870.122,1,540038,500,772990,-1
34870.504,2,539793,250,770200,1
34870.506,2,539802,500,773400,-1
34870.536,1,540357,500,769800,1
34870.539,1,540361,250,773000,-1
34871.057,2,539210,500,770710,1
34871.065,2,540038,500,772990,-1
34871.087,1,540842,500,773190,-1
34871.132,2,539509,800,771120,1
34871.138,2,539171,800,772780,-1
34871.143,1,540899,800,771420,1
34871.156,2,538944,100,772500,-1
34871.159,1,540913,100,772800,-1
34871.601,1,541268,500,770910,1
34872.657,2,540361,250,773000,-1
34872.687,1,542141,500,773000,-1
34872.694,2,542141,500,773000,-1
34872.725,1,542167,250,773000,-1
34872.725,1,542168,800,773080,-1
34872.996,2,538219,400,772400,-1
34874.388,2,540357,500,769800,1
34874.389,2,542167,250,773000,-1
34874.439,1,543336,250,770200,1
34874.442,1,543339,500,773400,-1
34875.423,2,543336,250,770200,1
34875.426,2,543339,500,773400,-1
34875.454,2,540842,500,773190,-1
34875.459,1,544148,500,769800,1
34875.462,1,544152,250,773000,-1
34875.556,1,544264,500,773290,-1
34876.082,2,544264,500,773290,-1
34876.192,1,544767,500,773190,-1
34876.237,2,544767,500,773190,-1
34876.251,2,540899,800,771420,1
34876.252,2,542168,800,773080,-1
34876.349,1,544882,800,771520,1
34878.014,2,541268,500,770910,1
34878.043,2,544152,250,773000,-1
34878.061,2,544882,800,771520,1
34878.074,1,546032,500,773000,-1
34878.105,1,546054,800,772880,-1
34878.149,1,546084,100,772600,-1
34878.4,1,546275,500,773090,-1
34878.449,2,540913,100,772800,-1
34878.648,1,546467,800,771220,1
34878.945,1,546662,500,770710,1
34879.531,2,546467,800,771220,1
34879.533,2,546054,800,772880,-1
34879.55,1,547056,400,772400,-1
34879.641,1,547152,800,772980,-1
34880.069,2,547152,800,772980,-1
34880.181,1,547566,800,772880,-1
34880.757,1,547993,800,771220,1
34882.28,2,546032,500,773000,-1
34882.316,1,548955,250,773000,-1
34882.682,2,535794,800,773100,-1
34882.7,1,549176,800,772900,-1
34883.144,2,548955,250,773000,-1
34883.176,1,549479,500,773000,-1
34883.816,2,546662,500,770710,1
34883.821,2,546275,500,773090,-1
34883.899,2,547993,800,771220,1
34883.901,2,547566,800,772880,-1
34883.913,1,549968,500,772990,-1
34883.921,1,549975,800,772680,-1
34884.085,1,550102,100,772400,-1
34884.194,2,549968,500,772990,-1
34884.424,1,550329,500,772890,-1
34884.429,1,550336,800,771020,1
34884.488,2,546084,100,772600,-1
34884.643,2,544148,500,769800,1
34884.676,1,550523,250,769800,1
34884.969,1,550720,500,770510,1
34884.992,2,550523,250,769800,1
34884.993,2,549479,500,773000,-1
34885.034,1,550778,500,769400,1
34885.036,1,550781,250,772600,-1
34885.242,2,550781,250,772600,-1
34885.276,1,550997,500,772600,-1
34887.292,2,550336,800,771020,1
34887.297,2,550720,500,770510,1
34887.3,2,549975,800,772680,-1
34887.336,2,550329,500,772890,-1
34887.383,1,552912,500,770310,1
34887.388,1,552916,100,772400,-1
34887.397,1,552926,800,770920,1
34887.607,2,552926,800,770920,1
34887.695,2,552912,500,770310,1
34887.731,2,552916,100,772400,-1
34887.731,2,550102,100,772400,-1
34887.917,1,553488,500,772990,-1
34887.932,1,553504,800,772780,-1
34887.972,1,553540,100,772400,-1
34887.99,2,525203,100,771600,1
34888.462,1,553960,500,770510,1
34888.49,1,553992,800,771120,1
34888.494,2,550778,500,769400,1
34888.526,1,554030,250,769400,1
34889.332,2,554030,250,769400,1
34889.334,2,550997,500,772600,-1
34889.365,1,554859,500,769000,1
34889.37,1,554866,250,772200,-1
34889.474,2,549176,800,772900,-1
34889.482,1,555018,800,772700,-1
34889.602,1,555171,400,772300,-1
34889.609,2,547056,400,772400,-1
34890.113,2,554866,250,772200,-1
34890.147,1,555681,500,772200,-1
34890.246,2,555681,500,772200,-1
34890.278,1,555818,250,772200,-1
34890.41,2,555818,250,772200,-1
34890.443,1,555982,500,772200,-1
34890.775,1,556262,400,772200,-1
34890.986,2,555171,400,772300,-1
34891.41,2,553488,500,772990,-1
34891.425,2,553540,100,772400,-1
34891.521,1,556737,500,772890,-1
34891.59,1,556803,100,772500,-1
34892.775,2,555982,500,772200,-1
34892.806,1,557591,250,772200,-1
34892.888,2,556737,500,772890,-1
34892.948,1,557707,500,772990,-1
34893.042,2,557707,500,772990,-1
34893.506,2,554859,500,769000,1
34893.511,2,557591,250,772200,-1
34893.545,1,558126,250,769400,1
34893.548,1,558132,500,772600,-1
34893.561,1,558148,500,772990,-1
34893.597,2,558126,250,769400,1
34893.643,1,558218,500,769400,1
34893.732,2,555018,800,772700,-1
34893.77,1,558330,800,773000,-1
34895.334,2,556262,400,772200,-1
34895.566,1,559720,400,772300,-1
34896.467,2,558148,500,772990,-1
34896.557,1,560368,500,773090,-1
34896.759,2,553960,500,770510,1
34896.767,2,560368,500,773090,-1
34896.807,2,553992,800,771120,1
34896.808,2,553504,800,772780,-1
34896.838,1,560619,800,771420,1
34896.868,2,556803,100,772500,-1
34897.102,1,560819,500,773190,-1
34897.651,1,561196,500,770610,1
34897.706,2,561196,500,770610,1
34897.813,2,560819,500,773190,-1
34898.035,2,558132,500,772600,-1
34898.066,1,561487,250,772600,-1
34898.199,1,561584,500,773290,-1
34898.308,2,561584,500,773290,-1
34898.494,2,561487,250,772600,-1
34898.515,2,559720,400,772300,-1
34898.526,1,561824,500,772600,-1
34898.553,1,561849,800,773080,-1
34898.617,2,558218,500,769400,1
34898.619,2,561824,500,772600,-1
34898.648,1,561936,500,769800,1
34898.653,1,561943,500,773000,-1
34898.859,2,561936,500,769800,1
34898.88,1,562170,500,773190,-1
34898.89,1,562182,250,769800,1
34899.179,2,562170,500,773190,-1
34899.286,1,562475,500,773290,-1
34899.729,2,562182,250,769800,1
34899.76,1,562850,500,769800,1
34899.835,1,562908,500,770710,1
34902.902,2,562908,500,770710,1
34903.011,1,565203,500,770810,1
34903.064,2,565203,500,770810,1
34903.07,2,562475,500,773290,-1
34903.555,1,565601,500,773390,-1
34903.822,2,565601,500,773390,-1
34903.839,2,560619,800,771420,1
34903.841,2,561849,800,773080,-1
34903.876,1,565863,800,771620,1
34904.114,1,566063,500,770910,1
34904.404,1,566279,800,773280,-1
34904.651,1,566512,500,773490,-1
34904.702,2,558330,800,773000,-1
34904.713,1,566559,800,773400,-1
34905.309,1,567009,200,771600,1
34905.462,2,561943,500,773000,-1
34905.493,1,567112,250,773000,-1
34905.579,2,567112,250,773000,-1
34905.612,1,567181,500,773000,-1
34905.709,2,567181,500,773000,-1
34905.744,1,567296,250,773000,-1
34906.049,2,565863,800,771620,1
34906.056,2,566279,800,773280,-1
34906.151,1,567669,800,771520,1
34906.153,2,567296,250,773000,-1
34906.184,1,567685,500,773000,-1
34906.248,2,566512,500,773490,-1
34906.296,1,567771,500,773590,-1
34906.7,1,568159,800,773180,-1
34906.865,2,567685,500,773000,-1
34906.896,1,568357,250,773000,-1
34907.334,2,568357,250,773000,-1
34907.367,1,568775,500,773000,-1
34911.061,2,568775,500,773000,-1
34911.093,1,571628,250,773000,-1
34913.251,2,530476,800,770400,1
34913.268,1,573223,800,771100,1
34914.106,2,567669,800,771520,1
34914.107,2,568159,800,773180,-1
34914.163,2,571628,250,773000,-1
34914.196,1,573835,500,773400,-1
34914.241,2,562850,500,769800,1
34914.257,1,573879,800,771420,1
34914.272,1,573890,250,770200,1
34914.593,2,573890,250,770200,1
34914.624,1,574186,500,770200,1
34914.717,2,567771,500,773590,-1
34914.804,1,574323,800,773080,-1
34914.822,1,574335,500,773690,-1
34915.363,2,573879,800,771420,1
34915.367,2,574323,800,773080,-1
34915.477,1,574777,800,771520,1
34915.583,2,574335,500,773690,-1
34915.665,2,566063,500,770910,1
34915.746,1,574978,500,773390,-1
34915.878,1,575092,100,772700,-1
34915.914,2,574777,800,771520,1
34916.086,1,575245,800,772880,-1
34916.131,2,574978,500,773390,-1
34916.243,1,575371,500,773490,-1
34916.669,1,575683,800,771220,1
34916.794,1,575784,500,770710,1
34917.0,2,575683,800,771220,1
34917.003,2,575245,800,772880,-1
34917.211,1,576026,800,772980,-1
34917.758,2,576026,800,772980,-1
34917.786,1,576408,800,771520,1
34917.885,2,575092,100,772700,-1
34917.984,2,575784,500,770710,1
34917.985,2,575371,500,773490,-1
34917.993,1,576536,500,773590,-1
34918.052,2,576536,500,773590,-1
34918.349,1,576799,800,773180,-1
34918.536,1,576983,500,770910,1
34919.09,1,577364,500,773690,-1
34919.41,2,576983,500,770910,1
34919.578,2,574186,500,770200,1
34919.61,1,577714,250,770200,1
34919.634,1,577737,500,770810,1
34919.704,2,577737,500,770810,1
34920.189,1,578163,500,770910,1
34920.512,2,578163,500,770910,1
34920.723,1,578549,500,770810,1
34921.053,2,578549,500,770810,1
34921.273,1,578984,500,770910,1
34922.155,2,577714,250,770200,1
34922.157,2,573835,500,773400,-1
34922.186,1,579597,500,769800,1
34922.191,1,579602,250,773000,-1
34922.328,2,576408,800,771520,1
34922.338,2,576799,800,773180,-1
34922.557,1,579958,800,771420,1
34922.913,2,578984,500,770910,1
34922.915,1,580311,500,770810,1
34922.974,1,580350,800,773080,-1
34923.606,2,579597,500,769800,1
34923.608,2,579602,250,773000,-1
34923.641,1,580786,250,770200,1
34923.645,1,580791,500,773400,-1
34923.795,2,566559,800,773400,-1
34923.801,1,580927,800,773800,-1
34923.82,2,580311,500,770810,1
34923.896,1,581001,500,770910,1
34924.555,2,580786,250,770200,1
34924.586,1,581511,500,770200,1
34924.662,2,581001,500,770910,1
34924.788,1,581677,500,770810,1
34924.829,2,581677,500,770810,1
34925.321,1,582004,500,770910,1
34926.086,2,582004,500,770910,1
34926.088,2,577364,500,773690,-1
34926.193,1,582569,500,770810,1
34926.741,1,582900,500,773790,-1
34927.723,2,582900,500,773790,-1
34927.836,1,583561,500,773690,-1
34928.165,2,583561,500,773690,-1
34928.379,1,583865,500,773790,-1
34929.171,2,573223,800,771100,1
34929.175,1,584324,800,771500,1
34929.475,2,583865,500,773790,-1
34929.583,1,584565,500,773690,-1
34929.632,2,584324,800,771500,1
34929.641,1,584612,800,771300,1
34929.882,2,584565,500,773690,-1
34930.13,1,584977,500,773790,-1
34930.496,2,580791,500,773400,-1
34930.529,1,585234,250,773400,-1
34930.608,2,581511,500,770200,1
34930.657,1,585325,500,771040,1
34931.459,2,582569,500,770810,1
34931.584,1,586031,500,770910,1
34931.679,2,584977,500,773790,-1
34931.696,2,586031,500,770910,1
34931.722,2,579958,800,771420,1
34931.731,2,580350,800,773080,-1
34931.736,1,586156,800,771720,1
34931.766,2,585325,500,771040,1
34931.768,2,585234,250,773400,-1
34931.809,1,586233,250,771440,1
34931.812,1,586235,500,773800,-1
34931.939,1,586372,500,772000,1
34932.136,1,586537,500,771010,1
34932.24,1,586619,800,773380,-1
34932.67,1,587030,500,773990,-1
34934.207,2,567009,200,771600,1
34934.211,1,588126,100,772000,1
34934.945,2,586233,250,771440,1
34934.946,2,586235,500,773800,-1
34934.975,1,588720,500,771040,1
34934.979,1,588725,250,773400,-1
34936.404,2,586372,500,772000,1
34936.519,1,589920,100,772400,1
34936.716,2,522658,100,771700,1
34937.08,1,590293,100,772400,1
34937.244,2,523114,100,771700,1
34938.371,2,588725,250,773400,-1
34938.403,1,591176,500,773800,-1
34938.563,2,588720,500,771040,1
34938.596,1,591338,250,771440,1
34939.098,2,587030,500,773990,-1
34939.291,1,591904,500,774090,-1
34939.36,2,586156,800,771720,1
34939.366,2,586619,800,773380,-1
34939.399,2,591338,250,771440,1
34939.43,1,592006,500,771040,1
34939.464,2,592006,500,771040,1
34939.495,1,592066,250,771440,1
34939.503,1,592076,800,773480,-1
34940.021,1,592483,800,771820,1
34941.855,2,592066,250,771440,1
34941.889,1,593732,500,771040,1
34941.928,2,591176,500,773800,-1
34941.959,1,593797,250,773400,-1
34942.578,2,593797,250,773400,-1
34942.609,1,594273,500,773800,-1
34942.685,2,593732,500,771040,1
34942.723,1,594388,250,771440,1
34943.244,2,594388,250,771440,1
34943.246,2,594273,500,773800,-1
34943.277,1,594816,500,771040,1
34943.279,1,594819,250,773400,-1
34943.299,2,594816,500,771040,1
34943.302,2,594819,250,773400,-1
34943.332,1,594869,250,771440,1
34943.334,1,594874,500,773800,-1
34945.15,2,594869,250,771440,1
34945.181,1,596204,500,771440,1
34947.005,1,597265,100,772500,1
34947.382,2,589920,100,772400,1
34947.783,1,597703,100,772500,1
34947.947,2,590293,100,772400,1
34949.504,2,592076,800,773480,-1
34949.589,1,598798,800,773480,-1
34949.999,2,586537,500,771010,1
34950.001,2,591904,500,774090,-1
34950.016,2,592483,800,771820,1
34950.019,2,598798,800,773480,-1
34950.04,1,599108,500,773890,-1
34950.054,2,597703,100,772500,1
34950.057,2,597265,100,772500,1
34950.132,1,599171,800,773280,-1
34950.216,2,596204,500,771440,1
34950.218,2,594874,500,773800,-1
34950.237,1,599232,100,772200,1
34950.247,1,599235,500,771040,1
34950.25,1,599237,500,773400,-1
34950.686,1,599647,100,773000,-1
34950.778,2,599237,500,773400,-1
34950.809,1,599796,250,773400,-1
34950.855,1,599863,500,770810,1
34950.891,2,599796,250,773400,-1
34950.924,1,599926,500,773400,-1
34950.974,1,599983,800,771620,1
34951.194,1,600195,100,772200,1
34952.665,2,599863,500,770810,1
34952.778,1,601484,500,770710,1
34953.317,2,601484,500,770710,1
34953.427,1,601912,500,770810,1
34953.588,2,599235,500,771040,1
34953.619,1,602043,250,771040,1
34953.726,1,602131,100,772300,1
34953.897,2,602043,250,771040,1
34953.906,2,599232,100,772200,1
34953.928,1,602273,500,771040,1
34954.023,2,602273,500,771040,1
34954.056,1,602371,250,771040,1
34954.268,1,602488,100,772300,1
34954.388,2,602371,250,771040,1
34954.423,1,602573,500,771040,1
34954.532,2,600195,100,772200,1
34954.634,2,601912,500,770810,1
34954.749,1,602820,500,770710,1
34955.284,2,602820,500,770710,1
34955.394,1,603188,500,770810,1
34955.726,2,603188,500,770810,1
34955.942,1,603565,500,770710,1
34956.897,2,599926,500,773400,-1
34956.941,1,604193,250,773400,-1
34957.33,2,599983,800,771620,1
34957.337,2,599171,800,773280,-1
34957.383,2,602573,500,771040,1
34957.384,2,604193,250,773400,-1
34957.413,1,604477,250,771440,1
34957.416,1,604479,500,773800,-1
34957.504,1,604559,800,773380,-1
34957.974,1,604955,800,771720,1
34958.135,2,603565,500,770710,1
34958.241,1,605148,500,770810,1
34959.082,2,599647,100,773000,-1
34959.303,2,604477,250,771440,1
34959.334,1,605840,500,771040,1
34959.428,2,604479,500,773800,-1
34959.459,1,605941,250,773400,-1
34959.637,1,606090,100,773100,-1
34960.191,2,605941,250,773400,-1
34960.223,1,606475,500,773400,-1
34960.524,2,604955,800,771720,1
34960.534,2,604559,800,773380,-1
34960.614,1,606704,800,771820,1
34960.755,2,599108,500,773890,-1
34960.864,1,606867,500,773990,-1
34960.899,2,606867,500,773990,-1
34961.162,1,607016,800,773480,-1
34961.411,1,607171,500,773890,-1
34961.749,2,580927,800,773800,-1
34961.777,1,607403,800,774200,-1
34962.074,2,605148,500,770810,1
34962.079,2,607171,500,773890,-1
34962.178,1,607608,500,773990,-1
34962.722,1,607903,500,770710,1
34963.051,2,607903,500,770710,1
34963.272,1,608199,500,770810,1
34963.672,2,606475,500,773400,-1
34963.704,1,608475,250,773400,-1
34963.817,2,608199,500,770810,1
34963.926,1,608596,500,770710,1
34964.472,2,608596,500,770710,1
34964.585,1,608949,500,770710,1
34967.231,2,605840,500,771040,1
34967.233,2,608475,250,773400,-1
34967.262,1,610696,500,771440,1
34967.265,1,610697,500,773800,-1
34967.392,1,610803,100,772400,1
34967.538,2,602131,100,772300,1
34967.918,1,611227,100,772400,1
34968.062,2,610696,500,771440,1
34968.094,1,611390,250,771440,1
34968.112,2,602488,100,772300,1
34969.219,2,611390,250,771440,1
34969.249,1,612200,500,771440,1
34970.615,2,606704,800,771820,1
34971.165,2,607016,800,773480,-1
34971.284,1,613348,800,773480,-1
34971.616,2,613348,800,773480,-1
34971.833,1,613653,800,773580,-1
34972.347,2,613653,800,773580,-1
34972.382,1,613942,800,771820,1
34972.929,1,614208,800,773480,-1
34973.299,2,606090,100,773100,-1
34973.659,1,614595,100,773200,-1
34974.972,2,608949,500,770710,1
34975.081,1,615340,500,770810,1
34976.066,2,615340,500,770810,1
34976.175,1,615902,500,770710,1
34977.381,2,615902,500,770710,1
34977.487,1,616534,500,770810,1
34978.344,2,613942,800,771820,1
34978.346,2,616534,500,770810,1
34978.348,2,614208,800,773480,-1
34978.35,2,607608,500,773990,-1
34978.363,1,616946,800,772020,1
34978.383,1,616962,500,774090,-1
34978.401,2,614595,100,773200,-1
34978.404,1,616979,100,772600,1
34978.564,2,610803,100,772400,1
34978.787,2,616962,500,774090,-1
34978.864,1,617287,800,773680,-1
34978.913,1,617320,500,774190,-1
34978.942,1,617328,100,772600,1
34979.083,2,611227,100,772400,1
34979.457,1,617598,500,770910,1
34979.53,2,584612,800,771300,1
34979.539,1,617649,800,771700,1
34979.787,2,617598,500,770910,1
34980.004,1,617923,500,771010,1
34980.18,2,610697,500,773800,-1
34980.213,1,618035,250,773800,-1
34981.909,2,618035,250,773800,-1
34981.94,1,619061,500,773800,-1
34982.335,2,619061,500,773800,-1
34982.366,1,619330,250,773800,-1
34982.374,2,619330,250,773800,-1
34982.41,1,619362,500,773800,-1
34986.09,2,612200,500,771440,1
34986.091,2,619362,500,773800,-1
34986.136,1,621505,250,771840,1
34986.14,1,621509,500,774200,-1
34988.366,2,616946,800,772020,1
34988.427,2,617320,500,774190,-1
34988.507,1,623107,800,772020,1
34988.536,1,623132,500,774290,-1
34988.866,2,617287,800,773680,-1
34989.055,1,623506,800,773680,-1
34989.527,2,617923,500,771010,1
34989.529,2,623132,500,774290,-1
34989.743,1,623950,500,771010,1
34990.118,2,623950,500,771010,1
34990.162,2,621505,250,771840,1
34990.193,1,624253,500,771840,1
34990.21,2,623107,800,772020,1
34990.213,2,623506,800,773680,-1
34990.231,1,624295,800,772220,1
34990.34,1,624384,500,771210,1
34990.613,2,624384,500,771210,1
34990.667,1,624653,800,773880,-1
34990.832,1,624779,500,771110,1
34991.085,2,624253,500,771840,1
34991.118,1,624975,250,771840,1
34991.128,1,624978,100,772900,1
34991.282,2,624779,500,771110,1
34991.284,2,588126,100,772000,1
34991.351,2,624975,250,771840,1
34991.361,2,624295,800,772220,1
34991.373,2,624653,800,773880,-1
34991.381,1,625162,500,771840,1
34991.382,1,625165,800,772020,1
34991.419,1,625200,500,771010,1
34991.65,2,617649,800,771700,1
34991.663,2,625200,500,771010,1
34991.668,1,625464,800,772000,1
34991.879,1,625632,800,773680,-1
34991.937,1,625686,500,774290,-1
34992.473,1,626080,500,771010,1
34995.352,1,628254,100,772700,1
34995.728,2,616979,100,772600,1
34995.852,1,628591,100,772700,1
34996.195,2,626080,500,771010,1
34996.197,2,625686,500,774290,-1
34996.302,1,628812,500,774390,-1
34996.36,2,617328,100,772600,1
34996.507,2,624978,100,772900,1
34996.509,1,628930,100,772200,1
34996.849,1,629175,500,771110,1
34997.176,2,629175,500,771110,1
34997.179,2,628812,500,774390,-1
34997.397,1,629580,500,774290,-1
34997.942,1,629926,500,771010,1
34997.98,2,629926,500,771010,1
34997.984,2,629580,500,774290,-1
34998.489,1,630250,500,774390,-1
34999.038,1,630612,500,771110,1
35001.05,2,625162,500,771840,1
35001.053,2,621509,500,774200,-1
35001.084,1,631790,500,771440,1
35001.088,1,631793,500,773800,-1
35001.386,2,625165,800,772020,1
35001.657,1,632278,800,772020,1
35001.876,2,625632,800,773680,-1
35002.013,2,630612,500,771110,1
35002.015,2,630250,500,774390,-1
35002.104,1,632684,500,774290,-1
35002.114,1,632692,800,773680,-1
35002.425,2,632684,500,774290,-1
35002.651,1,633149,500,774390,-1
35002.972,2,633149,500,774390,-1
35003.192,1,633619,500,774290,-1
35003.747,2,633619,500,774290,-1
35003.75,1,634066,500,774390,-1
35004.285,1,634439,500,771110,1
35004.36,2,625464,800,772000,1
35004.364,1,634486,800,771800,1
35004.406,2,631793,500,773800,-1
35004.437,1,634514,250,773800,-1
35005.713,2,631790,500,771440,1
35005.714,2,634514,250,773800,-1
35005.753,1,635346,250,771840,1
35005.756,1,635348,500,774200,-1
35006.064,2,635346,250,771840,1
35006.097,1,635607,500,771840,1
35009.996,2,635607,500,771840,1
35010.027,1,637925,250,771840,1
35011.657,2,632278,800,772020,1
35012.03,2,637925,250,771840,1
35012.032,2,635348,500,774200,-1
35012.069,1,638982,500,771440,1
35012.071,1,638984,250,773800,-1
35012.113,2,638982,500,771440,1
35012.117,2,632692,800,773680,-1
35012.117,2,638984,250,773800,-1
35012.154,1,639053,250,771840,1
35012.156,1,639055,500,774200,-1
35012.205,1,639103,800,772020,1
35012.492,2,634439,500,771110,1
35012.493,2,634066,500,774390,-1
35012.598,1,639416,500,774290,-1
35012.686,1,639490,800,773680,-1
35012.93,2,639416,500,774290,-1
35013.144,1,639724,500,774390,-1
35013.472,2,639724,500,774390,-1
35013.691,1,639948,500,774390,-1
35014.241,1,640183,500,771110,1
35014.242,2,639948,500,774390,-1
35014.275,2,640183,500,771110,1
35014.788,1,640426,500,774290,-1
35014.823,2,640426,500,774290,-1
35015.332,1,640657,500,774290,-1
35015.659,2,640657,500,774290,-1
35015.88,1,640943,500,774390,-1
35016.267,2,634486,800,771800,1
35016.271,1,641131,800,771700,1
35016.427,1,641196,500,771110,1
35016.98,2,641196,500,771110,1
35016.983,1,641424,500,771010,1
35017.019,2,641424,500,771010,1
35017.519,1,641707,500,771110,1
35017.73,2,639053,250,771840,1
35017.732,2,639055,500,774200,-1
35017.762,1,641828,500,771440,1
35017.768,1,641831,250,773800,-1
35017.848,2,640943,500,774390,-1
35018.07,1,642034,500,774290,-1
35019.321,2,641828,500,771440,1
35019.323,2,641831,250,773800,-1
35019.356,1,642855,250,771840,1
35019.36,1,642861,500,774200,-1
35019.464,2,642855,250,771840,1
35019.496,1,642962,500,771440,1
35019.796,2,642861,500,774200,-1
35019.827,1,643205,250,773800,-1
35020.688,2,643205,250,773800,-1
35020.723,1,643761,500,774200,-1
35020.918,4,628254,100,772700,1
35020.918,4,628591,100,772700,1
35020.93,2,643761,500,774200,-1
35020.962,1,643919,250,773800,-1
35021.107,2,639103,800,772020,1
35021.109,2,639490,800,773680,-1
35021.211,1,644117,800,771920,1
35021.23,1,644126,100,772100,1
35021.566,2,641707,500,771110,1
35021.675,1,644398,500,771010,1
35021.762,1,644456,800,773580,-1
35022.013,2,643919,250,773800,-1
35022.045,1,644588,500,773800,-1
35022.441,2,644398,500,771010,1
35022.554,1,644868,500,771110,1
35022.631,2,644868,500,771110,1
35022.673,2,628930,100,772200,1
35022.676,1,644930,100,771800,1
35023.058,2,644117,800,771920,1
35023.061,2,644456,800,773580,-1
35023.07,1,645134,800,771820,1
35023.097,1,645150,500,771010,1
35023.615,1,645369,800,773480,-1
35024.304,2,642034,500,774290,-1
35024.415,1,645779,500,774190,-1
35024.453,2,645779,500,774190,-1
35024.532,2,642962,500,771440,1
35024.534,2,644588,500,773800,-1
35024.565,1,645872,500,771040,1
35024.568,1,645874,250,773400,-1
35024.777,2,645874,250,773400,-1
35024.81,1,646093,500,773400,-1
35025.126,1,646368,500,774290,-1
35025.331,2,646368,500,774290,-1
35025.417,2,644126,100,772100,1
35025.418,1,646683,100,773200,-1
35025.564,2,645134,800,771820,1
35025.572,2,645369,800,773480,-1
35025.583,2,645150,500,771010,1
35025.615,1,646857,800,773180,-1
35025.745,1,646982,500,773990,-1
35026.062,1,647274,800,771520,1
35026.077,2,646093,500,773400,-1
35026.148,1,647337,500,770810,1
35026.168,1,647359,250,773400,-1
35026.681,2,645872,500,771040,1
35026.683,2,647359,250,773400,-1
35026.723,1,647796,250,771440,1
35026.727,1,647799,500,773800,-1
35026.82,2,607403,800,774200,-1
35026.823,2,641131,800,771700,1
35026.875,1,647957,800,773600,-1
35026.904,1,647975,800,771100,1
35026.996,2,647796,250,771440,1
35027.028,1,648095,500,771440,1
35030.318,2,646982,500,773990,-1
35030.427,1,650247,500,774090,-1
35032.503,2,650247,500,774090,-1
35032.614,1,651379,500,773990,-1
35033.162,2,651379,500,773990,-1
35033.27,1,651674,500,774090,-1
35034.909,2,647337,500,770810,1
35035.018,1,652430,500,770910,1
35035.107,1,652470,200,772500,-1
35035.196,2,652470,200,772500,-1
35035.346,2,652430,500,770910,1
35035.566,1,652663,500,770810,1
35035.618,2,646857,800,773180,-1
35035.724,1,652736,800,773180,-1
35036.068,2,647274,800,771520,1
35036.27,1,652950,800,771520,1
35036.879,2,651674,500,774090,-1
35036.988,1,653318,500,773990,-1
35037.583,2,647799,500,773800,-1
35037.624,1,653592,250,773800,-1
35037.766,2,653318,500,773990,-1
35037.872,1,653761,500,774090,-1
35038.181,2,652663,500,770810,1
35038.192,2,653761,500,774090,-1
35038.271,2,652950,800,771520,1
35038.273,2,652736,800,773180,-1
35038.3,1,653973,800,771820,1
35038.31,2,648095,500,771440,1
35038.313,2,653592,250,773800,-1
35038.32,2,646683,100,773200,-1
35038.346,1,654005,250,771840,1
35038.35,1,654013,500,774200,-1
35038.4,1,654061,500,772700,-1
35038.492,1,654137,100,772000,1
35038.53,2,654005,250,771840,1
35038.561,1,654193,500,771840,1
35038.591,2,653973,800,771820,1
35038.594,1,654224,500,770910,1
35038.955,1,654586,800,771820,1
35039.095,1,654734,500,774190,-1
35039.15,2,654224,500,770910,1
35039.35,1,654951,800,773480,-1
35039.399,2,654586,800,771820,1
35039.401,2,654951,800,773480,-1
35039.505,1,655067,500,771010,1
35039.767,2,655067,500,771010,1
35039.778,2,654734,500,774190,-1
35039.781,2,654137,100,772000,1
35039.781,1,655278,100,773100,-1
35039.92,1,655379,800,771520,1
35040.051,1,655475,500,770810,1
35040.317,2,654193,500,771840,1
35040.348,1,655686,250,771840,1
35040.476,1,655785,800,773180,-1
35040.599,1,655873,500,773990,-1
35040.619,2,655686,250,771840,1
35040.62,2,654013,500,774200,-1
35040.656,1,655896,500,771440,1
35040.659,1,655899,250,773800,-1
35040.973,2,655899,250,773800,-1
35041.004,1,656178,500,773800,-1
35041.747,2,655475,500,770810,1
35041.764,2,655873,500,773990,-1
35041.793,2,655379,800,771520,1
35041.795,2,655785,800,773180,-1
35041.818,2,655278,100,773100,-1
35041.85,1,656914,800,771720,1
35041.867,1,656934,500,771010,1
35041.921,2,656914,800,771720,1
35041.984,2,656934,500,771010,1
35042.074,1,657074,100,772000,1
35042.347,1,657273,500,770910,1
35042.353,1,657280,800,771520,1
35042.393,2,657074,100,772000,1
35042.538,1,657397,100,773100,-1
35042.895,1,657586,500,774090,-1
35042.912,1,657594,800,773180,-1
35043.556,2,657273,500,770910,1
35043.561,2,657586,500,774090,-1
35043.659,1,658001,500,773990,-1
35044.21,1,658268,500,770810,1
35048.145,2,658001,500,773990,-1
35048.24,2,655896,500,771440,1
35048.258,1,660496,500,774090,-1
35048.276,1,660505,250,771440,1
35049.018,2,660496,500,774090,-1
35049.129,1,660926,500,773990,-1
35049.426,2,660505,250,771440,1
35049.428,2,656178,500,773800,-1
35049.457,1,661084,500,771040,1
35049.462,1,661090,500,773400,-1
35051.057,2,658268,500,770810,1
35051.061,2,660926,500,773990,-1
35051.108,1,662245,100,772800,-1
35051.137,1,662273,500,773790,-1
35051.146,2,657280,800,771520,1
35051.15,2,657594,800,773180,-1
35051.154,1,662290,800,772980,-1
35051.265,2,657397,100,773100,-1
35051.648,1,662681,500,770610,1
35051.691,1,662701,800,771320,1
35051.892,2,644930,100,771800,1
35051.974,2,662273,500,773790,-1
35052.194,1,663008,500,773890,-1
35052.285,2,663008,500,773890,-1
35052.548,2,661084,500,771040,1
35052.58,1,663221,500,770640,1
35052.585,2,663221,500,770640,1
35052.587,2,661090,500,773400,-1
35052.626,1,663272,250,771040,1
35052.632,1,663280,250,773000,-1
35052.674,2,663272,250,771040,1
35052.709,1,663380,500,770640,1
35052.875,1,663530,200,772100,-1
35052.884,2,647957,800,773600,-1
35052.89,1,663542,800,773200,-1
35052.96,1,663604,500,773790,-1
35053.269,2,663280,250,773000,-1
35053.301,1,664002,500,773000,-1
35053.586,2,647975,800,771100,1
35053.591,1,664344,800,770700,1
35053.864,2,662701,800,771320,1
35053.866,2,662290,800,772980,-1
35053.921,1,664702,800,771220,1
35053.966,2,662681,500,770610,1
35053.994,1,664772,500,770510,1
35054.275,2,664772,500,770510,1
35054.378,1,665050,500,770610,1
35054.586,2,664002,500,773000,-1
35054.62,1,665268,250,773000,-1
35054.925,2,665050,500,770610,1
35055.037,1,665654,500,770510,1
35055.091,2,663380,500,770640,1
35055.092,2,665268,250,773000,-1
35055.122,1,665725,250,771040,1
35055.125,1,665727,500,773400,-1
35055.45,2,665725,250,771040,1
35055.461,2,665654,500,770510,1
35055.484,1,666073,500,771040,1
35055.669,1,666268,500,770610,1
35055.794,2,654061,500,772700,-1
35055.955,1,666558,800,772880,-1
35056.795,2,665727,500,773400,-1
35056.827,1,667272,250,773400,-1
35058.121,2,666073,500,771040,1
35058.123,2,667272,250,773400,-1
35058.153,1,668192,500,771440,1
35058.155,1,668194,500,773800,-1
35058.897,2,668192,500,771440,1
35058.927,1,668811,250,771440,1
35059.468,2,668811,250,771440,1
35059.471,2,668194,500,773800,-1
35059.502,1,669246,500,771040,1
35059.505,1,669247,250,773400,-1
35059.512,2,662245,100,772800,-1
35059.516,1,669259,100,771700,1
35059.528,2,666558,800,772880,-1
35059.531,2,669246,500,771040,1
35059.535,2,669247,250,773400,-1
35059.548,2,666268,500,770610,1
35059.571,1,669324,250,771440,1
35059.573,1,669332,500,773800,-1
35059.631,2,664702,800,771220,1
35059.698,2,663604,500,773790,-1
35059.798,2,669259,100,771700,1
35059.859,1,669626,500,773890,-1
35059.906,1,669665,800,772980,-1
35059.989,2,669324,250,771440,1
35059.991,2,669332,500,773800,-1
35060.032,1,669805,500,771040,1
35060.036,1,669807,250,773400,-1
35060.109,2,669626,500,773890,-1
35060.136,1,669917,100,772800,-1
35060.164,2,669665,800,772980,-1
35060.292,1,670075,500,770610,1
35060.323,2,663530,200,772100,-1
35060.406,1,670182,800,771220,1
35060.612,1,670396,200,772200,-1
35060.649,2,670182,800,771220,1
35060.732,1,670508,500,773790,-1
35060.791,1,670549,800,771120,1
35061.284,2,670508,500,773790,-1
35061.287,1,670919,800,772780,-1
35061.297,2,670075,500,770610,1
35061.363,2,670549,800,771120,1
35061.369,2,670919,800,772780,-1
35061.378,2,669917,100,772800,-1
35061.399,1,671002,500,770710,1
35061.591,1,671182,100,771700,1
35061.87,1,671408,800,771420,1
35061.942,1,671460,500,773990,-1
35062.434,1,671792,800,773080,-1
35062.681,2,670396,200,772200,-1
35062.924,2,671460,500,773990,-1
35063.037,1,672173,500,773890,-1
35063.362,2,672173,500,773890,-1
35063.584,1,672461,500,773990,-1
35063.785,2,671408,800,771420,1
35063.79,2,671792,800,773080,-1
35063.902,1,672644,800,771320,1
35064.449,1,672958,800,772980,-1
35064.705,2,669807,250,773400,-1
35064.736,1,673111,500,773400,-1
35065.112,2,672461,500,773990,-1
35065.222,1,673321,500,773890,-1
35065.768,2,673321,500,773890,-1
35065.879,1,673646,500,773990,-1
35070.103,2,669805,500,771040,1
35070.137,1,675838,250,771040,1
35071.176,2,675838,250,771040,1
35071.178,2,673111,500,773400,-1
35071.216,1,676529,500,770640,1
35071.219,1,676536,250,773000,-1
35071.595,2,676529,500,770640,1
35071.598,2,676536,250,773000,-1
35071.631,1,676877,250,771040,1
35071.634,1,676880,500,773400,-1
35071.72,2,673646,500,773990,-1
35071.897,1,677133,500,773890,-1
35072.667,2,677133,500,773890,-1
35072.769,1,677715,500,773990,-1
35073.096,2,677715,500,773990,-1
35073.317,1,678009,500,773890,-1
35073.605,1,678150,200,772300,-1
35073.898,2,672644,800,771320,1
35074.198,1,678425,800,771320,1
35074.448,2,672958,800,772980,-1
35074.754,1,678690,800,772980,-1
35074.846,2,678009,500,773890,-1
35074.961,1,678780,500,773990,-1
35075.763,2,676877,250,771040,1
35075.793,1,679170,500,771040,1
35077.875,2,679170,500,771040,1
35077.945,1,679988,250,771040,1
35078.664,2,678150,200,772300,-1
35079.74,2,679988,250,771040,1
35079.772,1,680849,500,771040,1
35080.104,2,680849,500,771040,1
35080.136,1,680987,250,771040,1
35081.414,2,678780,500,773990,-1
35081.518,1,681559,500,773890,-1
35081.636,2,681559,500,773890,-1
35081.815,1,681729,200,772300,-1
35081.889,2,671182,100,771700,1
35082.066,1,681834,500,773990,-1
35082.101,2,681834,500,773990,-1
35082.268,1,681920,100,771600,1
35082.614,1,682089,500,773890,-1
35082.66,2,680987,250,771040,1
35082.69,1,682135,500,771040,1
35083.159,2,682089,500,773890,-1
35083.273,1,682363,500,773990,-1
35083.464,2,681729,200,772300,-1
35083.683,2,682135,500,771040,1
35083.713,1,682542,250,771040,1
35083.98,1,682641,200,772300,-1
35084.2,2,678425,800,771320,1
35084.25,2,682641,200,772300,-1
35084.318,1,682792,800,771320,1
35084.758,2,678690,800,772980,-1
35084.99,1,683115,800,772980,-1
35086.003,2,682363,500,773990,-1
35086.112,1,683578,500,773890,-1
35087.681,2,663542,800,773200,-1
35087.686,1,684354,800,773500,-1
35087.862,2,671002,500,770710,1
35087.922,2,683578,500,773890,-1
35087.953,2,682792,800,771320,1
35087.958,2,683115,800,772980,-1
35087.982,1,684549,800,772780,-1
35087.987,1,684552,500,770510,1
35088.055,2,684552,500,770510,1
35088.055,1,684607,100,772700,-1
35088.056,2,681920,100,771600,1
35088.06,2,684549,800,772780,-1
35088.323,1,684803,200,772300,-1
35088.512,1,684912,800,772780,-1
35088.537,1,684932,500,770510,1
35088.911,2,684932,500,770510,1
35089.01,2,684607,100,772700,-1
35089.011,1,685289,100,771600,1
35089.026,2,684912,800,772780,-1
35089.069,1,685325,500,770610,1
35089.072,1,685326,800,771320,1
35089.109,2,685326,800,771320,1
35089.142,2,685325,500,770610,1
35089.171,2,682542,250,771040,1
35089.203,1,685422,500,770640,1
35089.296,2,676880,500,773400,-1
35089.313,2,685289,100,771600,1
35089.332,1,685548,250,773000,-1
35089.47,2,685548,250,773000,-1
35089.501,1,685708,500,773000,-1
35089.506,1,685712,100,772700,-1
35089.671,2,684803,200,772300,-1
35089.696,1,685866,500,770510,1
35089.738,1,685899,800,772780,-1
35090.163,1,686218,500,773790,-1
35090.225,1,686255,800,771120,1
35090.245,2,685866,500,770510,1
35090.247,2,686218,500,773790,-1
35090.297,1,686314,200,772300,-1
35090.31,2,685712,100,772700,-1
35090.312,1,686323,100,771600,1
35090.335,2,685899,800,772780,-1
35090.349,2,686255,800,771120,1
35090.722,1,686633,500,770710,1
35090.801,1,686689,800,772980,-1
35091.063,2,686633,500,770710,1
35091.095,2,686689,800,772980,-1
35091.138,2,686323,100,771600,1
35091.139,1,686902,100,772700,-1
35091.256,1,687010,500,770510,1
35091.354,1,687080,800,772780,-1
35091.492,2,686314,200,772300,-1
35091.802,1,687335,500,773690,-1
35091.9,1,687377,800,771120,1
35092.128,2,687335,500,773690,-1
35092.348,1,687600,500,773790,-1
35092.363,2,685708,500,773000,-1
35092.385,2,687600,500,773790,-1
35092.395,1,687636,250,773000,-1
35092.466,2,687010,500,770510,1
35092.486,2,686902,100,772700,-1
35092.524,1,687745,200,772300,-1
35092.55,2,687377,800,771120,1
35092.552,2,687080,800,772780,-1
35092.59,1,687808,800,771420,1
35092.651,1,687866,100,771600,1
35092.896,1,688017,500,770610,1
35093.0,2,688017,500,770610,1
35093.132,1,688148,800,773080,-1
35093.145,2,685422,500,770640,1
35093.15,2,687636,250,773000,-1
35093.188,1,688208,250,771040,1
35093.195,1,688212,500,773400,-1
35093.448,2,687745,200,772300,-1
35093.448,1,688405,500,770710,1
35093.533,2,687808,800,771420,1
35093.537,2,688148,800,773080,-1
35093.539,2,688405,500,770710,1
35093.587,2,687866,100,771600,1
35093.589,1,688517,100,772700,-1
35093.71,1,688614,800,772880,-1
35093.991,1,688815,500,770510,1
35094.24,1,688985,800,771220,1
35094.501,1,689115,200,772300,-1
35094.539,1,689132,500,773690,-1
35096.307,1,690153,400,773900,-1
35096.314,1,690157,600,770000,1
35096.506,2,689132,500,773690,-1
35096.616,1,690317,500,773790,-1
35097.261,2,688815,500,770510,1
35097.358,2,688985,800,771220,1
35097.362,2,688614,800,772880,-1
35097.41,2,688517,100,772700,-1
35097.458,1,690860,500,770610,1
35097.477,1,690876,800,772980,-1
35097.491,2,690317,500,773790,-1
35097.571,2,690860,500,770610,1
35097.573,1,690954,100,771600,1
35097.591,2,690876,800,772980,-1
35097.926,1,691199,500,770710,1
35097.96,1,691224,800,773080,-1
35098.411,2,689115,200,772300,-1
35098.473,1,691461,500,773890,-1
35098.507,1,691481,800,771420,1
35099.199,2,688208,250,771040,1
35099.23,1,691836,500,771040,1
35102.164,2,691836,500,771040,1
35102.194,1,693348,250,771040,1
35103.745,2,690157,600,770000,1
35103.761,1,694172,400,770300,1
35105.602,2,693348,250,771040,1
35105.632,1,694965,500,771040,1
35107.911,2,691199,500,770710,1
35107.917,2,691461,500,773890,-1
35107.959,2,691224,800,773080,-1
35107.993,2,691481,800,771420,1
35108.025,1,696094,800,771620,1
35108.029,1,696096,500,770910,1
35108.141,1,696174,100,771900,1
35108.142,2,690954,100,771600,1
35108.18,2,688212,500,773400,-1
35108.212,1,696226,250,773400,-1
35108.319,2,696096,500,770910,1
35108.375,2,696094,800,771620,1
35108.376,2,696174,100,771900,1
35108.523,1,696487,800,771420,1
35108.536,1,696502,500,770710,1
35108.64,1,696589,100,771600,1
35108.728,1,696668,400,771800,1
35108.798,2,696487,800,771420,1
35109.082,1,696909,500,773890,-1
35109.101,1,696926,800,771320,1
35109.326,2,664344,800,770700,1
35109.368,1,697130,800,771200,1
35109.664,1,697330,800,772980,-1
35109.903,2,696502,500,770710,1
35109.909,2,696909,500,773890,-1
35109.948,2,696926,800,771320,1
35109.953,2,697330,800,772980,-1
35109.962,1,697540,500,774090,-1
35110.0,1,697575,100,771900,1
35110.261,1,697753,800,771620,1
35110.336,2,696589,100,771600,1
35110.487,2,697575,100,771900,1
35110.505,1,697928,500,770910,1
35110.539,2,697928,500,770910,1
35110.556,2,697753,800,771620,1
35110.638,1,698052,100,771800,1
35110.783,1,698147,800,771520,1
35111.05,1,698316,500,770910,1
35111.318,1,698478,800,773180,-1
35111.526,2,696668,400,771800,1
35111.572,1,698646,300,772200,1
35113.015,2,696226,250,773400,-1
35113.047,1,699460,500,773400,-1
35114.443,2,699460,500,773400,-1
35114.45,5,698666,200,772250,1
35114.474,1,700234,250,773400,-1
35114.531,2,700234,250,773400,-1
35114.564,1,700282,500,773400,-1
35114.741,2,698316,500,770910,1
35114.776,2,697540,500,774090,-1
35114.82,1,700461,500,770710,1
35114.858,2,698147,800,771520,1
35114.863,2,698478,800,773180,-1
35114.869,1,700498,800,772980,-1
35114.917,2,698052,100,771800,1
35114.917,1,700541,100,772900,-1
35115.284,2,698646,300,772200,1
35115.317,1,700841,500,773890,-1
35115.348,1,700863,800,771320,1
35117.271,2,694965,500,771040,1
35117.302,1,702175,250,771040,1
35117.458,2,700282,500,773400,-1
35117.495,1,702326,250,773400,-1
35117.644,2,702175,250,771040,1
