34201.207,2,142819,250,749560,1
34201.209,2,142820,250,753500,-1
34201.239,1,143802,250,749960,1
34201.242,1,143805,250,753500,-1
34203.775,2,143802,250,749960,1
34203.828,1,145352,250,749560,1
34204.168,2,143805,250,753500,-1
34204.201,1,145555,250,753500,-1
34206.391,2,145352,250,749560,1
34206.392,2,145555,250,753500,-1
34206.423,1,146677,250,749160,1
34206.426,1,146678,250,753500,-1
34207.757,2,146678,250,753500,-1
34207.795,1,147443,250,753500,-1
34207.941,2,147443,250,753500,-1
34207.983,1,147693,250,753500,-1
34208.108,2,146677,250,749160,1
34208.111,2,147693,250,753500,-1
34208.151,1,147866,250,749560,1
34208.155,1,147868,250,753500,-1
34208.176,2,147866,250,749560,1
34208.177,2,147868,250,753500,-1
34208.21,1,147911,250,749160,1
34208.213,1,147916,250,753500,-1
34208.292,2,147911,250,749160,1
34208.73,2,147916,250,753500,-1
34208.732,1,148257,250,749560,1
34208.766,1,148309,250,753500,-1
34213.013,1,151409,100,749500,1
34214.454,1,152032,100,753400,-1
34219.488,2,148257,250,749560,1
34219.489,2,148309,250,753500,-1
34219.524,1,153839,250,749960,1
34219.526,1,153841,250,753500,-1
34223.558,2,153839,250,749960,1
34223.56,2,153841,250,753500,-1
34223.591,1,155231,250,750360,1
34223.593,1,155233,250,753500,-1
34225.126,2,151409,100,749500,1
34226.118,2,155233,250,753500,-1
34226.238,1,156354,250,752560,-1
34227.951,2,152032,100,753400,-1
34231.431,2,155231,250,750360,1
34231.432,2,156354,250,752560,-1
34231.463,1,158259,250,749960,1
34231.467,1,158261,250,752510,-1
34233.186,2,158259,250,749960,1
34233.186,2,158261,250,752510,-1
34233.236,1,159064,250,750360,1
34233.239,1,159066,250,752560,-1
34237.135,2,112253,100,755700,-1
34241.436,1,162048,100,751600,1
34246.578,2,159064,250,750360,1
34246.58,2,159066,250,752560,-1
34246.611,1,164048,250,750760,1
34246.614,1,164049,250,752960,-1
34246.626,2,164048,250,750760,1
34246.66,1,164080,250,750360,1
34247.088,2,164080,250,750360,1
34247.128,1,164334,250,750760,1
34247.415,2,164334,250,750760,1
34247.416,2,164049,250,752960,-1
34247.447,1,164507,250,750360,1
34247.451,1,164509,250,752560,-1
34248.776,2,162048,100,751600,1
34249.188,2,164509,250,752560,-1
34249.486,1,165298,250,752600,-1
34250.494,2,164507,250,750360,1
34250.497,2,165298,250,752600,-1
34250.537,1,165676,250,750760,1
34250.539,1,165680,250,752960,-1
34252.338,2,165676,250,750760,1
34252.38,1,166432,250,750360,1
34252.55,2,166432,250,750360,1
34252.585,1,166577,250,750760,1
34253.424,2,166577,250,750760,1
34253.426,2,165680,250,752960,-1
34253.479,1,167064,250,751160,1
34253.481,1,167069,250,753360,-1
34255.83,2,167064,250,751160,1
34255.831,2,167069,250,753360,-1
34255.866,1,168435,250,751560,1
34255.87,1,168439,250,753760,-1
34256.672,2,168435,250,751560,1
34256.674,2,168439,250,753760,-1
34256.705,1,168905,250,751160,1
34256.707,1,168909,250,753360,-1
34265.677,2,168905,250,751160,1
34265.679,2,168909,250,753360,-1
34265.714,1,173509,250,751560,1
34265.718,1,173513,250,753760,-1
34267.87,2,173509,250,751560,1
34267.872,2,173513,250,753760,-1
34267.985,1,174847,250,751960,1
34267.987,1,174849,250,754160,-1
34268.564,2,174847,250,751960,1
34268.565,2,174849,250,754160,-1
34268.652,1,175285,250,753160,1
34268.655,1,175290,250,755360,-1
34268.657,4,175285,200,753160,1
34268.661,2,175285,50,753160,1
34268.663,2,175290,250,755360,-1
34268.696,1,175343,250,751960,1
34268.698,1,175346,250,754160,-1
34269.103,2,175343,250,751960,1
34269.104,2,175346,250,754160,-1
34269.217,5,175734,200,752050,-1
34269.217,1,175832,50,752360,1
34269.22,1,175834,250,753920,-1
34269.227,2,175832,50,752360,1
34269.228,2,175834,250,753920,-1
34269.269,1,175883,250,753160,1
34269.272,1,175887,250,754720,-1
34269.272,4,175883,200,753160,1
34269.272,4,175883,50,753160,1
34269.501,2,107790,300,745200,1
34269.645,1,176243,250,752760,1
34269.693,2,176243,250,752760,1
34269.695,2,175887,250,754720,-1
34269.726,1,176321,250,753160,1
34269.728,1,176326,250,755120,-1
34269.73,4,176321,200,753160,1
34269.824,2,109933,300,758500,-1
34270.012,2,176321,50,753160,1
34270.018,2,176326,250,755120,-1
34270.577,1,177132,250,752920,1
34270.579,1,177137,375,755120,-1
34270.595,2,177132,250,752920,1
34270.597,2,177137,375,755120,-1
34270.628,1,177181,250,752520,1
34270.629,1,177184,250,754720,-1
34270.798,2,177181,250,752520,1
34270.833,1,177407,250,752120,1
34271.327,2,177407,250,752120,1
34271.403,1,178023,250,752520,1
34271.411,2,177184,250,754720,-1
34271.466,1,178099,375,755120,-1
34271.515,2,178099,375,755120,-1
34271.592,1,178216,250,754720,-1
34271.718,2,178216,250,754720,-1
34271.73,2,178023,250,752520,1
34271.765,1,178393,375,755120,-1
34271.767,1,178398,250,752920,1
34271.777,2,178398,250,752920,1
34271.778,1,178407,300,752220,1
34271.779,2,178393,375,755120,-1
34271.809,1,178437,250,752520,1
34271.819,1,178446,250,754720,-1
34272.23,2,178437,250,752520,1
34272.232,2,178446,250,754720,-1
34272.263,1,178839,250,752920,1
34272.266,1,178843,375,755120,-1
34272.267,4,178839,200,752920,1
34272.669,2,178839,50,752920,1
34272.904,1,179482,250,752520,1
34272.91,2,179482,250,752520,1
34272.911,2,178843,375,755120,-1
34273.146,1,179715,250,752520,1
34273.149,1,179717,250,754480,-1
34273.157,2,179715,250,752520,1
34273.189,1,179753,250,752920,1
34273.448,2,179753,250,752920,1
34274.036,2,179717,250,754480,-1
34274.037,1,180608,250,752520,1
34274.088,1,180645,250,754080,-1
34274.153,2,180608,250,752520,1
34274.157,2,180645,250,754080,-1
34274.188,1,180734,250,752920,1
34274.19,1,180737,250,754480,-1
34274.193,2,180734,250,752920,1
34274.195,2,180737,250,754480,-1
34274.225,1,180762,250,752520,1
34274.228,1,180765,250,754080,-1
34274.391,1,180925,1000,752300,1
34275.262,2,180762,250,752520,1
34275.264,2,180765,250,754080,-1
34275.298,1,181731,250,752920,1
34275.301,1,181733,250,754480,-1
34279.553,1,185151,500,753020,1
34279.932,2,181731,250,752920,1
34280.057,1,185551,250,752520,1
34280.258,2,180925,1000,752300,1
34280.858,2,185551,250,752520,1
34280.86,2,181733,250,754480,-1
34280.893,1,186148,250,752120,1
34280.895,1,186152,250,754080,-1
34281.93,5,185160,200,753070,1
34281.93,5,185153,200,753030,1
34281.93,4,185151,500,753020,1
34282.15,1,186996,1000,752300,1
34283.229,2,186148,250,752120,1
34283.23,2,186152,250,754080,-1
34283.262,1,187882,250,751720,1
34283.264,1,187883,250,753680,-1
34286.983,2,186996,1000,752300,1
34287.154,2,187883,250,753680,-1
34287.18,2,187882,250,751720,1
34287.189,1,190626,250,754080,-1
34287.217,1,190666,250,752120,1
34288.771,2,190666,250,752120,1
34288.773,2,190626,250,754080,-1
34288.812,1,191743,250,752520,1
34288.821,1,191747,250,754480,-1
34289.922,2,191743,250,752520,1
34289.924,2,191747,250,754480,-1
34290.263,1,192853,400,752900,1
34290.396,1,192937,250,752920,1
34290.397,1,192938,250,754880,-1
34291.237,2,192937,250,752920,1
34291.238,2,192938,250,754880,-1
34291.292,1,193632,250,753320,1
34291.295,1,193642,250,755280,-1
34292.091,2,193642,250,755280,-1
34292.124,2,193632,250,753320,1
34292.144,1,194299,250,755680,-1
34292.155,1,194310,250,753720,1
34292.158,4,194310,200,753720,1
34292.618,2,194310,50,753720,1
34292.619,2,194299,250,755680,-1
34292.811,1,194872,250,753080,1
34292.813,1,194875,250,755280,-1
34294.132,2,194872,250,753080,1
34294.134,2,194875,250,755280,-1
34294.164,1,195857,250,753480,1
34294.167,1,195861,250,755680,-1
34294.869,4,195857,200,753480,1
34295.298,2,195857,50,753480,1
34295.299,2,195861,250,755680,-1
34295.346,1,196882,250,752840,1
34295.364,1,196894,250,755040,-1
34295.927,2,196882,250,752840,1
34295.929,2,196894,250,755040,-1
34296.025,1,197415,250,752200,1
34296.035,1,197422,250,754400,-1
34297.563,2,197415,250,752200,1
34297.565,2,197422,250,754400,-1
34297.626,1,198684,250,752600,1
34298.067,1,199077,250,754800,-1
34298.069,2,198684,250,752600,1
34298.072,2,199077,250,754800,-1
34298.111,1,199122,250,752200,1
34298.113,1,199124,250,754400,-1
34300.215,1,200716,100,753400,-1
34300.683,4,200716,100,753400,-1
34301.063,2,199122,250,752200,1
34301.135,1,201401,250,751400,1
34301.137,2,199124,250,754400,-1
34301.172,1,201434,250,754000,-1
34301.878,1,201982,1000,752700,1
34301.943,2,201401,250,751400,1
34301.964,2,201982,1000,752700,1
34302.023,1,202078,250,751000,1
34304.06,2,202078,250,751000,1
34304.062,2,201434,250,754000,-1
34304.095,1,203215,250,751400,1
34304.098,1,203217,250,754400,-1
34305.704,1,204145,1000,752700,1
34306.283,2,203215,250,751400,1
34306.382,1,204527,250,751000,1
34306.595,2,204527,250,751000,1
34306.6,2,203217,250,754400,-1
34306.648,1,204718,250,751400,1
34306.65,1,204720,250,754000,-1
34306.692,2,204718,250,751400,1
34306.727,1,204771,250,751000,1
34307.226,1,205155,700,753600,1
34307.423,2,204145,1000,752700,1
34309.893,5,205160,100,753610,1
34309.893,4,205155,700,753600,1
34310.044,1,206912,1000,753500,-1
34311.618,2,206912,1000,753500,-1
34312.48,1,208247,300,745200,1
34312.758,1,208362,300,757400,-1
34313.738,2,208362,300,757400,-1
34314.922,2,192853,400,752900,1
34316.7,2,204771,250,751000,1
34316.702,2,204720,250,754000,-1
34316.736,1,210222,250,750600,1
34316.744,1,210227,250,753600,-1
34320.422,2,210222,250,750600,1
34320.424,2,210227,250,753600,-1
34320.454,1,212155,250,751000,1
34320.479,1,212164,250,754000,-1
34323.477,2,212155,250,751000,1
34323.481,2,212164,250,754000,-1
34323.509,1,213916,250,751400,1
34323.521,1,213926,250,754400,-1
34327.052,2,213916,250,751400,1
34327.053,2,213926,250,754400,-1
34327.085,1,216147,250,751800,1
34327.087,1,216150,250,754800,-1
34332.094,2,216147,250,751800,1
34332.126,1,219569,250,751400,1
34332.216,2,219569,250,751400,1
34332.257,1,219670,250,751800,1
34332.899,2,178407,300,752220,1
34336.046,2,219670,250,751800,1
34336.047,2,216150,250,754800,-1
34336.08,1,221812,250,751400,1
34336.082,1,221814,250,754400,-1
34343.36,2,221812,250,751400,1
34343.362,2,221814,250,754400,-1
34343.393,1,225455,250,751000,1
34343.397,1,225461,250,754000,-1
34344.022,2,225455,250,751000,1
34344.023,2,225461,250,754000,-1
34344.064,1,225870,250,751400,1
34344.066,1,225871,250,754400,-1
34345.515,1,226646,1000,753500,1
34346.728,2,226646,1000,753500,1
34347.488,2,225870,250,751400,1
34347.49,2,225871,250,754400,-1
34347.522,1,227556,250,751000,1
34347.524,1,227557,250,754000,-1
34353.805,1,230423,300,758500,-1
34355.616,5,227567,200,753950,-1
34355.886,2,227556,250,751000,1
34355.887,2,227557,250,754000,-1
34355.996,1,231397,250,752440,1
34355.997,1,231398,250,754000,-1
34356.116,4,231398,200,754000,-1
34356.287,1,231517,1000,753900,-1
34356.366,5,231515,200,753890,-1
34356.437,2,231397,250,752440,1
34356.438,2,231398,50,754000,-1
34356.505,1,231615,250,752440,1
34356.507,1,231616,250,754640,-1
34356.551,2,231615,250,752440,1
34356.616,1,231668,375,752440,1
34356.616,5,231515,200,753890,-1
34356.625,2,231668,375,752440,1
34356.737,1,231732,500,752440,1
34356.867,2,231732,500,752440,1
34356.868,2,231616,250,754640,-1
34356.98,1,231854,250,753080,1
34356.982,1,231855,250,754640,-1
34357.053,2,231517,1000,753900,-1
34359.03,1,232975,1000,752500,1
34359.216,2,231854,250,753080,1
34359.217,2,231855,250,754640,-1
34359.248,1,233091,250,753480,1
34359.251,1,233094,250,755040,-1
34359.454,2,233091,250,753480,1
34359.456,2,233094,250,755040,-1
34359.487,1,233235,250,753080,1
34359.49,1,233239,250,754640,-1
34364.022,2,232975,1000,752500,1
34364.086,2,233235,250,753080,1
34364.121,1,235566,250,752680,1
34364.199,2,235566,250,752680,1
34364.231,1,235647,250,753080,1
34364.37,2,235647,250,753080,1
34364.372,2,233239,250,754640,-1
34364.403,1,235738,250,752680,1
34364.404,1,235740,250,754240,-1
34374.363,2,235738,250,752680,1
34374.365,2,235740,250,754240,-1
34374.412,1,241499,250,752280,1
34374.414,1,241502,250,753840,-1
34374.797,1,241781,1000,752500,1
34378.453,2,241781,1000,752500,1
34378.599,1,243962,1000,753800,-1
34378.985,2,241499,250,752280,1
34378.989,2,241502,250,753840,-1
34379.021,1,244217,250,751880,1
34379.024,1,244221,250,753440,-1
34379.344,2,243962,1000,753800,-1
34388.049,1,250001,1000,753500,-1
34388.594,2,244217,250,751880,1
34388.596,2,244221,250,753440,-1
34388.65,1,250376,250,751480,1
34388.652,1,250379,250,753040,-1
34390.052,2,250001,1000,753500,-1
34393.783,1,253942,1000,753100,-1
34397.487,2,253942,1000,753100,-1
34414.309,1,265649,1000,752500,-1
34416.157,1,266587,500,751700,1
34420.035,2,265649,1000,752500,-1
34421.138,2,250376,250,751480,1
34421.14,2,250379,250,753040,-1
34421.183,1,269472,250,751880,1
34421.184,1,269474,250,753440,-1
34427.301,2,269474,250,753440,-1
34427.335,1,273426,250,753840,-1
34427.483,2,273426,250,753840,-1
34427.515,1,273563,250,753440,-1
34431.292,2,269472,250,751880,1
34431.295,2,273563,250,753440,-1
34431.328,1,275742,250,752280,1
34431.329,1,275745,250,753840,-1
34431.641,5,275749,200,752330,1
34431.641,4,275742,50,752280,1
34431.76,4,275742,200,752280,1
34431.875,1,276221,250,752280,1
34431.889,4,276221,50,752280,1
34432.151,2,276221,200,752280,1
34432.154,2,275745,250,753840,-1
34432.202,1,276615,500,751640,1
34432.236,1,276642,250,753840,-1
34435.32,2,276615,500,751640,1
34435.322,2,276642,250,753840,-1
34435.353,1,278848,500,751240,1
34435.358,1,278853,250,753440,-1
34436.758,4,266587,500,751700,1
34436.993,2,278848,500,751240,1
34436.994,2,278853,250,753440,-1
34437.052,1,280097,500,750840,1
34437.054,1,280100,250,753040,-1
34437.097,2,280097,500,750840,1
34437.099,2,280100,250,753040,-1
34437.14,1,280174,250,751240,1
34437.148,1,280180,250,753440,-1
34437.399,2,280174,250,751240,1
34437.4,2,280180,250,753440,-1
34437.473,1,280425,250,750840,1
34437.475,1,280427,250,753440,-1
34437.509,2,280425,250,750840,1
34437.578,1,280513,250,751240,1
34441.377,2,280513,250,751240,1
34441.416,1,283112,250,750840,1
34441.476,2,280427,250,753440,-1
34441.508,1,283181,250,753040,-1
34443.491,2,283112,250,750840,1
34443.494,2,283181,250,753040,-1
34443.541,1,284782,250,750440,1
34443.544,1,284784,250,752640,-1
34448.971,1,289062,1000,752100,-1
34449.626,2,284782,250,750440,1
34449.627,2,284784,250,752640,-1
34449.68,1,289552,250,750840,1
34449.683,1,289554,250,753040,-1
34451.198,2,289062,1000,752100,-1
34455.539,2,289552,250,750840,1
34455.542,2,289554,250,753040,-1
34455.576,1,293650,250,750440,1
34455.58,1,293653,250,752640,-1
34457.32,2,293650,250,750440,1
34457.322,2,293653,250,752640,-1
34457.361,1,294948,250,750840,1
34457.366,1,294952,250,753040,-1
34460.133,2,294948,250,750840,1
34460.134,2,294952,250,753040,-1
34460.193,1,296895,250,750440,1
34460.195,1,296898,250,752640,-1
34462.216,2,296895,250,750440,1
34462.219,2,296898,250,752640,-1
34462.269,1,298430,250,750840,1
34462.287,1,298447,250,753040,-1
34463.382,1,299310,1000,751000,1
34463.6,5,299308,500,751010,1
34471.578,2,298430,250,750840,1
34471.579,2,298447,250,753040,-1
34471.61,1,303918,250,751240,1
34471.612,1,303920,250,753440,-1
34472.154,2,299310,1000,751000,1
34475.666,1,306573,500,752290,-1
34477.42,2,303918,250,751240,1
34477.423,2,303920,250,753440,-1
34477.453,1,307522,250,750840,1
34477.456,1,307525,250,753040,-1
34478.673,2,307522,250,750840,1
34478.675,2,307525,250,753040,-1
34478.71,1,308365,250,751240,1
34478.713,1,308369,250,753440,-1
34484.864,2,308365,250,751240,1
34484.865,2,308369,250,753440,-1
34484.896,1,312040,250,750840,1
34484.899,1,312044,250,753040,-1
34484.943,2,312044,250,753040,-1
34484.98,1,312118,250,753440,-1
34485.553,2,312118,250,753440,-1
34485.589,1,312595,250,753040,-1
34488.898,2,312040,250,750840,1
34488.901,2,312595,250,753040,-1
34488.962,1,314886,250,751240,1
34488.964,1,314889,250,753440,-1
34489.972,1,315576,800,751300,-1
34490.387,5,315586,200,751280,-1
34490.387,4,315576,300,751300,-1
34491.492,2,315576,500,751300,-1
34495.881,2,314886,250,751240,1
34495.883,2,314889,250,753440,-1
34495.93,1,319174,250,751640,1
34495.933,1,319178,250,753840,-1
34496.385,2,319174,250,751640,1
34496.389,2,319178,250,753840,-1
34496.425,1,319516,250,751240,1
34496.429,1,319521,250,753440,-1
34496.45,2,319516,250,751240,1
34496.452,2,319521,250,753440,-1
34496.485,1,319583,250,751640,1
34496.487,1,319587,250,753840,-1
34500.56,2,319583,250,751640,1
34500.562,2,319587,250,753840,-1
34500.593,1,322194,250,752040,1
34500.595,1,322196,250,754240,-1
34500.637,5,322231,200,752080,1
34502.433,5,322231,200,752080,1
34502.531,2,322194,250,752040,1
34502.537,2,322196,250,754240,-1
34502.564,1,323823,250,751640,1
34502.569,1,323828,250,753840,-1
34503.35,2,323823,250,751640,1
34503.352,2,323828,250,753840,-1
34503.386,1,324476,250,752040,1
34503.388,1,324479,250,754240,-1
34504.156,5,324521,600,752080,1
34504.156,4,324476,200,752040,1
34504.468,2,324476,50,752040,1
34504.469,2,324479,250,754240,-1
34504.551,1,325231,250,752040,1
34504.554,1,325232,250,753600,-1
34504.707,4,325231,200,752040,1
34505.054,2,325231,50,752040,1
34505.056,2,325232,250,753600,-1
34505.09,1,325524,250,751400,1
34505.227,1,325623,375,753600,-1
34505.266,2,325623,375,753600,-1
34505.299,1,325672,500,753600,-1
34505.668,2,325524,250,751400,1
34505.669,2,325672,500,753600,-1
34505.867,1,326047,250,750760,1
34505.87,1,326051,250,752960,-1
34507.208,2,306573,500,752290,-1
34507.785,2,326047,250,750760,1
34507.786,2,326051,250,752960,-1
34507.826,1,327195,250,750360,1
34507.829,1,327197,250,752560,-1
34508.736,2,327195,250,750360,1
34508.799,1,327918,250,749960,1
34510.327,2,327918,250,749960,1
34510.329,2,327197,250,752560,-1
34510.38,1,328787,250,750360,1
34510.382,1,328789,250,752960,-1
34511.596,2,328787,250,750360,1
34511.669,1,329863,250,749960,1
34514.113,2,329863,250,749960,1
34514.116,2,328789,250,752960,-1
34514.167,1,331504,250,750360,1
34514.176,1,331513,250,753360,-1
34517.598,2,331504,250,750360,1
34517.599,2,331513,250,753360,-1
34517.63,1,334121,250,750760,1
34517.633,1,334123,250,753760,-1
34517.693,2,334121,250,750760,1
34517.695,2,334123,250,753760,-1
34517.746,1,334249,250,750360,1
34517.748,1,334252,250,753360,-1
34517.924,2,334249,250,750360,1
34517.928,2,334252,250,753360,-1
34517.972,1,334530,250,750760,1
34517.974,1,334533,250,753760,-1
34518.045,2,334530,250,750760,1
34518.055,2,334533,250,753760,-1
34518.09,1,334657,250,750360,1
34518.093,1,334663,250,753360,-1
34520.458,2,334657,250,750360,1
34520.459,2,334663,250,753360,-1
34520.493,1,336829,250,749960,1
34520.496,1,336831,250,752960,-1
34520.557,2,336831,250,752960,-1
34520.589,1,336913,250,753360,-1
34520.605,2,336913,250,753360,-1
34520.642,1,336978,250,752960,-1
34521.163,1,337417,400,752200,-1
34521.429,2,337417,400,752200,-1
34522.296,2,336829,250,749960,1
34522.299,2,336978,250,752960,-1
34522.35,1,338402,250,750360,1
34522.357,1,338410,250,753360,-1
34522.65,2,338402,250,750360,1
34522.652,2,338410,250,753360,-1
34522.698,1,338751,250,749960,1
34522.7,1,338757,250,752960,-1
34522.917,2,338751,250,749960,1
34522.918,2,338757,250,752960,-1
34522.949,1,338984,250,750360,1
34522.954,1,338985,250,753360,-1
34531.421,2,338984,250,750360,1
34531.423,2,338985,250,753360,-1
34531.458,1,344587,250,750760,1
34531.464,1,344594,250,753760,-1
34534.013,2,344587,250,750760,1
34534.016,2,344594,250,753760,-1
34534.055,1,346722,250,751160,1
34534.058,1,346726,250,754160,-1
34535.016,2,346722,250,751160,1
34535.017,2,346726,250,754160,-1
34535.056,1,347589,250,750760,1
34535.06,1,347593,250,753760,-1
34536.87,2,347589,250,750760,1
34536.871,2,347593,250,753760,-1
34536.902,1,349116,250,751160,1
34536.904,1,349117,250,754160,-1
34539.082,1,350906,900,751500,1
34541.711,1,353305,1000,751600,1
34545.477,2,349116,250,751160,1
34545.48,2,349117,250,754160,-1
34545.518,1,356023,250,751560,1
34545.519,1,356026,250,754560,-1
34545.812,1,356270,400,751700,1
34546.12,2,356023,250,751560,1
34546.141,2,356026,250,754560,-1
34546.156,1,356536,250,751160,1
34546.179,1,356556,250,754160,-1
34546.251,2,353305,1000,751600,1
34548.4,2,356536,250,751160,1
34548.403,2,356556,250,754160,-1
34548.434,1,358415,250,750760,1
34548.437,1,358418,250,753760,-1
34550.436,2,358415,250,750760,1
34550.438,2,358418,250,753760,-1
34550.478,1,359899,250,751160,1
34550.481,1,359902,250,754160,-1
34554.58,2,359899,250,751160,1
34554.581,2,359902,250,754160,-1
34554.613,1,363286,250,751560,1
34554.616,1,363289,250,754560,-1
34555.244,2,208247,300,745200,1
34555.552,2,230423,300,758500,-1
34558.773,2,363286,250,751560,1
34558.775,2,363289,250,754560,-1
34558.818,1,366190,250,751160,1
34558.823,1,366195,250,754160,-1
34559.13,1,366436,1000,752000,1
34561.255,2,366190,250,751160,1
34561.257,2,366195,250,754160,-1
34561.287,1,367924,250,750760,1
34561.296,1,367931,250,753760,-1
34561.649,2,366436,1000,752000,1
34562.245,2,367924,250,750760,1
34562.247,2,367931,250,753760,-1
34562.285,1,368793,250,751160,1
34562.288,1,368796,250,754160,-1
34564.698,2,368793,250,751160,1
34564.699,2,368796,250,754160,-1
34564.73,1,370592,250,751560,1
34564.731,1,370593,250,754560,-1
34566.249,1,371886,1000,752000,1
34567.25,1,372708,1000,752400,-1
34567.351,2,356270,400,751700,1
34567.366,4,372708,300,752400,-1
34567.783,2,371886,1000,752000,1
34568.183,1,373524,1000,752000,1
34568.767,1,373946,1000,752100,1
34568.78,2,373524,1000,752000,1
34568.795,4,372708,500,752400,-1
34569.927,2,372708,200,752400,-1
34570.533,2,370592,250,751560,1
34570.535,2,370593,250,754560,-1
34570.565,1,375228,250,751960,1
34570.568,1,375232,250,754960,-1
34573.74,1,377445,300,746700,1
34574.185,2,373946,1000,752100,1
34574.504,1,377916,300,757100,-1
34574.618,5,373969,200,752250,1
34575.561,2,375228,250,751960,1
34575.562,2,375232,250,754960,-1
34575.598,1,378667,250,752360,1
34575.6,1,378669,250,755360,-1
34577.114,5,378672,200,752420,1
34577.114,5,378681,200,752410,1
34577.114,1,379676,600,752400,-1
34577.604,1,379897,1000,752100,1
34578.471,2,379676,600,752400,-1
34578.908,2,379897,1000,752100,1
34579.287,1,380926,1000,751900,1
34580.732,4,378667,250,752360,1
34580.732,1,381766,550,752200,-1
34580.802,4,381766,250,752200,-1
34580.907,4,381766,250,752200,-1
34581.024,4,381766,50,752200,-1
34581.024,1,381954,200,752360,1
34581.094,2,381954,200,752360,1
34581.096,2,378669,250,755360,-1
34581.133,1,382004,250,752360,1
34581.134,1,382008,250,753920,-1
34581.212,2,382004,250,752360,1
34581.213,2,382008,250,753920,-1
34581.281,1,382074,250,751720,1
34581.283,1,382076,250,753920,-1
34581.319,2,382076,250,753920,-1
34581.351,1,382124,375,753920,-1
34581.469,2,382124,375,753920,-1
34581.531,1,382218,500,753920,-1
34585.635,1,385045,200,752000,1
34585.876,1,385241,1000,752000,1
34585.975,2,380926,1000,751900,1
34586.149,2,385241,1000,752000,1
34586.456,1,385680,1000,751900,1
34586.602,2,382074,250,751720,1
34586.604,2,382218,500,753920,-1
34586.642,1,385854,250,751320,1
34586.658,1,385867,500,753520,-1
34586.732,2,385854,250,751320,1
34586.733,2,385867,500,753520,-1
34586.785,1,385972,250,753520,-1
34586.794,1,385978,250,751320,1
34587.295,2,385680,1000,751900,1
34590.739,2,350906,900,751500,1
34591.836,2,385978,250,751320,1
34591.904,1,389684,250,750920,1
34592.272,2,389684,250,750920,1
34592.274,2,385972,250,753520,-1
34592.305,1,389909,250,751320,1
34592.31,1,389912,250,753920,-1
34592.32,2,389909,250,751320,1
34592.688,1,390214,250,750920,1
34593.436,2,49507,100,783600,-1
34595.437,2,390214,250,750920,1
34595.439,2,389912,250,753920,-1
34595.479,1,392066,250,750520,1
34595.481,1,392070,250,753520,-1
34598.272,2,392066,250,750520,1
34598.274,2,392070,250,753520,-1
34598.305,1,394273,250,750920,1
34598.308,1,394279,250,753920,-1
34598.93,2,394273,250,750920,1
34598.98,1,394867,250,750520,1
34599.474,2,394279,250,753920,-1
34599.511,1,395290,250,753520,-1
34602.528,2,394867,250,750520,1
34602.531,2,395290,250,753520,-1
34602.56,1,397809,250,750920,1
34602.565,1,397816,250,753920,-1
34602.865,4,385045,200,752000,1
34603.554,1,398590,1000,752000,-1
34605.919,2,397809,250,750920,1
34605.921,2,397816,250,753920,-1
34605.952,1,400251,250,750520,1
34605.954,1,400256,250,753520,-1
34606.764,1,400799,1000,751700,1
34606.865,2,400799,1000,751700,1
34608.049,5,398595,200,751940,-1
34608.049,5,400931,200,751950,-1
34608.049,4,398590,100,752000,-1
34608.513,2,398590,900,752000,-1
34608.594,2,400251,250,750520,1
34608.596,2,400256,250,753520,-1
34608.65,1,402130,250,750920,1
34608.652,1,402133,250,753920,-1
34610.958,1,403667,500,752400,-1
34612.206,1,404519,900,752500,-1
34612.437,2,402130,250,750920,1
34612.438,2,402133,250,753920,-1
34612.482,1,404771,250,750520,1
34612.485,1,404774,250,753520,-1
34612.611,2,404519,900,752500,-1
34612.969,2,404771,250,750520,1
34612.97,2,404774,250,753520,-1
34613.043,1,405292,250,750920,1
34613.047,1,405294,250,753920,-1
34613.546,5,405659,100,752300,-1
34614.991,2,405292,250,750920,1
34614.993,2,405294,250,753920,-1
34615.031,1,406744,250,751320,1
34615.037,1,406752,250,754320,-1
34615.132,2,406752,250,754320,-1
34615.204,1,406864,250,753520,-1
34616.905,2,403667,500,752400,-1
34618.808,2,406744,250,751320,1
34618.81,2,406864,250,753520,-1
34618.842,1,409373,250,750920,1
34618.845,1,409380,250,753120,-1
34619.461,2,409373,250,750920,1
34619.463,2,409380,250,753120,-1
34619.499,1,409831,250,751320,1
34619.501,1,409836,250,753520,-1
34621.081,2,409831,250,751320,1
34621.082,2,409836,250,753520,-1
34621.614,1,411196,250,750920,1
34621.614,1,411198,250,753120,-1
34628.503,1,415476,500,752500,-1
34632.182,2,411196,250,750920,1
34632.183,2,411198,250,753120,-1
34632.217,1,417851,250,750520,1
34632.219,1,417854,250,752720,-1
34634.204,1,419436,800,753300,-1
34634.208,1,419438,800,750900,1
34634.848,5,417109,200,752440,-1
34634.848,5,415489,100,752460,-1
34638.135,2,417851,250,750520,1
34638.137,2,417854,250,752720,-1
34638.169,1,422052,250,750120,1
34638.172,1,422054,250,752320,-1
34644.645,2,422052,250,750120,1
34645.083,2,422054,250,752320,-1
34645.085,1,428031,250,749720,1
34645.117,1,428066,250,751920,-1
34646.4,2,419436,800,753300,-1
34646.426,1,429281,800,753700,-1
34646.43,2,419438,800,750900,1
34646.449,1,429298,800,751300,1
34646.856,2,415476,500,752500,-1
34650.232,2,428031,250,749720,1
34650.234,2,428066,250,751920,-1
34650.272,1,432068,250,750120,1
34650.273,1,432071,250,752320,-1
34650.332,2,429298,800,751300,1
34650.34,1,432128,800,751100,1
34650.595,1,432329,600,752500,-1
34655.56,2,432329,600,752500,-1
34658.161,5,437042,100,752300,-1
34660.943,2,432068,250,750120,1
34660.944,2,432071,250,752320,-1
34660.977,1,439138,250,749720,1
34660.98,1,439140,250,751920,-1
34663.74,2,439138,250,749720,1
34663.741,2,439140,250,751920,-1
34663.771,1,440940,250,750120,1
34663.773,1,440942,250,752320,-1
34667.295,2,432128,800,751100,1
34667.313,1,443509,800,751300,1
34667.704,1,443827,300,752500,-1
34668.156,2,440940,250,750120,1
34668.157,2,440942,250,752320,-1
34668.198,1,444132,250,750520,1
34668.2,1,444134,250,752720,-1
34669.157,2,429281,800,753700,-1
34669.175,1,444918,800,754300,-1
34670.933,2,444132,250,750520,1
34670.98,1,446313,250,750120,1
34671.253,2,446313,250,750120,1
34671.292,1,446609,250,750520,1
34672.266,1,447414,1000,751900,1
34673.219,2,443827,300,752500,-1
34673.805,2,446609,250,750520,1
34673.808,2,444134,250,752720,-1
34673.843,1,448651,250,750920,1
34673.845,1,448653,250,753120,-1
34674.279,2,443509,800,751300,1
34674.288,1,449029,800,751600,1
34674.685,2,447414,1000,751900,1
34675.5,2,448651,250,750920,1
34675.501,2,448653,250,753120,-1
34675.533,1,449989,250,751320,1
34675.536,1,449992,250,753520,-1
34677.536,2,449989,250,751320,1
34677.538,2,449992,250,753520,-1
34677.569,1,451638,250,750920,1
34677.571,1,451642,250,753120,-1
34677.949,2,451642,250,753120,-1
34677.991,1,451994,250,753520,-1
34678.049,2,451994,250,753520,-1
34678.102,1,452101,250,753120,-1
34678.443,2,444918,800,754300,-1
34678.472,1,452444,1200,755100,-1
34679.078,1,453032,1000,750500,1
34679.411,2,451638,250,750920,1
34679.414,2,452101,250,753120,-1
34679.465,1,453352,250,750520,1
34679.468,1,453357,250,752720,-1
34679.707,2,453357,250,752720,-1
34679.745,1,453657,250,753120,-1
34679.859,2,453352,250,750520,1
34679.895,1,453846,250,750920,1
34680.295,2,449029,800,751600,1
34680.331,1,454314,400,751700,1
34680.491,2,452444,1200,755100,-1
34680.523,1,454532,1100,756200,-1
34681.512,2,453032,1000,750500,1
34682.436,1,456028,1000,750500,1
34682.587,2,453846,250,750920,1
34682.59,2,453657,250,753120,-1
34682.62,1,456218,250,751320,1
34682.625,1,456222,250,753520,-1
34686.938,2,456218,250,751320,1
34686.949,2,456222,250,753520,-1
34686.975,1,459745,250,750920,1
34686.982,1,459746,250,753120,-1
34691.354,2,456028,1000,750500,1
34691.516,2,454314,400,751700,1
34691.52,1,463224,400,750700,1
34692.455,2,459745,250,750920,1
34692.457,2,459746,250,753120,-1
34692.493,1,463976,250,750520,1
34692.497,1,463980,250,752720,-1
34695.824,2,51365,100,774600,-1
34695.827,2,51364,100,732400,1
34697.309,2,463976,250,750520,1
34697.311,2,463980,250,752720,-1
34697.345,1,467715,250,750120,1
34697.348,1,467716,250,752320,-1
34697.979,1,468450,100,753000,-1
34698.132,2,50277,100,798700,-1
34698.461,2,50273,100,708300,1
34698.865,2,468450,100,753000,-1
34699.012,1,469475,100,751900,1
34699.042,4,469475,100,751900,1
34699.476,1,469852,100,752600,-1
34700.033,1,470327,100,752600,-1
34702.713,2,49506,100,723400,1
34704.117,1,473184,100,752500,-1
34704.117,2,469852,100,752600,-1
34704.663,1,473517,100,752500,-1
34704.665,2,470327,100,752600,-1
34706.372,2,454532,1100,756200,-1
34706.407,1,474623,1100,757900,-1
34708.244,1,475902,100,752100,1
34708.279,4,475902,100,752100,1
34708.38,2,473184,100,752500,-1
34708.38,2,473517,100,752500,-1
34708.381,1,475988,100,752800,-1
34708.39,2,467715,250,750120,1
34708.392,2,467716,250,752320,-1
34708.422,1,476016,250,750520,1
34708.859,1,476375,250,752720,-1
34708.911,1,476406,100,752800,-1
34711.029,1,477999,500,751110,1
34711.509,1,478343,100,752700,-1
34711.666,2,475988,100,752800,-1
34711.98,1,478657,100,752700,-1
34712.121,2,477999,500,751110,1
34712.23,1,478838,500,751210,1
34712.27,2,476406,100,752800,-1
34712.292,2,476016,250,750520,1
34712.296,2,476375,250,752720,-1
34712.558,2,478838,500,751210,1
34712.599,1,479135,250,750920,1
34712.602,1,479139,250,753120,-1
34712.604,2,479135,250,750920,1
34712.607,2,479139,250,753120,-1
34712.64,1,479182,250,750520,1
34712.642,1,479186,250,752720,-1
34712.759,1,479309,100,752600,-1
34712.787,1,479330,500,751010,1
34712.911,2,478343,100,752700,-1
34713.001,2,479186,250,752720,-1
34713.062,1,479539,250,753120,-1
34713.246,1,479675,100,752400,-1
34713.263,2,479539,250,753120,-1
34713.295,1,479723,250,752720,-1
34713.454,2,479309,100,752600,-1
34713.758,1,480012,100,752400,-1
34713.796,2,479330,500,751010,1
34713.872,1,480117,500,751210,1
34713.984,2,480012,100,752400,-1
34713.986,2,479675,100,752400,-1
34713.988,2,478657,100,752700,-1
34714.077,2,480117,500,751210,1
34714.272,1,480414,100,752700,-1
34714.421,1,480549,500,751210,1
34714.87,1,480870,100,751900,1
34714.965,1,480946,500,754190,-1
34715.435,1,481231,100,752700,-1
34715.627,2,480549,500,751210,1
34715.731,1,481427,500,751110,1
34715.989,1,481565,100,752600,-1
34716.166,2,480414,100,752700,-1
34716.177,1,481671,1000,751900,1
34716.534,1,481866,100,752600,-1
34716.662,2,481231,100,752700,-1
34716.763,5,481682,100,751960,1
34716.922,2,481866,100,752600,-1
34716.922,2,481565,100,752600,-1
34717.043,2,480946,500,754190,-1
34717.108,1,482201,100,752800,-1
34717.153,1,482217,500,754090,-1
34717.694,1,482526,100,752800,-1
34717.903,5,482418,200,751960,1
34717.903,5,482420,100,751960,1
34717.903,5,481678,200,751950,1
34717.903,5,480881,100,751940,1
34717.903,5,480890,100,751940,1
34718.687,2,481427,500,751110,1
34718.689,2,482217,500,754090,-1
34718.799,1,483231,500,750910,1
34718.864,2,480870,100,751900,1
34719.344,1,483623,500,753890,-1
34719.454,2,483231,500,750910,1
34719.643,2,479182,250,750520,1
34719.645,2,479723,250,752720,-1
34719.686,1,483879,250,750120,1
34719.691,1,483885,250,752320,-1
34719.951,4,481671,500,751900,1
34719.959,1,484145,500,750810,1
34720.028,2,483623,500,753890,-1
34720.113,2,481671,500,751900,1
34720.137,2,482201,100,752800,-1
34720.137,1,484328,100,752400,-1
34720.739,1,484829,100,752400,-1
34720.739,2,482526,100,752800,-1
34721.021,1,485068,700,751200,1
34721.752,1,485585,1000,752100,-1
34722.998,2,474623,1100,757900,-1
34723.003,1,486355,1100,755900,-1
34723.098,2,484328,100,752400,-1
34723.098,2,484829,100,752400,-1
34723.098,1,486402,100,752800,-1
34723.281,5,486443,200,751950,-1
34723.281,4,485585,300,752100,-1
34723.391,2,484145,500,750810,1
34723.498,1,486571,500,750710,1
34723.652,1,486667,100,752800,-1
34724.044,2,486571,500,750710,1
34724.165,1,486964,500,750810,1
34725.111,2,483885,250,752320,-1
34725.149,1,487490,250,752720,-1
34725.256,1,487567,500,753790,-1
34725.416,2,487490,250,752720,-1
34725.448,1,487694,250,752320,-1
34726.996,2,487567,500,753790,-1
34729.091,1,490055,1000,752000,1
34729.216,2,463224,400,750700,1
34729.219,1,490142,400,751100,1
34729.662,2,490142,400,751100,1
34729.673,1,490356,800,751000,1
34731.546,2,486964,500,750810,1
34731.619,1,491603,500,751110,1
34731.642,1,491622,100,751800,1
34731.744,2,491603,500,751110,1
34732.239,2,485585,700,752100,-1
34732.358,1,492121,500,754090,-1
34732.471,2,492121,500,754090,-1
34732.769,2,490055,1000,752000,1
34732.798,2,483879,250,750120,1
34732.8,2,487694,250,752320,-1
34732.831,1,492530,250,750520,1
34732.833,1,492532,250,752720,-1
34732.905,1,492596,500,751010,1
34733.343,2,492530,250,750520,1
34733.346,2,492532,250,752720,-1
34733.452,1,493063,500,753990,-1
34733.452,1,493064,250,751160,1
34733.455,1,493068,250,752720,-1
34734.415,2,492596,500,751010,1
34734.418,2,493063,500,753990,-1
34734.508,2,491622,100,751800,1
34734.544,1,493829,500,753890,-1
34734.581,2,493829,500,753890,-1
34735.09,1,494157,500,753790,-1
34735.331,2,493064,250,751160,1
34735.332,2,493068,250,752720,-1
34735.369,1,494349,250,750760,1
34735.371,1,494350,250,752320,-1
34735.642,1,494597,500,750810,1
34736.296,2,494157,500,753790,-1
34736.406,1,495144,500,753890,-1
34736.451,2,495144,500,753890,-1
34736.96,2,494597,500,750810,1
34737.058,1,495561,500,751010,1
34737.156,1,495629,100,751800,1
34737.254,2,79471,500,764800,-1
34737.592,2,495561,500,751010,1
34737.606,1,495907,500,753990,-1
34738.153,1,496239,500,751010,1
34738.616,2,494349,250,750760,1
34738.619,2,494350,250,752320,-1
34738.663,1,496570,250,751560,1
34738.666,1,496572,250,753120,-1
34739.291,2,496570,250,751560,1
34739.293,2,496572,250,753120,-1
34739.333,1,497158,250,751160,1
34739.345,1,497169,250,752720,-1
34739.389,2,497169,250,752720,-1
34739.425,1,497266,250,753120,-1
34739.923,2,497266,250,753120,-1
34739.96,1,497814,250,752720,-1
34740.216,2,495629,100,751800,1
34740.392,1,498140,100,751700,1
34741.207,2,496239,500,751010,1
34741.3,2,495907,500,753990,-1
34741.429,1,498966,100,752000,1
34741.44,1,498978,500,751210,1
34741.522,2,498140,100,751700,1
34741.932,2,497158,250,751160,1
34741.937,2,497814,250,752720,-1
34742.001,1,499491,500,754190,-1
34742.11,1,499601,250,751560,1
34742.113,1,499606,250,753120,-1
34742.347,1,499849,1000,752200,1
34742.773,2,499491,500,754190,-1
34743.296,2,498978,500,751210,1
34743.428,1,500796,500,754390,-1
34743.437,2,490356,800,751000,1
34743.443,1,500814,800,751300,1
34743.461,1,500845,100,752200,1
34743.656,2,498966,100,752000,1
34743.959,1,501294,500,751410,1
34744.078,2,499601,250,751560,1
34744.079,2,499606,250,753120,-1
34744.124,1,501447,250,751960,1
34744.127,1,501453,250,753520,-1
34744.333,2,501294,500,751410,1
34744.343,2,500796,500,754390,-1
34744.677,1,502029,500,751410,1
34744.883,2,502029,500,751410,1
34745.062,1,502440,500,751510,1
34745.301,1,502642,100,751800,1
34745.593,1,502923,500,754490,-1
34746.155,2,502440,500,751510,1
34746.164,2,502923,500,754490,-1
34746.247,1,503414,100,752400,1
34746.356,1,503523,500,754590,-1
34746.394,2,503523,500,754590,-1
34746.429,2,500845,100,752200,1
34746.625,2,499849,1000,752200,1
34750.27,2,500814,800,751300,1
34750.277,1,506341,800,751600,1
34750.513,1,506503,500,754590,-1
34750.55,2,506503,500,754590,-1
34750.741,2,503414,100,752400,1
34751.091,1,506864,100,752300,1
34751.17,1,506922,500,754590,-1
34751.182,2,501447,250,751960,1
34751.183,2,501453,250,753520,-1
34751.215,1,506972,250,751560,1
34751.216,1,506974,250,753120,-1
34751.28,2,506922,500,754590,-1
34751.717,1,507413,500,751610,1
34752.025,4,486402,100,752800,-1
34752.025,4,486667,100,752800,-1
34752.263,1,507952,500,754590,-1
34754.121,2,507952,500,754590,-1
34754.232,1,509426,500,754690,-1
34754.268,2,509426,500,754690,-1
34754.778,1,509823,500,754590,-1
34754.933,2,79464,500,734700,1
34756.398,2,506341,800,751600,1
34756.402,1,510961,800,751700,1
34757.544,1,511856,500,752000,1
34758.058,2,509823,500,754590,-1
34758.169,1,512246,500,754690,-1
34758.359,1,512336,100,752400,1
34758.495,2,512246,500,754690,-1
34758.716,1,512593,500,754590,-1
34758.923,2,507413,500,751610,1
34758.928,2,512593,500,754590,-1
34759.262,1,512945,500,754690,-1
34759.411,2,512945,500,754690,-1
34759.492,1,513128,100,752600,1
34759.743,2,511856,500,752000,1
34759.808,1,513404,500,754790,-1
34759.906,2,513404,500,754790,-1
34759.944,2,506972,250,751560,1
34759.947,2,506974,250,753120,-1
34759.978,1,513549,250,751960,1
34759.979,1,513553,250,753520,-1
34759.984,2,506864,100,752300,1
34760.364,1,513918,500,754890,-1
34760.481,2,513918,500,754890,-1
34760.903,1,514370,500,754790,-1
34762.226,2,514370,500,754790,-1
34762.326,1,515364,500,754890,-1
34762.411,2,515364,500,754890,-1
34762.49,1,515495,100,752800,1
34762.756,2,513128,100,752600,1
34762.872,1,515893,500,754990,-1
34763.151,2,510961,800,751700,1
34763.155,1,516169,400,751900,1
34763.364,2,502642,100,751800,1
34763.42,1,516344,500,752110,1
34765.285,2,516344,500,752110,1
34765.496,1,517920,500,752110,1
34765.826,2,517920,500,752110,1
34766.016,4,515495,100,752800,1
34766.168,1,518450,100,753500,-1
34766.268,1,518527,500,752110,1
34766.726,1,518814,100,753500,-1
34766.799,2,518527,500,752110,1
34766.81,1,518899,500,752010,1
34767.187,2,518899,500,752010,1
34767.356,1,519239,500,752110,1
34767.465,2,519239,500,752110,1
34767.467,2,515893,500,754990,-1
34767.557,2,513549,250,751960,1
34767.558,2,513553,250,753520,-1
34767.562,2,518814,100,753500,-1
34767.566,2,518450,100,753500,-1
34767.571,1,519425,100,753700,-1
34767.607,1,519467,250,751560,1
34767.612,1,519471,250,753120,-1
34767.92,1,519749,500,752210,1
34768.107,1,519974,100,753700,-1
34768.203,2,519467,250,751560,1
34768.206,2,519471,250,753120,-1
34768.268,1,520138,250,751960,1
34768.271,1,520140,250,753520,-1
34768.552,2,520138,250,751960,1
34768.554,2,520140,250,753520,-1
34768.587,1,520505,250,751560,1
34768.59,1,520507,250,753120,-1
34768.66,2,520507,250,753120,-1
34768.66,2,519749,500,752210,1
34768.683,1,520609,500,752110,1
34768.704,1,520638,250,753520,-1
34768.811,1,520723,100,753400,-1
34768.812,2,519425,100,753700,-1
34768.837,2,520505,250,751560,1
34768.9,1,520815,250,751960,1
34768.99,2,520609,500,752110,1
34769.218,1,521176,500,752110,1
34769.397,1,521315,100,753400,-1
34769.399,2,519974,100,753700,-1
34770.201,2,521176,500,752110,1
34770.31,1,522061,500,752010,1
34771.426,2,520815,250,751960,1
34771.427,2,520638,250,753520,-1
34771.458,1,523069,250,752360,1
34771.461,1,523071,250,753920,-1
34771.576,1,523194,500,754890,-1
34773.156,2,523194,500,754890,-1
34773.554,2,523069,250,752360,1
34773.561,2,523071,250,753920,-1
34773.587,1,524741,250,751960,1
34773.593,1,524750,250,753520,-1
34774.057,2,49945,100,791200,-1
34774.355,2,522061,500,752010,1
34774.393,2,49944,100,715800,1
34774.486,1,525545,100,753100,-1
34774.557,1,525618,500,754590,-1
34774.958,2,520723,100,753400,-1
34775.071,1,526039,100,753100,-1
34775.468,2,525618,500,754590,-1
34775.514,2,521315,100,753400,-1
34775.559,1,526472,500,751910,1
34775.733,2,525545,100,753100,-1
34775.733,2,526039,100,753100,-1
34775.734,1,526634,100,753200,-1
34776.091,2,526472,500,751910,1
34776.117,1,527006,500,754590,-1
34776.255,1,527147,100,753100,-1
34776.42,2,526634,100,753200,-1
34776.448,2,527006,500,754590,-1
34776.503,2,527147,100,753100,-1
34776.763,1,527667,500,752010,1
34776.855,1,527785,100,753300,-1
34776.93,2,524741,250,751960,1
34776.933,2,524750,250,753520,-1
34776.963,1,527911,250,751560,1
34776.967,1,527916,250,753120,-1
34777.393,1,528299,100,753300,-1
34778.075,2,527667,500,752010,1
34778.184,1,528972,500,752010,1
34778.529,2,527911,250,751560,1
34778.531,2,527916,250,753120,-1
34778.563,1,529314,250,751960,1
34778.566,1,529318,250,753520,-1
34778.612,2,528972,500,752010,1
34778.679,2,529314,250,751960,1
34778.681,2,529318,250,753520,-1
34778.721,1,529439,250,751560,1
34778.726,1,529443,250,753120,-1
34778.783,2,529439,250,751560,1
34778.786,2,529443,250,753120,-1
34778.821,1,529518,250,751960,1
34778.823,1,529520,250,753520,-1
34778.84,1,529534,500,752010,1
34778.876,2,529534,500,752010,1
34779.393,1,530033,500,752010,1
34781.229,1,531581,100,753200,-1
34781.242,2,530033,500,752010,1
34781.285,1,531639,500,754490,-1
34781.403,2,531639,500,754490,-1
34781.507,2,528299,100,753300,-1
34781.507,2,531581,100,753200,-1
34781.507,2,527785,100,753300,-1
34781.796,1,532118,500,752210,1
34781.831,1,532148,100,753500,-1
34781.832,2,532118,500,752210,1
34782.085,5,525890,200,752600,1
34782.344,1,532558,500,754690,-1
34782.38,2,532558,500,754690,-1
34782.481,1,532706,100,753300,-1
34782.769,2,532148,100,753500,-1
34782.89,1,533020,500,752010,1
34782.956,1,533066,100,752500,1
34782.997,2,529518,250,751960,1
34782.998,2,529520,250,753520,-1
34783.03,1,533140,250,751560,1
34783.04,1,533153,250,753120,-1
34783.06,2,516169,400,751900,1
34783.079,1,533188,800,751800,1
34783.434,2,533020,500,752010,1
34783.439,1,533482,500,754590,-1
34783.513,1,533552,100,753300,-1
34784.435,2,486355,1100,755900,-1
34784.441,1,534286,800,754800,-1
34784.529,1,534362,500,751910,1
34784.948,2,533482,500,754590,-1
34785.075,1,534801,500,754490,-1
34785.256,1,534947,100,753200,-1
34785.622,2,532706,100,753300,-1
34785.791,1,535356,100,753200,-1
34786.149,2,533552,100,753300,-1
34786.424,2,534801,500,754490,-1
34786.606,1,535993,500,754490,-1
34786.933,2,535993,500,754490,-1
34787.152,1,536366,500,754390,-1
34787.25,2,536366,500,754390,-1
34787.7,1,536751,500,754490,-1
34787.74,2,536751,500,754490,-1
34788.249,1,537137,500,754390,-1
34788.286,2,534362,500,751910,1
34789.023,2,537137,500,754390,-1
34789.068,1,537705,500,754190,-1
34789.129,2,533066,100,752500,1
34789.129,1,537760,100,753000,-1
34789.419,2,533188,800,751800,1
34789.426,1,537999,400,751900,1
34789.462,2,534947,100,753200,-1
34789.562,1,538141,500,751710,1
34789.69,1,538246,100,753000,-1
34789.781,2,537705,500,754190,-1
34789.969,2,533140,250,751560,1
34789.971,2,533153,250,753120,-1
34790.007,1,538521,250,751160,1
34790.009,2,535356,100,753200,-1
34790.012,1,538528,250,752720,-1
34790.056,2,512336,100,752400,1
34790.091,1,538631,100,752000,1
34790.111,1,538657,100,752600,1
34790.176,2,538631,100,752000,1
34790.197,1,538760,500,754090,-1
34790.482,2,538141,500,751710,1
34790.666,1,539290,500,751610,1
34790.807,4,538657,100,752600,1
34791.424,2,539290,500,751610,1
34791.427,2,538760,500,754090,-1
34791.466,1,540110,500,753890,-1
34791.494,1,540141,100,752700,-1
34791.513,2,537999,400,751900,1
34791.526,1,540189,400,751700,1
34791.718,2,537760,100,753000,-1
34792.031,1,540715,500,751510,1
34792.083,1,540755,100,752700,-1
34792.198,1,540871,1000,752600,-1
34792.238,2,538246,100,753000,-1
34792.508,2,534286,800,754800,-1
34792.512,2,540189,400,751700,1
34792.528,1,541220,800,753900,-1
34792.531,1,541222,800,751400,1
34793.317,2,538521,250,751160,1
34793.325,2,538528,250,752720,-1
34793.35,1,542056,250,750760,1
34793.362,1,542077,250,752320,-1
34793.428,2,541222,800,751400,1
34793.441,1,542185,800,750500,1
34793.973,2,540715,500,751510,1
34794.104,1,543001,500,751410,1
34794.2,2,540110,500,753890,-1
34794.759,2,543001,500,751410,1
34794.858,1,543818,500,751510,1
34794.915,2,543818,500,751510,1
34795.338,2,540141,100,752700,-1
34795.339,2,540755,100,752700,-1
34795.34,1,544286,100,753000,-1
34795.497,1,544430,500,751610,1
34795.546,2,544430,500,751610,1
34795.896,1,544881,100,752900,-1
34796.046,1,545029,500,751610,1
34796.129,2,544286,100,753000,-1
34796.383,1,545364,100,752900,-1
34796.734,2,545029,500,751610,1
34796.736,1,545755,500,751510,1
34796.962,1,545989,100,752700,-1
34797.011,2,542056,250,750760,1
34797.015,2,542077,250,752320,-1
34797.06,1,546124,250,751160,1
34797.062,1,546128,250,752720,-1
34797.306,2,546124,250,751160,1
34797.31,2,546128,250,752720,-1
34797.343,2,544881,100,752900,-1
34797.351,1,546486,250,750760,1
34797.353,1,546489,250,752320,-1
34797.457,2,545755,500,751510,1
34797.46,1,546606,500,751410,1
34797.498,2,546486,250,750760,1
34797.5,2,546489,250,752320,-1
34797.539,1,546678,100,752700,-1
34797.539,1,546679,250,751160,1
34797.542,1,546684,250,752720,-1
34797.765,2,546679,250,751160,1
34797.767,2,546684,250,752720,-1
34797.803,1,546939,250,750760,1
34797.804,1,546940,250,752320,-1
34797.882,2,545364,100,752900,-1
34798.41,2,541220,800,753900,-1
34798.438,1,547639,400,752900,-1
34798.456,2,546939,250,750760,1
34798.457,2,546940,250,752320,-1
34798.488,1,547695,250,751160,1
34798.492,1,547702,250,752720,-1
34798.655,2,547695,250,751160,1
34798.657,2,547702,250,752720,-1
34798.701,1,547933,250,750760,1
34798.704,1,547936,250,752320,-1
34798.949,5,547962,100,752270,-1
34799.26,2,547933,250,750760,1
34799.261,2,547936,250,752320,-1
34799.292,1,548476,250,751160,1
34799.296,1,548481,250,752720,-1
34800.357,2,542185,800,750500,1
34800.366,1,549465,800,750100,1
34801.488,2,546606,500,751410,1
34801.591,1,550587,500,751510,1
34801.626,2,550587,500,751510,1
34802.151,1,551112,500,751410,1
34804.577,2,551112,500,751410,1
34804.796,1,552987,500,751510,1
34805.135,2,552987,500,751510,1
34805.355,1,553336,500,751510,1
34805.747,5,548455,100,752540,-1
34806.119,2,553336,500,751510,1
34806.165,1,553858,300,752600,-1
34806.175,2,547639,400,752900,-1
34806.179,1,553868,400,752700,-1
34806.23,1,553908,500,751410,1
34806.574,2,553908,500,751410,1
34806.793,1,554267,500,751510,1
34807.33,2,548476,250,751160,1
34807.331,2,548481,250,752720,-1
34807.341,2,554267,500,751510,1
34807.366,1,554656,250,750760,1
34807.367,1,554658,250,752320,-1
34807.587,1,554877,500,751410,1
34807.868,2,554877,500,751410,1
34808.068,1,555352,500,751510,1
34808.161,2,555352,500,751510,1
34808.625,1,555842,500,751310,1
34808.8,2,377916,300,757100,-1
34808.861,2,377445,300,746700,1
34808.955,2,555842,500,751310,1
34809.17,1,556350,500,751210,1
34810.106,2,554656,250,750760,1
34810.108,2,554658,250,752320,-1
34810.141,1,557211,250,750360,1
34810.145,1,557222,250,751920,-1
34810.194,1,557297,100,752400,-1
34810.294,1,557422,500,753490,-1
34810.527,2,557422,500,753490,-1
34810.608,2,545989,100,752700,-1
34810.707,1,557885,100,752400,-1
34811.128,2,546678,100,752700,-1
34811.286,2,557211,250,750360,1
34811.291,2,557222,250,751920,-1
34811.328,1,558488,250,750760,1
34811.33,1,558489,250,752320,-1
34811.942,5,558500,100,752260,-1
34811.942,5,558528,100,752270,-1
34812.447,2,553868,400,752700,-1
34812.451,1,559418,400,752600,-1
34813.61,5,558532,300,752280,-1
34815.087,5,560492,300,752220,-1
34815.616,1,561572,1000,752000,1
34816.105,2,553858,300,752600,-1
34816.262,2,485068,700,751200,1
34816.941,2,540871,1000,752600,-1
34819.405,2,556350,500,751210,1
34819.508,2,549465,800,750100,1
34819.516,1,564295,1200,749400,1
34819.522,1,564301,500,751410,1
34819.632,2,557297,100,752400,-1
34819.633,1,564404,100,752600,-1
34819.635,2,557885,100,752400,-1
34819.768,1,564516,1000,752100,1
34819.859,2,564516,1000,752100,1
34819.97,2,564301,500,751410,1
34820.263,1,564981,500,751510,1
34820.311,1,565022,100,751900,1
34820.347,2,564981,500,751510,1
34820.356,1,565071,1000,752100,1
34820.686,1,565312,500,753590,-1
34820.812,2,558488,250,750760,1
34820.815,2,558489,250,752320,-1
34820.859,1,565491,250,751160,1
34820.861,1,565493,250,752720,-1
34820.945,1,565576,100,752600,-1
34820.966,2,565312,500,753590,-1
34821.264,1,565929,500,753590,-1
34821.423,2,559418,400,752600,-1
34821.433,1,566104,400,752700,-1
34822.301,2,565022,100,751900,1
34822.449,1,567097,500,751510,1
34822.693,1,567342,100,751800,1
34823.566,2,567097,500,751510,1
34823.576,2,565929,500,753590,-1
34824.401,4,564404,100,752600,-1
34824.401,4,565576,100,752600,-1
34824.476,2,567342,100,751800,1
34824.563,1,569087,500,751310,1
34824.618,5,568910,100,752600,1
34825.109,1,569547,500,753390,-1
34825.193,2,565071,1000,752100,1
34825.388,1,569811,100,752100,1
34825.827,1,570176,100,752100,1
34825.936,2,569547,500,753390,-1
34826.002,2,569087,500,751310,1
34826.043,1,570338,500,753490,-1
34826.59,1,570727,500,751410,1
34827.334,2,566104,400,752700,-1
34827.338,1,571309,400,752600,-1
34827.857,2,569811,100,752100,1
34827.857,2,570176,100,752100,1
34827.859,1,571677,100,751700,1
34828.402,1,572151,1000,752100,1
34828.417,1,572167,100,751700,1
34829.578,2,572151,1000,752100,1
34830.142,2,570727,500,751410,1
34831.005,2,564295,1200,749400,1
34831.01,1,574290,800,749700,1
34831.153,2,570338,500,753490,-1
34831.189,1,574454,500,753290,-1
34831.668,1,574901,500,751210,1
34832.017,2,561572,1000,752000,1
34832.303,2,565491,250,751160,1
34832.305,2,565493,250,752720,-1
34832.344,1,575552,250,750760,1
34832.347,1,575556,250,752320,-1
34832.47,5,575599,200,752280,-1
34832.47,5,575619,100,752280,-1
34833.768,2,574901,500,751210,1
34833.802,1,576945,500,751110,1
34833.817,2,574454,500,753290,-1
34834.176,2,576945,500,751110,1
34834.341,1,577362,500,751210,1
34834.395,2,577362,500,751210,1
34834.942,1,577824,500,753190,-1
34835.368,2,575552,250,750760,1
34835.371,2,575556,250,752320,-1
34835.533,1,578330,500,751110,1
34835.852,1,578587,250,751160,1
34835.854,1,578589,250,752720,-1
34835.945,2,578330,500,751110,1
34835.947,2,577824,500,753190,-1
34836.065,1,578773,500,751310,1
34836.592,1,579209,500,753390,-1
34836.861,2,578773,500,751310,1
34837.143,1,579625,500,751310,1
34837.463,2,579625,500,751310,1
34837.683,1,580017,500,751210,1
34837.766,2,579209,500,753390,-1
34837.91,2,580017,500,751210,1
34838.25,1,580471,500,752990,-1
34838.695,2,580471,500,752990,-1
34838.798,1,580913,500,753090,-1
34839.024,2,580913,500,753090,-1
34839.282,2,578587,250,751160,1
34839.283,2,578589,250,752720,-1
34839.326,1,581422,250,750760,1
34839.327,1,581424,250,752320,-1
34839.36,1,581456,500,753090,-1
34839.704,5,581466,300,752280,-1
34839.807,2,581456,500,753090,-1
34839.958,1,582091,500,753090,-1
34840.402,1,582444,500,752500,-1
34840.498,1,582540,500,751110,1
34840.775,1,582863,100,752900,-1
34841.715,2,582091,500,753090,-1
34846.165,2,581422,250,750760,1
34846.167,2,581424,250,752320,-1
34846.198,1,586410,250,751160,1
34846.201,1,586414,250,752720,-1
34846.434,2,582444,500,752500,-1
34847.118,5,586393,300,752220,-1
34847.863,1,587562,100,751600,1
34850.886,1,589393,900,752500,-1
34851.284,2,582540,500,751110,1
34851.36,2,582863,100,752900,-1
34851.506,1,589875,500,751310,1
34851.91,2,586410,250,751160,1
34851.912,2,586414,250,752720,-1
34851.944,1,590230,250,751560,1
34851.948,1,590236,250,753120,-1
34852.077,1,590357,500,752500,-1
34852.126,2,589393,900,752500,-1
34853.093,2,587562,100,751600,1
34853.134,1,591577,100,752000,1
34853.582,2,589875,500,751310,1
34853.59,2,571309,400,752600,-1
34853.593,1,591995,500,751510,1
34853.6,1,591999,400,752700,-1
34854.117,1,592594,500,753590,-1
34854.135,2,590230,250,751560,1
34854.137,2,590236,250,753120,-1
34854.156,4,590357,500,752500,-1
34854.168,1,592658,250,751960,1
34854.172,1,592663,250,753520,-1
34854.372,2,591995,500,751510,1
34855.161,1,593814,1000,752300,1
34855.346,2,592594,500,753590,-1
34855.497,1,594119,500,753590,-1
34855.824,2,594119,500,753590,-1
34856.115,1,594720,500,753890,-1
34856.211,4,591999,400,752700,-1
34856.312,1,594917,100,752200,1
34856.357,2,591577,100,752000,1
34856.36,1,594985,100,752700,1
34856.468,2,571677,100,751700,1
34856.519,2,592658,250,751960,1
34856.526,1,595225,800,753100,-1
34856.925,2,594720,500,753890,-1
34856.937,1,595681,100,752200,1
34856.97,2,592663,250,753520,-1
34856.974,1,595730,250,751560,1
34857.013,1,595794,250,753120,-1
34857.018,2,572167,100,751700,1
34857.077,2,595225,800,753100,-1
34857.083,1,595885,800,753400,-1
34857.091,1,595895,500,753890,-1
34857.458,2,595895,500,753890,-1
34857.525,2,594917,100,752200,1
34857.528,1,596446,100,752500,1
34857.628,2,574290,800,749700,1
34857.646,1,596592,800,750500,1
34857.672,1,596618,500,753790,-1
34857.875,2,596618,500,753790,-1
34858.081,1,597009,100,752500,1
34858.081,2,595681,100,752200,1
34858.219,1,597134,500,753690,-1
34858.403,2,593814,1000,752300,1
34858.947,1,597960,1000,752000,1
34860.133,2,597134,500,753690,-1
34860.179,2,597009,100,752500,1
34860.179,1,599258,100,752300,1
34860.182,2,596446,100,752500,1
34860.464,1,599538,500,753590,-1
34860.588,2,599538,500,753590,-1
34860.85,2,599258,100,752300,1
34861.037,1,600127,100,752500,1
34861.157,2,594985,100,752700,1
34861.159,1,600260,100,752100,1
34861.341,1,600420,500,753690,-1
34861.392,1,600466,100,752500,1
34862.063,2,600260,100,752100,1
34862.106,1,601115,100,752700,1
34862.326,1,601306,500,751710,1
34862.575,2,600466,100,752500,1
34862.577,2,600127,100,752500,1
34862.577,1,601488,100,752000,1
34862.765,2,595730,250,751560,1
34862.767,2,595794,250,753120,-1
34862.803,1,601656,250,751160,1
34862.805,5,596350,250,753000,1
34862.837,5,596350,50,753000,1
34862.837,4,601115,50,752700,1
34863.111,2,601306,500,751710,1
34863.112,5,601846,250,752740,1
34863.25,1,602052,100,752000,1
34863.293,2,600420,500,753690,-1
34863.295,2,601656,250,751160,1
34863.316,1,602119,250,753360,-1
34863.34,1,602139,500,751510,1
34863.48,1,602291,250,751160,1
34863.65,2,602291,250,751160,1
34863.717,1,602537,375,751160,1
34863.768,1,602583,500,753490,-1
34863.815,2,602139,500,751510,1
34863.823,4,601115,50,752700,1
34863.837,1,602650,100,752300,1
34864.081,2,601488,100,752000,1
34864.162,2,597960,1000,752000,1
34864.336,1,603131,500,751410,1
34864.466,1,603286,100,753100,-1
34864.751,2,602650,100,752300,1
34864.997,2,603131,500,751410,1
34865.097,1,603847,100,752400,1
34865.108,1,603857,500,751510,1
34865.161,2,603857,500,751510,1
34865.66,1,604417,500,751410,1
34865.661,1,604418,100,752400,1
34866.101,2,602052,100,752000,1
34866.408,2,604417,500,751410,1
34866.41,2,602583,500,753490,-1
34866.438,1,605095,500,751310,1
34866.531,2,603847,100,752400,1
34866.531,2,604418,100,752400,1
34866.533,1,605185,100,752200,1
34866.822,2,605095,500,751310,1
34866.835,2,605185,100,752200,1
34867.013,1,605666,500,753390,-1
34867.015,1,605668,100,752100,1
34867.381,2,605666,500,753390,-1
34867.488,1,606088,1000,752000,1
34867.56,1,606168,500,751410,1
34867.585,1,606198,100,752400,1
34867.732,2,605668,100,752100,1
34868.035,2,606168,500,751410,1
34868.105,2,606088,1000,752000,1
34868.123,1,606749,500,751510,1
34868.196,1,606793,100,752400,1
34868.422,1,606942,1000,752100,1
34868.647,2,595885,800,753400,-1
34868.651,1,607121,800,753100,-1
34868.778,1,607260,500,753490,-1
34869.333,2,606749,500,751510,1
34869.391,2,602537,375,751160,1
34869.394,2,602119,250,753360,-1
34869.422,2,607260,500,753490,-1
34869.55,1,607782,500,753390,-1
34869.606,2,606198,100,752400,1
34869.607,2,606793,100,752400,1
34869.688,1,607888,100,752100,1
34870.09,1,608188,250,751160,1
34870.091,1,608191,250,753360,-1
34870.102,1,608199,500,751310,1
34870.104,2,607782,500,753390,-1
34870.325,1,608420,100,752900,-1
34870.422,2,603286,100,753100,-1
34870.659,2,607888,100,752100,1
34870.672,1,608655,500,753290,-1
34870.875,1,608828,100,751700,1
34871.406,1,609164,100,751700,1
34871.63,2,596592,800,750500,1
34871.649,1,609314,800,750000,1
34872.202,2,608655,500,753290,-1
34874.133,5,608371,200,752500,1
34874.517,2,607121,800,753100,-1
34874.521,1,611200,800,752800,-1
34874.971,1,611464,500,753290,-1
34874.993,2,611200,800,752800,-1
34874.998,1,611472,800,753000,-1
34875.662,5,608371,100,752500,1
34875.75,2,608199,500,751310,1
34875.855,1,611965,500,751210,1
34877.678,2,606942,1000,752100,1
34878.058,1,613213,1000,752000,1
34878.974,2,611464,500,753290,-1
34879.076,1,613794,500,753190,-1
34880.519,2,613794,500,753190,-1
34880.624,1,614663,500,753290,-1
34880.674,2,614663,500,753290,-1
34880.886,2,613213,1000,752000,1
34880.96,2,608188,250,751160,1
34880.961,2,608191,250,753360,-1
34881.023,1,615038,250,750760,1
34881.026,1,615043,250,752960,-1
34881.625,2,611965,500,751210,1
34881.653,1,615506,500,751010,1
34881.815,1,615664,100,752700,-1
34882.037,2,608420,100,752900,-1
34882.078,2,615038,250,750760,1
34882.231,1,616131,500,752990,-1
34882.49,1,616404,250,751160,1
34882.492,2,615043,250,752960,-1
34882.523,1,616423,250,753360,-1
34882.541,2,616404,250,751160,1
34882.542,2,616423,250,753360,-1
34882.575,1,616480,250,750760,1
34882.638,1,616521,250,752960,-1
34883.608,2,611472,800,753000,-1
34883.625,1,617238,800,752800,-1
34886.124,2,616131,500,752990,-1
34886.626,1,619118,500,752500,-1
34889.067,2,615506,500,751010,1
34889.191,1,620616,500,751110,1
34889.525,2,620616,500,751110,1
34889.599,2,615664,100,752700,-1
34889.841,1,621083,500,751210,1
34890.19,2,616480,250,750760,1
34890.191,2,616521,250,752960,-1
34890.238,1,621454,1000,752000,1
34890.259,1,621473,250,751160,1
34890.262,1,621474,250,753360,-1
34890.355,1,621575,500,753290,-1
34890.541,2,617238,800,752800,-1
34890.545,1,621733,800,752900,-1
34890.663,2,621083,500,751210,1
34890.88,1,622005,500,751310,1
34892.547,2,621575,500,753290,-1
34893.684,1,624105,600,755300,-1
34893.756,1,624160,600,748700,1
34893.764,1,624170,500,753290,-1
34894.463,2,619118,500,752500,-1
34894.488,2,621733,800,752900,-1
34894.511,1,624682,800,753200,-1
34894.761,2,624170,500,753290,-1
34894.893,1,624924,500,753390,-1
34895.088,2,624924,500,753390,-1
34895.466,1,625285,500,753290,-1
34896.943,2,621454,1000,752000,1
34897.001,2,625285,500,753290,-1
34897.119,1,626572,500,753290,-1
34898.801,1,627632,1000,751900,1
34899.285,2,627632,1000,751900,1
34899.533,2,626572,500,753290,-1
34899.591,1,628093,500,751900,1
34899.64,1,628119,500,753390,-1
34900.355,2,624682,800,753200,-1
34900.36,1,628521,800,752800,-1
34901.005,2,628521,800,752800,-1
34901.01,1,628828,800,752900,-1
34903.877,5,630236,300,752600,1
34903.877,1,630355,1200,752500,-1
34904.82,2,621473,250,751160,1
34904.822,2,621474,250,753360,-1
34904.86,1,630953,250,750760,1
34904.864,1,630958,250,752960,-1
34906.355,2,628828,800,752900,-1
34906.359,1,632231,800,753000,-1
34906.362,2,630953,250,750760,1
34906.364,2,630958,250,752960,-1
34906.416,1,632282,250,751160,1
34906.419,1,632286,250,753360,-1
34906.726,1,632632,100,752800,-1
34906.838,2,622005,500,751310,1
34906.84,2,628119,500,753390,-1
34906.847,1,632731,500,753190,-1
34907.542,1,633383,500,751210,1
34907.753,2,632282,250,751160,1
34907.756,2,632286,250,753360,-1
34907.788,1,633584,250,750760,1
34907.791,1,633588,250,752960,-1
34908.091,2,633383,500,751210,1
34908.199,1,633939,500,751110,1
34908.744,2,633939,500,751110,1
34908.864,1,634423,500,751110,1
34909.949,2,633584,250,750760,1
34909.951,2,633588,250,752960,-1
34909.982,1,635222,250,751160,1
34909.984,1,635225,250,753360,-1
34910.976,2,634423,500,751110,1
34911.09,1,636127,500,751210,1
34911.246,2,636127,500,751210,1
34911.253,2,632731,500,753190,-1
34911.36,2,632632,100,752800,-1
34911.658,1,636547,500,751310,1
34912.474,2,628093,500,751900,1
34912.924,2,636547,500,751310,1
34912.98,1,637600,500,751410,1
34913.676,2,609314,800,750000,1
34913.712,1,638131,800,750500,1
34913.886,1,638254,100,751500,1
34915.732,2,637600,500,751410,1
34915.842,1,639457,500,751310,1
34916.393,2,639457,500,751310,1
34916.419,1,639845,500,753290,-1
34916.499,2,639845,500,753290,-1
34916.666,1,640088,100,752900,-1
34916.967,1,640394,500,753190,-1
34917.513,1,640839,500,751210,1
34917.521,2,632231,800,753000,-1
34917.538,1,640855,800,752800,-1
34918.168,2,640839,500,751210,1
34920.312,2,630355,1200,752500,-1
34920.41,2,640394,500,753190,-1
34920.548,1,643007,500,752990,-1
34920.598,1,643060,100,752600,-1
34920.654,2,643007,500,752990,-1
34920.797,2,640088,100,752900,-1
34921.048,1,643472,500,752990,-1
34921.078,2,643060,100,752600,-1
34921.098,1,643558,100,752800,-1
34921.339,2,635222,250,751160,1
34921.341,2,635225,250,753360,-1
34921.372,2,643472,500,752990,-1
34921.42,1,643890,250,750760,1
34921.429,1,643901,250,752960,-1
34921.506,1,643990,200,751800,-1
34921.612,1,644117,500,751110,1
34922.18,2,643901,250,752960,-1
34922.222,1,644739,250,753360,-1
34922.231,2,644739,250,753360,-1
34922.277,5,639908,200,751710,1
34922.298,1,644813,250,752960,-1
34922.333,5,639908,200,751710,1
34922.347,1,644863,500,753090,-1
34922.363,5,639908,100,751710,1
34922.671,2,644813,250,752960,-1
34922.713,1,645220,250,753360,-1
34922.96,2,645220,250,753360,-1
34922.997,1,645469,250,752960,-1
34923.557,2,640855,800,752800,-1
34923.564,1,645975,800,752700,-1
34923.654,2,644117,500,751110,1
34924.372,2,645975,800,752700,-1
34924.383,1,646564,800,752800,-1
34924.433,1,646595,500,751010,1
34925.09,2,646595,500,751010,1
34925.202,1,647088,500,751110,1
34925.471,2,643990,200,751800,-1
34925.611,2,647088,500,751110,1
34925.763,1,647430,500,751010,1
34926.197,2,647430,500,751010,1
34926.417,1,647874,500,751110,1
34927.094,2,647874,500,751110,1
34927.2,1,648382,500,751110,1
34927.274,1,648439,300,752100,-1
34927.3,2,648382,500,751110,1
34927.505,1,648566,1000,752200,-1
34927.537,2,646564,800,752800,-1
34927.546,1,648585,800,752900,-1
34927.745,1,648708,500,751010,1
34929.432,2,648566,1000,752200,-1
34930.454,2,648439,300,752100,-1
34931.922,2,644863,500,753090,-1
34932.806,1,652076,300,752200,-1
34933.27,2,648708,500,751010,1
34933.347,1,652444,500,750910,1
34933.408,2,652444,500,750910,1
34933.661,1,652716,100,752500,-1
34933.904,1,652897,500,750810,1
34933.928,2,643558,100,752800,-1
34934.064,1,653029,1000,752000,-1
34934.487,1,653377,500,752790,-1
34934.538,2,648585,800,752900,-1
34934.543,1,653405,800,752800,-1
34935.277,2,638254,100,751500,1
34935.32,1,653984,100,751100,1
34935.395,4,608828,100,751700,1
34935.395,4,609164,100,751700,1
34935.395,1,654040,700,751700,-1
34935.582,2,653029,1000,752000,-1
34935.615,1,654192,100,752200,-1
34935.726,2,652897,500,750810,1
34935.819,1,654367,500,750710,1
34936.107,2,652716,100,752500,-1
34936.214,2,654040,700,751700,-1
34936.297,1,654656,100,752200,-1
34936.664,2,643890,250,750760,1
34936.665,2,645469,250,752960,-1
34936.666,2,654367,500,750710,1
34936.669,2,653377,500,752790,-1
34936.706,1,654976,250,750360,1
34936.71,1,654982,250,752560,-1
34936.732,1,655011,100,752000,-1
34936.767,1,655038,500,752590,-1
34937.234,2,654192,100,752200,-1
34937.256,1,655546,500,750510,1
34937.379,1,655674,100,752000,-1
34937.72,2,655011,100,752000,-1
34937.72,2,654656,100,752200,-1
34937.72,2,655674,100,752000,-1
34938.141,1,656364,100,752000,-1
34938.383,1,656593,1000,752000,-1
34938.392,2,655038,500,752590,-1
34938.538,2,656364,100,752000,-1
34938.541,2,655546,500,750510,1
34938.547,1,656751,500,752390,-1
34938.725,1,656959,100,752600,-1
34938.728,2,638131,800,750500,1
34938.762,1,657002,800,750000,1
34939.049,1,657327,500,750310,1
34939.052,2,656751,500,752390,-1
34939.198,2,653984,100,751100,1
34939.278,1,657589,100,752600,-1
34939.63,1,657957,500,752390,-1
34939.694,2,657957,500,752390,-1
34939.703,2,652076,300,752200,-1
34939.706,1,658046,700,751900,-1
34939.961,1,658319,100,752000,-1
34940.147,2,656959,100,752600,-1
34940.214,1,658612,500,752290,-1
34940.263,2,654976,250,750360,1
34940.268,2,654982,250,752560,-1
34940.285,2,653405,800,752800,-1
34940.292,1,658730,800,752500,-1
34940.298,1,658740,250,749960,1
34940.302,1,658744,250,752160,-1
34940.488,2,658046,700,751900,-1
34940.553,1,659047,100,752000,-1
34940.601,2,657589,100,752600,-1
34940.943,2,658612,500,752290,-1
34941.45,1,660316,500,752290,-1
34941.763,2,660316,500,752290,-1
34941.855,1,660849,500,752390,-1
34942.219,2,658319,100,752000,-1
34942.221,1,661209,100,751500,-1
34942.28,1,661276,700,751900,-1
34942.867,2,659047,100,752000,-1
34942.867,1,661934,100,751500,-1
34943.56,2,661276,700,751900,-1
34943.562,1,662729,700,751400,-1
34944.43,2,661934,100,751500,-1
34944.43,1,663563,100,751900,-1
34944.43,2,661209,100,751500,-1
34944.646,2,663563,100,751900,-1
34944.775,2,662729,700,751400,-1
34944.781,2,660849,500,752390,-1
34945.168,1,664341,100,752000,-1
34945.274,1,664434,500,752390,-1
34945.323,2,664434,500,752390,-1
34945.679,2,664341,100,752000,-1
34945.679,1,664827,100,751600,-1
34946.236,1,665340,100,751600,-1
34946.298,1,665400,700,751500,-1
34946.398,2,658730,800,752500,-1
34946.403,1,665489,800,752300,-1
34946.585,2,664827,100,751600,-1
34946.59,2,665340,100,751600,-1
34946.832,1,665938,100,751800,-1
34947.338,2,657327,500,750310,1
34947.39,1,666524,100,751800,-1
34947.449,1,666591,500,750310,1
34947.483,2,665400,700,751500,-1
34947.786,2,666591,500,750310,1
34947.793,2,665938,100,751800,-1
34947.793,2,666524,100,751800,-1
34947.983,1,667115,100,751500,-1
34948.053,2,658740,250,749960,1
34948.056,2,658744,250,752160,-1
34948.093,1,667257,250,750360,1
34948.096,1,667259,250,752560,-1
34948.139,1,667311,500,750510,1
34948.178,2,667115,100,751500,-1
34948.481,1,667695,100,751700,-1
34948.568,1,667788,500,751000,1
34948.687,2,667311,500,750510,1
34948.977,1,668303,500,750310,1
34949.127,1,668478,100,751500,-1
34949.284,2,656593,1000,752000,-1
34949.509,2,667695,100,751700,-1
34949.635,1,669083,500,752390,-1
34949.694,1,669151,100,751500,-1
34949.976,2,669151,100,751500,-1
34949.979,2,668478,100,751500,-1
34950.282,1,669804,100,751600,-1
34950.282,1,669805,1000,752000,-1
34950.943,1,670417,100,751600,-1
34951.093,2,670417,100,751600,-1
34951.168,2,669804,100,751600,-1
34951.499,1,670967,100,752000,-1
34951.74,2,667257,250,750360,1
34951.741,2,667259,250,752560,-1
34951.784,1,671253,250,749960,1
34951.786,1,671254,250,752160,-1
34951.801,1,671269,700,751500,-1
34952.066,1,671593,100,752000,-1
34952.507,2,671269,700,751500,-1
34952.603,1,672150,100,751500,-1
34952.813,2,670967,100,752000,-1
34953.258,1,672738,100,751500,-1
34953.349,2,672150,100,751500,-1
34953.484,2,671593,100,752000,-1
34953.551,1,672995,700,751400,-1
34953.615,2,672738,100,751500,-1
34953.748,1,673134,100,752000,-1
34954.228,2,668303,500,750310,1
34954.296,1,673620,100,752000,-1
34954.321,1,673652,500,750210,1
34954.472,2,673652,500,750210,1
34954.48,2,669083,500,752390,-1
34954.818,1,674171,100,751800,-1
34954.871,1,674241,500,750010,1
34955.027,2,669805,1000,752000,-1
34955.067,2,673134,100,752000,-1
34955.292,2,672995,700,751400,-1
34955.371,1,674661,1000,752000,-1
34955.509,1,674786,100,751800,-1
34955.762,2,673620,100,752000,-1
34955.93,2,671253,250,749960,1
34955.933,2,671254,250,752160,-1
34955.992,1,675250,100,751500,-1
34955.997,1,675257,250,749560,1
34955.999,1,675261,250,751760,-1
34956.224,2,674171,100,751800,-1
34956.606,1,675830,100,751500,-1
34956.798,2,674786,100,751800,-1
34956.845,2,674241,500,750010,1
34956.992,1,676278,500,751990,-1
34957.367,2,667788,500,751000,1
34957.534,1,676816,500,749810,1
34957.895,2,676816,500,749810,1
34958.079,1,677348,500,749710,1
34958.311,2,677348,500,749710,1
34958.369,1,677591,700,751400,-1
34958.553,2,665489,800,752300,-1
34958.566,1,677760,800,752100,-1
34958.659,1,677826,500,749810,1
34958.733,2,677826,500,749810,1
34959.215,1,678287,500,749810,1
34959.417,2,677760,800,752100,-1
34959.423,1,678499,800,752200,-1
34960.249,2,675257,250,749560,1
34960.251,2,675261,250,751760,-1
34960.286,1,679229,250,749160,1
34960.434,2,677591,700,751400,-1
34960.627,2,676278,500,751990,-1
34960.683,2,678499,800,752200,-1
34960.73,1,679650,800,752300,-1
34960.734,1,679655,250,751360,-1
34960.772,2,678287,500,749810,1
34960.829,1,679761,500,751990,-1
34961.083,2,657002,800,750000,1
34961.117,1,680061,800,749500,1
34961.345,1,680292,500,749710,1
34961.399,2,680292,500,749710,1
34961.403,2,679761,500,751990,-1
34961.904,1,680809,500,749710,1
34961.987,2,680809,500,749710,1
34962.45,1,681231,500,749810,1
34963.431,2,681231,500,749810,1
34963.529,1,682133,500,750010,1
34963.628,1,682229,700,751260,-1
34963.831,2,682229,700,751260,-1
34964.672,2,682133,500,750010,1
34964.729,1,683249,500,749810,1
34965.729,1,684127,100,751200,-1
34966.424,2,675250,100,751500,-1
34966.428,1,684729,700,751100,-1
34966.582,2,683249,500,749810,1
34966.589,1,684889,100,751200,-1
34966.59,2,675830,100,751500,-1
34966.65,2,679650,800,752300,-1
34966.681,1,684958,800,752100,-1
34966.684,1,684962,500,749710,1
34967.165,2,684962,500,749710,1
34967.274,1,685492,500,749610,1
34967.315,2,685492,500,749610,1
34967.812,1,686057,500,749510,1
34967.882,2,684127,100,751200,-1
34967.882,2,684889,100,751200,-1
34967.885,1,686124,100,751400,-1
34968.423,2,684729,700,751100,-1
34968.44,1,686649,100,751400,-1
34968.595,1,686785,500,751890,-1
34968.718,1,686940,100,750800,-1
34968.72,4,686940,100,750800,-1
34968.765,2,679229,250,749160,1
34968.78,2,679655,250,751360,-1
34968.798,1,687061,250,748760,1
34968.819,1,687092,250,750960,-1
34969.869,2,686785,500,751890,-1
34969.983,1,688155,500,751890,-1
34970.078,2,688155,500,751890,-1
34970.183,1,688300,700,750860,-1
34970.308,4,688300,300,750860,-1
34970.747,2,680061,800,749500,1
34970.784,1,688832,1200,748600,1
34971.03,4,688300,100,750860,-1
34971.105,2,624160,600,748700,1
34971.434,2,624105,600,755300,-1
34971.745,2,687061,250,748760,1
34971.746,2,687092,250,750960,-1
34971.81,1,689723,250,749160,1
34971.812,1,689725,250,751360,-1
34972.03,1,689931,500,751890,-1
34972.668,2,684958,800,752100,-1
34972.712,1,690677,400,751900,-1
34973.075,2,688300,300,750860,-1
34974.932,2,686057,500,749510,1
34974.937,2,689931,500,751890,-1
34975.027,2,686124,100,751400,-1
34975.027,2,686649,100,751400,-1
34975.027,1,692761,100,751500,-1
34975.035,1,692770,500,749710,1
34975.381,2,692770,500,749710,1
34975.5,1,693170,500,751890,-1
34975.585,2,693170,500,751890,-1
34975.592,1,693280,100,751400,-1
34975.68,2,692761,100,751500,-1
34975.826,2,693280,100,751400,-1
34976.015,1,693696,500,749710,1
34976.02,1,693705,100,751500,-1
34976.135,2,689723,250,749160,1
34976.138,2,689725,250,751360,-1
34976.19,1,693873,250,749560,1
34976.193,1,693876,250,751760,-1
34976.377,2,693696,500,749710,1
34976.637,1,694360,100,751400,-1
34976.699,1,694439,500,749510,1
34976.835,2,694439,500,749510,1
34976.864,2,693705,100,751500,-1
34977.008,5,694367,100,751390,-1
34977.008,4,694360,100,751400,-1
34977.176,1,694911,500,749610,1
34977.233,1,694964,200,752000,-1
34977.612,1,695362,500,752000,-1
34977.761,2,695362,500,752000,-1
34977.777,2,694911,500,749610,1
34978.08,2,690677,400,751900,-1
34978.087,1,695889,400,752000,-1
34978.184,1,695982,500,752090,-1
34978.318,2,695982,500,752090,-1
34978.755,1,696629,500,752190,-1
34979.234,2,694964,200,752000,-1
34979.236,2,695889,400,752000,-1
34979.242,1,697085,400,751900,-1
34979.31,1,697138,500,749810,1
34979.366,2,696629,500,752190,-1
34979.66,2,697138,500,749810,1
34979.872,1,697686,500,749910,1
34979.943,2,697686,500,749910,1
34980.379,1,698166,200,751700,-1
34980.418,1,698183,500,749910,1
34981.514,2,688832,1200,748600,1
34981.591,1,699181,800,748900,1
34981.978,2,698183,500,749910,1
34982.09,1,699562,500,750010,1
34984.047,1,700976,300,752000,-1
34984.122,1,701035,1000,751100,1
34985.372,2,699562,500,750010,1
34985.479,1,701996,500,749910,1
34985.591,2,701996,500,749910,1
34986.034,1,702356,500,750010,1
34986.367,2,702356,500,750010,1
34986.575,1,702695,500,749910,1
34986.63,2,702695,500,749910,1
34987.138,1,703159,500,750010,1
34987.576,2,701035,1000,751100,1
34989.716,2,698166,200,751700,-1
34989.784,2,700976,300,752000,-1
34989.92,1,705130,200,751800,-1
34991.644,4,693876,250,751760,-1
34991.644,4,705130,50,751800,-1
34991.729,1,706361,250,751760,-1
34991.918,1,706509,50,750900,1
34992.35,2,703159,500,750010,1
34992.386,1,706879,500,749910,1
34992.476,1,706943,50,750900,1
34992.502,2,693873,250,749560,1
34992.504,2,706361,250,751760,-1
34992.514,2,706879,500,749910,1
34992.536,1,706975,250,750200,1
34992.591,1,707026,250,751760,-1
34992.617,2,706509,50,750900,1
34992.692,2,706943,50,750900,1
34992.936,1,707296,500,749810,1
34992.996,1,707333,50,750900,1
34993.557,1,707711,50,750900,1
34993.605,1,707745,300,751700,-1
34994.552,2,706975,250,750200,1
34994.555,2,707026,250,751760,-1
34994.586,1,708465,250,750600,1
34994.588,1,708467,250,752160,-1
34994.647,2,707296,500,749810,1
34994.685,2,708465,250,750600,1
34994.717,1,708585,250,750200,1
34994.752,1,708628,500,749910,1
34994.804,2,708585,250,750200,1
34994.838,1,708695,250,750600,1
34995.449,2,708695,250,750600,1
34995.451,2,708467,250,752160,-1
34995.481,1,709250,250,750200,1
34995.488,1,709255,250,751760,-1
34998.972,1,711849,600,748400,1
34999.511,1,712140,600,754400,-1
35000.732,2,708628,500,749910,1
35000.839,1,713058,500,750010,1
35000.993,2,713058,500,750010,1
35001.385,1,713402,500,750010,1
35001.497,2,709250,250,750200,1
35001.499,2,709255,250,751760,-1
35001.562,1,713494,250,750200,1
35001.564,1,713498,250,752400,-1
35005.792,2,707745,300,751700,-1
35006.953,1,716872,100,751800,-1
35009.059,2,713402,500,750010,1
35009.175,1,718100,500,750110,1
35009.385,2,718100,500,750110,1
35009.745,1,718413,500,750010,1
35009.781,2,718413,500,750010,1
35010.314,1,718745,500,750010,1
35010.855,2,718745,500,750010,1
35010.865,1,719048,500,751990,-1
35010.933,2,719048,500,751990,-1
35010.974,1,719115,200,751800,-1
35011.071,2,713494,250,750200,1
35011.073,2,713498,250,752400,-1
35011.106,1,719264,250,749800,1
35011.111,1,719270,250,752000,-1
35011.276,2,705130,150,751800,-1
35011.418,1,719579,500,751990,-1
35011.963,1,720056,500,749810,1
35012.295,2,720056,500,749810,1
35012.513,1,720497,500,749910,1
35012.625,2,720497,500,749910,1
35013.058,1,720923,500,749810,1
35013.479,2,720923,500,749810,1
35013.485,2,719579,500,751990,-1
35013.636,1,721432,500,751800,-1
35014.081,1,721821,100,752400,-1
35014.215,1,721962,500,749610,1
35014.388,2,721962,500,749610,1
35014.74,2,716872,100,751800,-1
35014.766,1,722391,500,749610,1
35015.338,2,721821,100,752400,-1
35015.34,1,722813,300,751900,-1
35015.413,2,697085,400,751900,-1
35015.419,1,722884,400,751600,-1
35015.861,2,674661,1000,752000,-1
35016.162,1,723387,1000,751600,-1
35016.2,2,722391,500,749610,1
35016.318,1,723466,500,749710,1
35016.549,2,719115,200,751800,-1
35016.552,2,721432,500,751800,-1
35017.903,1,724612,200,751510,-1
35018.623,1,725137,500,751790,-1
35018.904,1,725338,300,751410,-1
35019.72,2,723466,500,749710,1
35019.723,2,725137,500,751790,-1
35019.825,1,725961,500,749610,1
35019.958,2,725961,500,749610,1
35019.977,2,725338,300,751410,-1
35020.418,1,726250,500,751790,-1
35020.699,2,722884,400,751600,-1
35020.735,1,726464,400,751700,-1
35020.979,1,726631,500,749710,1
35021.042,2,726631,500,749710,1
35021.245,2,726250,500,751790,-1
35021.366,2,724612,200,751510,-1
35021.366,1,726901,200,751700,-1
35021.553,1,727069,500,751890,-1
35022.116,1,727533,500,749810,1
35022.122,1,727538,300,751500,-1
35022.204,2,727069,500,751890,-1
35022.347,2,727533,500,749810,1
35022.504,2,723387,1000,751600,-1
35022.555,2,727538,300,751500,-1
35022.704,1,727967,500,751990,-1
35022.77,2,727967,500,751990,-1
35023.264,1,728412,500,751890,-1
35023.376,2,728412,500,751890,-1
35023.728,1,728802,200,751500,-1
35023.747,2,726464,400,751700,-1
35023.77,1,728839,400,751900,-1
35023.813,1,728876,500,751790,-1
35024.009,2,726901,200,751700,-1
35024.132,1,729158,1000,751600,-1
35024.354,1,729357,500,749710,1
35024.522,2,729357,500,749710,1
35024.901,1,729734,500,749710,1
35025.059,2,729734,500,749710,1
35025.064,2,728876,500,751790,-1
35025.203,2,728802,200,751500,-1
35025.204,1,729966,200,751700,-1
35025.458,1,730205,300,751300,-1
35025.467,1,730216,500,749910,1
35025.996,2,729158,1000,751600,-1
35026.341,4,730205,300,751300,-1
35026.765,2,719264,250,749800,1
35026.771,2,719270,250,752000,-1
35026.803,1,731308,250,750200,1
35026.806,1,731312,250,752400,-1
35027.006,1,731497,500,751990,-1
35027.816,2,722813,300,751900,-1
35027.901,2,731497,500,751990,-1
35028.37,2,730216,500,749910,1
35028.46,1,732729,500,750010,1
35028.537,2,732729,500,750010,1
35028.999,1,733140,500,752090,-1
35029.325,2,733140,500,752090,-1
35029.543,1,733483,500,751990,-1
35030.036,2,729966,200,751700,-1
35030.098,1,733955,500,750010,1
35030.22,1,734020,200,751800,-1
35030.626,2,728839,400,751900,-1
35030.653,1,734286,400,752100,-1
35031.201,2,733955,500,750010,1
35031.631,2,731308,250,750200,1
35031.634,2,731312,250,752400,-1
35031.668,1,735009,250,749800,1
35031.671,1,735014,250,752000,-1
35031.827,1,735161,500,749910,1
35031.918,2,735161,500,749910,1
35031.925,2,735009,250,749800,1
35031.928,2,735014,250,752000,-1
35031.96,1,735286,250,750200,1
35031.963,1,735293,250,752400,-1
35032.158,2,735286,250,750200,1
35032.162,2,735293,250,752400,-1
35032.194,1,735527,250,749800,1
35032.199,1,735531,250,752000,-1
35032.374,1,735706,500,749910,1
35032.698,2,735706,500,749910,1
35032.89,1,736245,500,750010,1
35034.028,2,736245,500,750010,1
35034.135,1,737152,500,750010,1
35035.692,2,733483,500,751990,-1
35035.795,1,738131,500,752090,-1
35036.06,2,735527,250,749800,1
35036.061,2,735531,250,752000,-1
35036.1,1,738344,250,750200,1
35036.102,1,738346,250,752400,-1
35036.165,2,738344,250,750200,1
35036.167,2,738346,250,752400,-1
35036.206,1,738442,250,749800,1
35036.208,1,738445,250,752000,-1
35036.216,2,738442,250,749800,1
35036.219,2,738445,250,752000,-1
35036.25,1,738506,250,750200,1
35036.251,1,738513,250,752400,-1
35036.335,2,734020,200,751800,-1
35036.393,2,737152,500,750010,1
35036.399,2,738131,500,752090,-1
35036.61,1,738938,200,751800,-1
35036.685,1,739013,500,752190,-1
35036.861,2,739013,500,752190,-1
35037.049,1,739432,500,752090,-1
35037.078,2,738938,200,751800,-1
35037.105,2,739432,500,752090,-1
35037.38,1,739731,200,751800,-1
35037.591,1,739927,500,751990,-1
35037.746,1,740035,1000,751200,1
35038.188,2,740035,1000,751200,1
35038.263,1,740455,500,750010,1
35039.579,2,734286,400,752100,-1
35039.584,1,741610,400,751900,-1
35039.857,2,739927,500,751990,-1
35039.967,1,741864,500,752090,-1
35040.549,2,741864,500,752090,-1
35040.652,1,742241,500,751990,-1
35041.176,2,742241,500,751990,-1
35041.326,1,742662,500,752090,-1
35044.803,1,745280,400,753600,-1
35044.806,1,745284,400,750200,1
35044.994,2,741610,400,751900,-1
35045.051,1,745469,400,752200,-1
35045.479,2,740455,500,750010,1
35045.592,1,745796,500,750110,1
35045.596,2,47108,500,776100,-1
35045.724,2,745469,400,752200,-1
35045.727,2,699181,800,748900,1
35045.766,1,745935,800,752300,-1
35045.77,1,745941,800,749900,1
35046.751,2,745796,500,750110,1
35046.89,1,746558,500,750010,1
35046.942,2,739731,200,751800,-1
35046.973,2,746558,500,750010,1
35047.18,1,746747,200,751900,-1
35047.307,2,738506,250,750200,1
35047.308,2,738513,250,752400,-1
35047.344,1,746849,250,749800,1
35047.346,1,746852,250,752000,-1
35047.458,1,746930,500,750110,1
35049.329,2,746930,500,750110,1
35049.457,2,742662,500,752090,-1
35049.477,1,748556,500,751890,-1
35049.53,1,748616,200,751600,-1
35049.895,2,746747,200,751900,-1
35051.488,1,750023,500,749910,1
35051.49,2,748556,500,751890,-1
35051.558,2,750023,500,749910,1
35052.096,1,750474,500,751690,-1
35052.951,1,751301,1000,751500,-1
35053.046,2,746849,250,749800,1
35053.047,2,746852,250,752000,-1
35053.079,1,751398,250,749400,1
35053.084,1,751403,250,751600,-1
35053.107,2,751403,250,751600,-1
35053.149,1,751469,250,752000,-1
35053.374,2,751469,250,752000,-1
35053.437,1,751776,250,751600,-1
35053.992,2,745935,800,752300,-1
35054.004,1,752373,800,751900,-1
35054.441,2,745284,400,750200,1
35054.461,1,752817,400,749800,1
35055.041,1,753277,100,752000,-1
35056.121,2,751398,250,749400,1
35056.122,2,751776,250,751600,-1
35056.154,2,745280,400,753600,-1
35056.16,1,754109,250,749800,1
35056.163,1,754114,250,752000,-1
35056.195,1,754149,400,752800,-1
35056.838,2,745941,800,749900,1
35056.842,1,754723,800,749400,1
35056.948,1,754816,500,749710,1
35057.053,2,754109,250,749800,1
35057.056,2,754114,250,752000,-1
35057.091,1,754931,250,749400,1
35057.099,1,754944,250,751600,-1
35057.382,2,754816,500,749710,1
35057.419,2,750474,500,751690,-1
35057.578,1,755470,500,751500,-1
35057.912,2,755470,500,751500,-1
35058.062,1,755939,500,751690,-1
35058.14,2,755939,500,751690,-1
35058.223,2,752817,400,749800,1
35058.251,1,756123,600,749200,1
35058.605,1,756449,500,751690,-1
35059.153,1,756938,500,749710,1
35059.217,2,754931,250,749400,1
35059.219,2,754944,250,751600,-1
35059.254,1,757002,250,749800,1
35059.255,1,757003,250,752000,-1
35059.787,2,752373,800,751900,-1
35059.792,1,757507,800,751700,-1
35060.798,2,756938,500,749710,1
35060.8,2,756449,500,751690,-1
35061.011,1,758414,500,751690,-1
35061.074,2,758414,500,751690,-1
35061.526,2,757507,800,751700,-1
35061.531,1,758756,800,751800,-1
35061.558,1,758768,500,749810,1
35061.623,2,758768,500,749810,1
35061.767,2,758756,800,751800,-1
35061.772,1,758895,800,752300,-1
35062.11,1,759121,500,751890,-1
35062.21,2,759121,500,751890,-1
35062.226,2,748616,200,751600,-1
35062.455,1,759455,200,751500,-1
35062.684,2,759455,200,751500,-1
35062.704,1,759661,500,751890,-1
35063.246,1,760140,500,749910,1
35063.311,2,751301,1000,751500,-1
35063.394,2,760140,500,749910,1
35063.396,2,759661,500,751890,-1
35063.747,2,753277,100,752000,-1
35063.809,1,760632,500,751990,-1
35063.855,2,758895,800,752300,-1
35063.858,1,760665,800,752500,-1
35064.34,1,761064,500,750010,1
35064.885,2,754149,400,752800,-1
35064.9,1,761549,400,752400,-1
35065.231,2,756123,600,749200,1
35065.238,1,761784,400,749500,1
35065.285,2,757002,250,749800,1
35065.285,2,757003,250,752000,-1
35065.317,1,761830,250,750200,1
35065.321,1,761835,250,752400,-1
35065.348,2,761830,250,750200,1
35065.35,2,761835,250,752400,-1
35065.381,1,761892,250,749800,1
35065.383,1,761893,250,752000,-1
35065.659,2,760665,800,752500,-1
35065.663,2,754723,800,749400,1
35065.72,1,762227,800,752800,-1
35065.723,1,762231,800,750100,1
35066.858,2,762227,800,752800,-1
35066.885,1,763299,800,753200,-1
35068.347,2,761549,400,752400,-1
35068.375,1,764422,400,753200,-1
35068.971,2,761064,500,750010,1
35068.975,2,760632,500,751990,-1
35069.017,1,764843,200,751600,-1
35069.111,1,764948,500,751890,-1
35069.233,2,764843,200,751600,-1
35069.422,1,765206,1000,751600,-1
35069.542,2,765206,1000,751600,-1
35069.578,1,765352,200,751600,-1
35069.643,1,765398,500,749910,1
35069.645,2,764948,500,751890,-1
35069.678,2,765398,500,749910,1
35069.897,2,765352,200,751600,-1
35069.955,1,765683,1000,751600,-1
35070.194,1,765896,500,751990,-1
35070.261,2,765683,1000,751600,-1
35070.738,1,766278,500,750010,1
35070.787,2,761892,250,749800,1
35070.792,2,761893,250,752000,-1
35070.822,1,766367,250,750200,1
35070.824,1,766372,250,752400,-1
35071.105,2,766367,250,750200,1
35071.107,2,766372,250,752400,-1
35071.156,1,766673,250,749800,1
35071.157,1,766674,250,752000,-1
35071.289,2,47104,500,730900,1
35071.711,2,766278,500,750010,1
35071.714,2,765896,500,751990,-1
35071.751,1,767283,500,752090,-1
35072.311,1,767680,500,750110,1
35072.695,2,762231,800,750100,1
35072.703,1,767997,800,750500,1
35077.65,2,763299,800,753200,-1
35077.669,1,770790,1200,753800,-1
35078.534,2,767997,800,750500,1
35078.538,1,771252,400,750800,1
35080.095,1,772033,1000,751600,-1
35080.669,2,767680,500,750110,1
35080.673,2,767283,500,752090,-1
35080.682,1,772331,500,750310,1
35080.816,2,766673,250,749800,1
35080.819,2,766674,250,752000,-1
35080.851,1,772476,250,750200,1
35080.853,1,772477,250,752400,-1
35081.357,1,773022,500,752290,-1
35081.578,2,764422,400,753200,-1
35081.581,2,761784,400,749500,1
35081.602,1,773290,400,753900,-1
35081.604,1,773293,400,750400,1
35081.688,2,772033,1000,751600,-1
35084.429,2,771252,400,750800,1
35084.436,1,775557,400,751000,1
35085.252,2,772476,250,750200,1
35085.253,2,772477,250,752400,-1
35085.283,1,776259,250,749800,1
35085.286,1,776262,250,752000,-1
35089.02,2,776259,250,749800,1
35089.022,2,776262,250,752000,-1
35089.054,1,778849,250,750200,1
35089.06,1,778854,250,752400,-1
35090.159,2,772331,500,750310,1
35090.161,2,773022,500,752290,-1
35090.288,1,779766,500,752290,-1
35090.524,2,775557,400,751000,1
35090.527,1,779886,400,751200,1
35091.566,2,770790,1200,753800,-1
35091.582,1,780516,1100,754600,-1
35093.053,2,773293,400,750400,1
35093.079,1,781513,400,750800,1
35093.12,1,781542,500,750310,1
35095.863,2,781542,500,750310,1
35095.865,2,779766,500,752290,-1
35095.966,1,783627,500,752290,-1
35096.286,2,783627,500,752290,-1
35096.316,2,778854,250,752400,-1
35096.35,1,783910,250,752800,-1
35096.377,2,783910,250,752800,-1
35096.41,1,783957,250,752400,-1
35096.412,1,783958,100,750900,1
35096.496,2,778849,250,750200,1
35096.5,2,783957,250,752400,-1
35096.556,1,784127,250,750600,1
35096.56,1,784132,250,752800,-1
35096.657,1,784237,500,752490,-1
35096.701,2,784127,250,750600,1
35096.704,2,784132,250,752800,-1
35096.761,1,784353,250,750200,1
35096.764,1,784358,250,752400,-1
35097.071,2,783958,100,750900,1
35097.075,1,784649,300,751500,1
35097.381,2,784353,250,750200,1
35097.382,2,784358,250,752400,-1
35097.413,1,784973,250,750600,1
35097.416,1,784976,250,752800,-1
35097.649,2,784237,500,752490,-1
35097.766,1,785365,500,752490,-1
35098.299,2,785365,500,752490,-1
35098.487,2,779886,400,751200,1
35098.505,1,786027,400,751300,1
35098.587,1,786097,500,752490,-1
35098.623,2,786097,500,752490,-1
35099.016,1,786431,500,752590,-1
35099.313,1,786687,1000,751200,1
35099.753,2,786431,500,752590,-1
35099.759,2,781513,400,750800,1
35099.785,1,787131,400,751000,1
35099.935,1,787311,500,752390,-1
35100.632,1,787948,40,753500,-1
35101.085,2,786687,1000,751200,1
35101.123,2,787311,500,752390,-1
35101.22,1,788513,500,752590,-1
35101.481,2,784973,250,750600,1
35101.484,2,784976,250,752800,-1
35101.53,1,788780,250,750200,1
35101.532,1,788784,250,752400,-1
35102.094,1,789399,1000,751200,1
35102.614,2,773290,400,753900,-1
35102.617,2,787131,400,751000,1
35102.627,1,789993,600,754700,-1
35102.636,1,790004,400,751200,1
35103.292,2,789399,1000,751200,1
35103.483,2,788513,500,752590,-1
35103.65,1,790870,500,752390,-1
35103.873,1,791110,200,752100,-1
35104.526,2,788780,250,750200,1
35104.528,2,788784,250,752400,-1
35104.579,1,791840,250,749800,1
35104.582,1,791844,250,752000,-1
35104.803,2,789993,600,754700,-1
35104.808,2,790004,400,751200,1
35104.841,1,792111,400,754500,-1
35104.845,1,792117,400,751100,1
35104.95,2,786027,400,751300,1
35104.954,1,792246,400,751200,1
35105.117,5,792244,200,751960,-1
35105.406,2,707711,50,750900,1
35105.406,2,707333,50,750900,1
35105.411,1,792769,50,750800,1
35105.615,5,792244,100,751960,-1
35105.615,4,791844,100,752000,-1
35105.783,2,792246,400,751200,1
35105.808,1,793178,400,751000,1
35105.865,5,793004,100,751960,-1
35105.88,1,793257,50,750800,1
35105.91,5,793004,100,751960,-1
35106.287,2,792117,400,751100,1
35106.299,1,793654,400,751000,1
35107.006,2,784649,300,751500,1
35107.057,1,794241,500,750410,1
35108.388,2,793654,400,751000,1
35108.398,1,795306,400,750800,1
35109.122,1,795894,50,750900,1
35109.235,2,794241,500,750410,1
35109.24,2,790870,500,752390,-1
35109.373,1,796149,500,752290,-1
35109.574,2,792769,50,750800,1
35109.782,1,796526,200,751900,-1
35110.097,1,796824,500,752500,-1
35110.145,2,791840,250,749800,1
35110.149,2,791844,150,752000,-1
35110.18,1,796906,250,750200,1
35110.184,1,796911,250,752400,-1
35110.36,1,797123,50,750900,1
35110.362,2,791110,200,752100,-1
35110.365,2,793257,50,750800,1
35110.981,2,796149,500,752290,-1
35110.982,2,796526,200,751900,-1
35111.055,1,797775,500,752390,-1
35111.14,2,796906,250,750200,1
35111.143,2,796911,250,752400,-1
35111.143,1,797858,1000,751800,-1
35111.159,1,797875,100,751880,-1
35111.182,1,797903,250,749800,1
35111.184,1,797906,250,752000,-1
35111.376,2,797775,500,752390,-1
35111.687,2,795306,400,750800,1
35111.698,2,797858,1000,751800,-1
35111.718,1,798550,400,750600,1
35111.946,1,798785,500,752490,-1
35112.024,2,797875,100,751880,-1
35112.845,1,799717,500,752000,-1
35113.945,2,793178,400,751000,1
35113.956,1,800559,400,751200,1
35114.094,2,797903,250,749800,1
35114.095,2,797906,250,752000,-1
35114.13,1,800681,250,749400,1
35114.133,1,800682,250,751600,-1
35114.169,2,800681,250,749400,1
35114.171,2,800682,250,751600,-1
35114.21,1,800761,250,749800,1
35114.213,1,800763,250,752000,-1
35114.935,2,800559,400,751200,1
35114.951,1,801411,400,751000,1
35115.22,2,800761,250,749800,1
35115.224,2,800763,250,752000,-1
35115.256,1,801672,250,749400,1
35115.259,1,801676,250,751600,-1
35115.406,2,801672,250,749400,1
35115.409,2,801676,250,751600,-1
35115.442,1,801837,250,749800,1
35115.445,1,801840,250,752000,-1
35115.683,2,801837,250,749800,1
35115.71,2,798785,500,752490,-1
35115.723,1,802114,250,749400,1
35115.782,2,802114,250,749400,1
35115.795,1,802185,500,752390,-1
35115.815,1,802206,250,749800,1
35115.892,2,802206,250,749800,1
35115.895,2,801840,250,752000,-1
35115.948,1,802311,250,749400,1
35115.952,1,802318,250,751600,-1
35116.337,2,802185,500,752390,-1
35116.465,1,802780,500,752290,-1
35116.533,1,802852,200,751900,-1
35117.096,2,802780,500,752290,-1
35120.383,2,801411,400,751000,1
35120.387,1,805852,400,750900,1
35120.513,1,805927,500,750210,1
35121.076,2,802311,250,749400,1
35121.514,2,802318,250,751600,-1
35121.514,1,806906,250,749000,1
35121.546,1,806942,250,751200,-1
35121.712,2,799717,500,752000,-1
35121.94,1,807373,500,752190,-1
35122.229,2,805927,500,750210,1
35122.298,2,806906,250,749000,1
35122.301,2,806942,250,751200,-1
35122.413,2,807373,500,752190,-1
35122.43,1,807927,250,749640,1
35122.433,1,807932,250,751200,-1
35122.537,1,808040,500,750110,1
35122.629,2,807927,250,749640,1
35122.631,2,807932,250,751200,-1
35122.838,1,808362,200,751700,-1
35122.858,2,808040,500,750110,1
35122.864,1,808388,250,749640,1
35122.87,1,808394,250,751840,-1
35122.991,1,808550,500,751890,-1
35123.286,2,808388,250,749640,1
35123.34,1,808938,375,749640,1
35123.37,2,802852,200,751900,-1
35123.592,1,809228,1000,751600,-1
35123.621,2,808394,250,751840,-1
35123.633,2,808938,375,749640,1
35123.795,1,809500,500,749910,1
35124.084,1,809812,250,752240,-1
35124.087,1,809816,375,750040,1
35124.534,2,809816,375,750040,1
35124.54,2,805852,400,750900,1
35124.542,2,809812,250,752240,-1
35124.559,1,810371,400,750800,1
35124.581,1,810404,375,749640,1
35124.587,1,810411,250,751840,-1
35124.639,2,810404,375,749640,1
35124.642,2,810411,250,751840,-1
35124.672,1,810495,250,750040,1
35124.676,1,810500,250,752240,-1
35124.831,2,810495,250,750040,1
35124.832,2,810500,250,752240,-1
35124.879,1,810740,375,749640,1
35124.88,1,810743,250,751840,-1
35125.29,2,798550,400,750600,1
35125.312,1,811165,400,750300,1
35125.606,2,810371,400,750800,1
35125.613,1,811449,400,750700,1
35125.779,2,792111,400,754500,-1
35125.799,1,811666,400,753500,-1
35126.944,1,812643,100,751500,-1
35127.164,2,780516,1100,754600,-1
35127.185,1,812850,800,753400,-1
35127.36,2,809228,1000,751600,-1
35128.014,2,812643,100,751500,-1
35128.774,2,810740,375,749640,1
35128.776,2,810743,250,751840,-1
35128.819,1,814238,375,749240,1
35128.822,1,814242,250,751440,-1
35128.942,2,811449,400,750700,1
35128.968,1,814409,400,750500,1
35130.382,2,809500,500,749910,1
35130.384,2,808550,500,751890,-1
35130.401,1,815649,500,751690,-1
35130.586,2,814238,375,749240,1
35130.588,2,814242,250,751440,-1
35130.72,1,815985,250,749640,1
35130.816,1,816062,100,752200,-1
35131.175,1,816445,250,751840,-1
35131.177,2,815985,250,749640,1
35131.18,2,816445,250,751840,-1
35131.211,1,816491,375,749640,1
35131.213,1,816495,250,751440,-1
35131.389,2,816491,375,749640,1
35131.392,2,816495,250,751440,-1
35131.424,1,816726,250,749640,1
35131.427,1,816729,250,751840,-1
35131.874,2,814409,400,750500,1
35131.907,2,816726,250,749640,1
35131.908,1,817214,400,750300,1
35131.964,1,817266,500,749710,1
35131.964,1,817267,375,749640,1
35132.99,2,811165,400,750300,1
35133.009,1,818190,400,749800,1
35133.747,1,818805,200,751500,-1
35133.934,2,808362,200,751700,-1
35134.464,2,817214,400,750300,1
35134.482,1,819344,800,750200,1
35134.778,2,812850,800,753400,-1
35134.806,1,819640,800,752600,-1
35135.755,2,818805,200,751500,-1
35135.896,2,817266,500,749710,1
35135.899,2,815649,500,751690,-1
35135.903,1,820486,500,751890,-1
35135.968,1,820563,200,751800,-1
35136.419,1,820955,500,749910,1
35136.956,2,817267,375,749640,1
35136.958,2,816729,250,751840,-1
35136.992,1,821409,250,750040,1
35136.995,1,821413,250,752240,-1
35137.245,2,820955,500,749910,1
35137.294,2,820486,500,751890,-1
35137.302,1,821713,500,751990,-1
35137.457,2,821713,500,751990,-1
35137.564,2,821409,250,750040,1
35137.566,2,821413,250,752240,-1
35137.596,1,821940,375,749640,1
35137.866,1,822277,500,751890,-1
35138.032,1,822427,250,751840,-1
35138.187,2,821940,375,749640,1
35138.19,2,822427,250,751840,-1
35138.269,1,822679,250,750040,1
35138.273,1,822684,250,752240,-1
35138.305,1,822719,500,749910,1
35138.7,1,823051,1000,751500,-1
35139.105,2,822679,250,750040,1
35139.144,1,823352,375,750040,1
35139.189,2,822719,500,749910,1
35139.197,2,822277,500,751890,-1
35139.683,2,823352,375,750040,1
35139.717,1,823744,375,749640,1
35139.838,1,823886,500,751990,-1
35139.891,2,819640,800,752600,-1
35139.895,1,823939,800,752900,-1
35140.06,2,823051,1000,751500,-1
35140.303,2,822684,250,752240,-1
35140.344,1,824286,250,751840,-1
35140.443,1,824362,500,750010,1
35140.802,2,823744,375,749640,1
35140.805,2,824286,250,751840,-1
35140.841,1,824691,375,750040,1
35140.856,1,824703,250,752240,-1
35140.965,1,824849,1000,751500,-1
35141.354,2,819344,800,750200,1
35141.379,1,825216,800,750500,1
35149.871,2,824362,500,750010,1
35149.874,2,823886,500,751990,-1
35149.978,1,830853,500,750110,1
35150.527,1,831054,500,752090,-1
35152.541,2,830853,500,750110,1
35152.545,2,831054,500,752090,-1
35152.584,1,832336,500,752190,-1
35152.714,2,820563,200,751800,-1
35152.98,2,832336,500,752190,-1
35153.081,1,832863,500,750310,1
35153.146,1,832906,1000,751100,1
35153.155,2,824849,1000,751500,-1
35153.651,1,833317,500,752290,-1
35154.183,2,823939,800,752900,-1
35154.187,2,825216,800,750500,1
35154.235,1,833805,800,753500,-1
35154.239,1,833807,400,750800,1
35154.26,2,816062,100,752200,-1
35156.342,2,818190,400,749800,1
35156.37,1,835285,400,750500,1
35157.316,2,811666,400,753500,-1
35157.327,2,832906,1000,751100,1
35157.347,1,835993,400,754200,-1
35157.624,1,836123,200,751000,1
35160.822,2,833807,400,750800,1
35160.836,1,837740,400,750900,1
35161.761,2,837740,400,750900,1
35161.777,1,838313,400,750800,1
35161.989,2,835285,400,750500,1
35162.002,1,838424,400,750300,1
35163.081,1,839014,100,750600,1
35163.176,2,832863,500,750310,1
35163.179,2,833317,500,752290,-1
35163.293,1,839136,500,752190,-1
35164.019,2,833805,800,753500,-1
35164.058,1,839727,1100,754200,-1
35164.618,2,824691,375,750040,1
35164.621,2,824703,250,752240,-1
35164.657,1,840134,375,749640,1
35164.659,1,840137,250,751840,-1
35165.351,2,839136,500,752190,-1
35165.472,1,840797,500,752190,-1
35165.491,1,840813,200,751800,-1
35165.654,2,840797,500,752190,-1
35165.98,1,841192,500,752090,-1
35166.219,2,836123,200,751000,1
35166.338,2,840134,375,749640,1
35166.34,2,840137,250,751840,-1
35166.377,1,841475,250,750040,1
35166.379,1,841478,250,752240,-1
35166.451,2,841475,250,750040,1
35166.453,2,841478,250,752240,-1
35166.502,1,841592,375,749640,1
35166.504,1,841595,250,751840,-1
35166.89,2,841192,500,752090,-1
35166.933,2,840813,200,751800,-1
35166.986,1,842091,500,752090,-1
35167.138,1,842211,200,751800,-1
35167.185,2,841592,375,749640,1
35167.188,2,841595,250,751840,-1
35167.229,1,842300,250,750040,1
35167.231,1,842301,250,752240,-1
35167.231,2,842300,250,750040,1
35167.233,2,842301,250,752240,-1
35167.283,1,842339,375,749640,1
35167.772,1,842695,250,751840,-1
35168.818,2,842339,375,749640,1
35168.831,2,842695,250,751840,-1
35168.85,1,843418,375,750040,1
35168.874,1,843455,250,752240,-1
35169.493,2,835993,400,754200,-1
35169.503,1,843932,400,753400,-1
35170.025,2,838424,400,750300,1
35170.035,1,844290,400,750000,1
35170.668,2,842091,500,752090,-1
35170.772,2,842211,200,751800,-1
35170.783,1,844832,500,752290,-1
35171.314,2,843418,375,750040,1
35171.722,2,844832,500,752290,-1
35171.76,2,843455,250,752240,-1
35171.763,1,845791,375,750440,1
35171.8,1,845834,250,752640,-1
35171.98,1,845994,500,752290,-1
35172.196,1,846211,700,751100,1
35172.717,2,838313,400,750800,1
35172.721,1,846689,400,751000,1
35172.955,2,845994,500,752290,-1
35172.965,1,846904,500,752490,-1
35173.653,2,843932,400,753400,-1
35173.655,2,844290,400,750000,1
35173.666,1,847658,600,754300,-1
35173.672,1,847664,400,750600,1
35173.675,2,845791,375,750440,1
35173.677,2,845834,250,752640,-1
35173.708,1,847706,375,750840,1
35173.712,1,847710,250,753040,-1
35176.489,2,839014,100,750600,1
35176.492,1,850581,200,751400,1
35176.649,1,850718,1000,751200,1
35176.823,2,846211,700,751100,1
35177.024,2,850718,1000,751200,1
35177.273,1,851247,100,751500,-1
35177.291,4,851247,100,751500,-1
35177.373,2,847658,600,754300,-1
35177.387,1,851324,400,754200,-1
35177.392,1,851331,50,751500,1
35177.552,2,847664,400,750600,1
35177.575,2,851331,50,751500,1
35177.582,1,851496,400,751000,1
35177.593,2,846904,500,752490,-1
35177.683,1,851573,500,752590,-1
35177.712,2,795894,50,750900,1
35177.908,1,851800,50,750900,1
35178.23,2,846689,400,751000,1
35178.235,1,852018,400,751200,1
35181.154,2,851573,500,752590,-1
35181.164,1,854060,200,752000,-1
35181.171,1,854066,500,752390,-1
35182.098,2,854066,500,752390,-1
35182.289,1,854972,500,752490,-1
35182.297,2,854060,200,752000,-1
35182.617,2,847706,375,750840,1
35182.622,2,847710,250,753040,-1
35182.665,1,855343,375,750440,1
35182.669,1,855348,250,752640,-1
35183.338,2,854972,500,752490,-1
35183.347,1,856120,500,752590,-1
