34204.552,2,108242,250,758240,1
34204.554,2,108243,250,760440,-1
34204.584,1,111544,250,757840,1
34204.587,1,111545,250,760040,-1
34204.593,2,108462,300,788900,-1
34204.6,2,108463,300,809700,-1
34204.716,2,111544,250,757840,1
34204.718,2,111545,250,760040,-1
34204.768,1,111691,250,758240,1
34204.769,1,111693,250,760440,-1
34204.986,1,111862,300,788900,-1
34205.136,1,111952,300,809700,-1
34207.154,2,111691,250,758240,1
34207.185,2,111862,300,788900,-1
34207.192,2,111952,300,809700,-1
34207.269,1,112941,250,757840,1
34207.623,2,81248,300,753000,1
34207.739,1,113155,300,752800,1
34208.125,2,111693,250,760440,-1
34208.158,1,113307,250,760040,-1
34208.545,2,112941,250,757840,1
34208.547,2,113307,250,760040,-1
34208.577,1,113492,250,758240,1
34208.579,1,113493,250,760440,-1
34208.717,2,113492,250,758240,1
34208.719,2,113493,250,760440,-1
34208.754,1,113606,250,757840,1
34208.756,1,113608,250,760040,-1
34208.987,2,113606,250,757840,1
34208.988,2,113608,250,760040,-1
34209.018,1,113769,250,758240,1
34209.023,1,113772,250,760440,-1
34209.044,2,113769,250,758240,1
34209.06,1,113791,300,809700,-1
34209.079,1,113801,250,757840,1
34209.154,2,113791,300,809700,-1
34209.272,2,113772,250,760440,-1
34209.303,1,113910,250,760040,-1
34210.177,2,113801,250,757840,1
34210.225,1,114369,250,757440,1
34210.53,2,114369,250,757440,1
34210.562,1,114522,250,757840,1
34210.85,4,113910,250,760040,-1
34210.85,1,114655,250,760040,1
34210.883,1,114671,300,809700,-1
34211.041,1,114739,300,788900,-1
34211.245,2,114522,250,757840,1
34211.301,2,113155,300,752800,1
34211.487,1,114980,250,757280,1
34211.49,5,114666,200,760090,1
34211.49,4,114655,50,760040,1
34211.493,2,114980,250,757280,1
34211.542,1,115016,250,757680,1
34211.6,4,114655,200,760040,1
34211.71,1,115117,250,759640,-1
34211.847,2,115016,250,757680,1
34211.849,2,115117,250,759640,-1
34211.866,2,114671,300,809700,-1
34211.873,2,114739,300,788900,-1
34211.96,1,115256,250,757680,1
34211.962,1,115258,250,760280,-1
34212.141,2,115256,250,757680,1
34212.48,1,115596,375,757680,1
34212.51,2,115596,375,757680,1
34212.547,1,115642,250,758080,1
34212.557,2,115642,250,758080,1
34212.558,2,115258,250,760280,-1
34212.589,1,115660,375,757680,1
34212.591,1,115661,250,759880,-1
34212.879,2,115660,375,757680,1
34212.911,1,115837,250,757680,1
34213.108,1,115934,300,809700,-1
34213.116,1,115939,300,788900,-1
34213.22,2,115837,250,757680,1
34213.221,2,115661,250,759880,-1
34213.249,2,115934,300,809700,-1
34213.253,1,115998,375,757680,1
34213.255,1,115999,250,759480,-1
34213.258,2,115939,300,788900,-1
34213.439,2,115999,250,759480,-1
34213.472,1,116122,250,759880,-1
34214.067,1,116412,300,809700,-1
34214.253,2,116412,300,809700,-1
34215.076,1,116839,300,788900,-1
34215.119,1,116868,300,809700,-1
34215.129,1,116871,1000,759500,1
34215.239,1,116901,300,755000,1
34216.067,2,115998,375,757680,1
34216.069,2,116122,250,759880,-1
34216.115,1,117338,250,758080,1
34216.119,1,117341,250,760280,-1
34216.272,1,117428,500,759880,1
34217.044,2,117338,250,758080,1
34217.081,1,117824,375,758080,1
34217.325,2,117428,500,759880,1
34217.891,2,117341,250,760280,-1
34218.01,1,118176,250,760880,-1
34218.293,2,100037,300,765400,-1
34218.734,2,116871,1000,759500,1
34218.768,2,118176,250,760880,-1
34219.074,1,118621,250,761480,-1
34220.268,1,119088,400,759100,1
34220.811,1,119299,500,757000,1
34221.914,2,117824,375,758080,1
34221.916,2,118621,250,761480,-1
34221.946,1,119752,250,758480,1
34221.948,1,119753,250,761880,-1
34221.994,2,119752,250,758480,1
34222.025,1,119779,375,758480,1
34222.042,2,119779,375,758480,1
34222.043,2,119753,250,761880,-1
34222.079,1,119805,375,758080,1
34222.082,1,119806,250,761500,-1
34222.493,2,119805,375,758080,1
34222.965,2,119806,250,761500,-1
34222.967,1,120186,375,758480,1
34222.968,2,120186,375,758480,1
34222.998,1,120214,250,761880,-1
34222.999,1,120215,250,758480,1
34223.941,2,120215,250,758480,1
34223.943,2,120214,250,761880,-1
34223.981,1,120662,375,758080,1
34223.984,1,120663,250,761500,-1
34224.245,1,120785,400,759200,1
34224.324,2,120662,375,758080,1
34224.336,2,120663,250,761500,-1
34224.357,1,120836,375,758480,1
34224.372,1,120845,250,761880,-1
34224.585,1,120955,300,765900,-1
34225.27,1,121247,500,759500,1
34225.864,2,116839,300,788900,-1
34225.871,2,116868,300,809700,-1
34226.134,2,120845,250,761880,-1
34226.229,1,121632,250,761500,-1
34226.249,2,120836,375,758480,1
34226.289,1,121646,250,758480,1
34226.398,2,121646,250,758480,1
34226.4,2,121632,250,761500,-1
34226.43,1,121711,375,758080,1
34226.432,1,121712,250,761500,-1
34227.82,1,122333,1600,760200,1
34229.01,2,119088,400,759100,1
34233.131,2,122333,1600,760200,1
34233.132,2,120785,400,759200,1
34233.336,2,121711,375,758080,1
34233.338,2,121712,250,761500,-1
34233.368,1,124377,375,757680,1
34233.371,1,124378,250,761500,-1
34235.845,2,121247,500,759500,1
34235.847,2,119299,500,757000,1
34243.028,2,124377,375,757680,1
34243.031,2,124378,250,761500,-1
34243.059,1,128101,375,757280,1
34243.064,1,128103,250,761500,-1
34243.071,2,128101,375,757280,1
34243.072,2,128103,250,761500,-1
34243.103,1,128120,375,757680,1
34243.106,1,128122,250,761500,-1
34248.317,2,128120,375,757680,1
34248.318,2,128122,250,761500,-1
34248.348,1,130064,250,758080,1
34248.35,1,130066,250,761500,-1
34249.34,2,130064,250,758080,1
34249.341,2,130066,250,761500,-1
34249.381,1,130539,375,757680,1
34249.383,1,130540,250,761500,-1
34250.603,2,130540,250,761500,-1
34250.774,1,131120,250,761300,-1
34253.113,2,131120,250,761300,-1
34253.238,1,132238,250,761550,-1
34259.763,2,130539,375,757680,1
34259.764,2,132238,250,761550,-1
34259.797,1,135255,375,757280,1
34259.8,1,135257,250,761550,-1
34261.132,2,135255,375,757280,1
34261.163,1,136048,250,757280,1
34261.378,2,136048,250,757280,1
34261.38,2,135257,250,761550,-1
34261.41,1,136170,375,756880,1
34261.413,1,136171,250,761510,-1
34264.204,2,136171,250,761510,-1
34264.269,1,137900,250,761310,-1
34265.877,5,138336,200,761250,-1
34265.877,5,137921,200,761260,-1
34265.877,4,137900,250,761310,-1
34265.94,1,138663,250,761310,-1
34265.968,4,138663,250,761310,-1
34266.061,1,138710,250,761310,-1
34266.283,2,136170,375,756880,1
34266.285,2,138710,250,761310,-1
34266.377,1,138841,250,758120,1
34266.38,1,138845,250,761310,-1
34266.384,2,138841,250,758120,1
34266.387,2,138845,250,761310,-1
34266.434,1,138874,250,758120,1
34266.438,1,138876,250,761310,-1
34267.284,2,138874,250,758120,1
34267.337,1,139260,250,757720,1
34267.446,2,138876,250,761310,-1
34267.493,1,139353,250,761270,-1
34269.404,2,139260,250,757720,1
34269.406,2,139353,250,761270,-1
34269.44,1,140568,250,758120,1
34269.442,1,140570,250,761270,-1
34269.546,2,140568,250,758120,1
34269.548,2,140570,250,761270,-1
34269.582,1,140650,250,757720,1
34269.584,1,140651,250,761270,-1
34270.107,2,140651,250,761270,-1
34270.117,2,140650,250,757720,1
34270.15,1,140978,250,761270,-1
34270.155,1,140984,250,758120,1
34271.181,2,140984,250,758120,1
34271.183,2,140978,250,761270,-1
34271.214,1,141640,250,757320,1
34271.681,1,141891,250,761200,-1
34273.044,2,141891,250,761200,-1
34273.116,1,142467,250,761400,-1
34273.359,2,141640,250,757320,1
34273.36,2,142467,250,761400,-1
34273.392,1,142575,250,757720,1
34273.394,1,142577,250,761400,-1
34275.184,2,142577,250,761400,-1
34275.275,1,143490,250,761210,-1
34278.483,2,142575,250,757720,1
34278.521,1,144780,250,758120,1
34278.736,2,144780,250,758120,1
34278.775,1,144890,250,757720,1
34279.008,2,143490,250,761210,-1
34279.042,1,145025,250,761210,-1
34280.674,2,145025,250,761210,-1
34280.847,1,145895,250,761100,-1
34282.754,2,145895,250,761100,-1
34282.911,1,146731,250,760910,-1
34283.258,2,146731,250,760910,-1
34283.46,1,146965,250,760910,-1
34284.734,2,146965,250,760910,-1
34284.85,1,147461,250,760610,-1
34285.837,2,116901,300,755000,1
34286.164,2,120955,300,765900,-1
34288.094,2,147461,250,760610,-1
34288.218,1,148714,250,761110,-1
34288.575,2,144890,250,757720,1
34288.576,2,148714,250,761110,-1
34288.992,1,148969,250,758760,1
34288.995,1,148970,250,761110,-1
34290.235,2,148970,250,761110,-1
34290.425,1,149525,250,760900,-1
34294.024,2,148969,250,758760,1
34294.026,2,149525,250,760900,-1
34294.058,1,151264,250,759160,1
34294.063,1,151269,250,760900,-1
34294.95,2,151264,250,759160,1
34294.957,2,151269,250,760900,-1
34294.991,1,151827,250,758760,1
34294.993,1,151829,250,761100,-1
34296.673,1,152531,200,760810,-1
34297.642,2,151827,250,758760,1
34297.643,2,151829,250,761100,-1
34297.682,1,152929,250,759160,1
34297.685,1,152933,250,761010,-1
34297.902,1,153062,300,760200,1
34299.905,2,152933,250,761010,-1
34300.101,1,154131,250,761110,-1
34304.983,2,152929,250,759160,1
34304.988,2,154131,250,761110,-1
34305.017,1,156203,250,759560,1
34305.022,1,156207,250,761120,-1
34308.453,2,156203,250,759560,1
34308.454,2,156207,250,761120,-1
34308.485,1,157773,250,759160,1
34308.495,1,157777,250,760810,-1
34310.556,2,157777,250,760810,-1
34310.72,1,158703,250,760900,-1
34313.736,2,158703,250,760900,-1
34313.843,1,159757,250,760810,-1
34318.3,4,152531,200,760810,-1
34318.3,4,159757,250,760810,-1
34318.335,1,161158,250,760810,-1
34318.494,1,161207,300,756100,1
34318.635,2,157773,250,759160,1
34318.637,2,161158,250,760810,-1
34318.693,1,161265,250,759160,1
34318.696,1,161268,250,761360,-1
34319.094,1,161377,300,766100,-1
34323.002,2,161265,250,759160,1
34323.003,2,161268,250,761360,-1
34323.035,1,162758,250,759560,1
34323.039,1,162760,250,761760,-1
34330.789,2,153062,300,760200,1
34332.17,1,166978,100,761500,-1
34335.383,2,162758,250,759560,1
34335.384,2,162760,250,761760,-1
34335.435,1,168211,250,759960,1
34335.437,1,168212,250,762160,-1
34335.907,2,168211,250,759960,1
34335.908,2,168212,250,762160,-1
34335.939,1,168518,250,759560,1
34335.942,1,168519,250,761760,-1
34336.103,2,168518,250,759560,1
34336.105,2,168519,250,761760,-1
34336.589,1,168918,250,759960,1
34336.593,1,168919,250,762160,-1
34336.597,2,168918,250,759960,1
34336.597,2,168919,250,762160,-1
34336.632,1,168953,250,759560,1
34336.635,1,168958,250,761760,-1
34339.036,2,166978,100,761500,-1
34339.859,2,168953,250,759560,1
34339.86,2,168958,250,761760,-1
34339.891,1,170274,250,759960,1
34339.894,1,170279,250,762160,-1
34340.933,2,170274,250,759960,1
34340.934,2,170279,250,762160,-1
34340.966,1,170821,250,759560,1
34340.968,1,170823,250,761760,-1
34341.733,2,170821,250,759560,1
34341.734,2,170823,250,761760,-1
34341.765,1,171328,250,759960,1
34341.768,1,171329,250,762160,-1
34343.329,1,172053,100,761300,-1
34344.895,2,172053,100,761300,-1
34347.668,2,171328,250,759960,1
34347.67,2,171329,250,762160,-1
34347.7,1,173873,250,759560,1
34347.704,1,173875,250,761760,-1
34349.873,1,174775,100,760900,-1
34350.276,2,173875,250,761760,-1
34350.309,1,174935,250,762160,-1
34350.343,2,173873,250,759560,1
34350.385,1,174991,250,759960,1
34352.795,2,174991,250,759960,1
34352.796,2,174935,250,762160,-1
34352.828,1,176202,250,759560,1
34352.83,1,176204,250,761760,-1
34355.5,2,176202,250,759560,1
34355.502,2,176204,250,761760,-1
34355.543,1,177308,250,759960,1
34355.546,1,177310,250,762160,-1
34356.215,2,174775,100,760900,-1
34361.057,2,177308,250,759960,1
34361.059,2,177310,250,762160,-1
34361.09,1,179401,250,759560,1
34361.101,1,179413,250,761760,-1
34362.173,2,179413,250,761760,-1
34362.218,1,179973,250,762160,-1
34362.347,2,179401,250,759560,1
34362.39,1,180074,250,759960,1
34365.513,1,181322,100,760600,-1
34365.746,4,181322,100,760600,-1
34371.551,1,183468,1000,760700,1
34374.049,2,183468,1000,760700,1
34374.055,5,183471,200,760750,1
34375.944,1,185468,200,760600,1
34376.032,2,185468,200,760600,1
34376.603,1,185781,300,760700,1
34382.434,2,185781,300,760700,1
34385.424,1,189868,1000,761000,-1
34385.635,2,189868,1000,761000,-1
34386.247,2,180074,250,759960,1
34386.249,2,179973,250,762160,-1
34386.279,1,190347,250,759560,1
34386.282,1,190349,250,761760,-1
34386.866,2,190349,250,761760,-1
34386.871,2,190347,250,759560,1
34386.901,1,190755,250,762160,-1
34386.905,1,190757,250,759960,1
34387.762,1,191263,1000,761100,-1
34394.462,2,191263,1000,761100,-1
34397.782,2,190757,250,759960,1
34397.784,2,190755,250,762160,-1
34397.82,1,197222,250,759560,1
34397.823,1,197226,250,761760,-1
34399.338,2,197222,250,759560,1
34399.341,2,197226,250,761760,-1
34399.37,1,198431,250,759960,1
34399.373,1,198435,250,762160,-1
34399.708,2,198431,250,759960,1
34399.709,2,198435,250,762160,-1
34399.74,1,198725,250,759560,1
34399.742,1,198726,250,761760,-1
34400.13,2,198725,250,759560,1
34400.132,2,198726,250,761760,-1
34400.163,1,199062,250,759960,1
34400.167,1,199065,250,762160,-1
34402.797,2,199062,250,759960,1
34402.799,2,199065,250,762160,-1
34402.85,1,200998,250,759560,1
34402.853,1,201001,250,761760,-1
34403.181,2,200998,250,759560,1
34403.183,2,201001,250,761760,-1
34403.215,1,201306,250,759960,1
34403.217,1,201309,250,762160,-1
34403.946,2,201306,250,759960,1
34403.947,2,201309,250,762160,-1
34403.982,1,201951,250,759560,1
34403.984,1,201952,250,761760,-1
34404.412,2,201951,250,759560,1
34404.413,2,201952,250,761760,-1
34404.45,1,202288,250,759960,1
34404.453,1,202291,250,762160,-1
34404.575,2,202288,250,759960,1
34404.576,2,202291,250,762160,-1
34404.614,1,202406,250,759560,1
34404.617,1,202409,250,761760,-1
34404.626,2,202406,250,759560,1
34404.627,2,202409,250,761760,-1
34404.658,1,202455,250,759960,1
34404.66,1,202457,250,762160,-1
34410.972,2,202457,250,762160,-1
34410.991,2,202455,250,759960,1
34411.018,1,206360,250,762560,-1
34411.071,1,206422,250,760360,1
34411.442,2,206422,250,760360,1
34411.481,1,206772,250,759960,1
34411.79,2,206360,250,762560,-1
34411.822,1,207101,250,762160,-1
34419.545,2,206772,250,759960,1
34419.548,2,207101,250,762160,-1
34419.579,1,211918,250,759560,1
34419.584,1,211929,250,761760,-1
34431.042,2,211918,250,759560,1
34431.044,2,211929,250,761760,-1
34431.074,1,218502,250,759160,1
34431.077,1,218503,250,761360,-1
34433.586,1,220114,1000,760700,1
34433.616,5,220113,500,760710,1
34433.674,2,220114,1000,760700,1
34436.586,1,222623,1000,761200,-1
34437.708,2,218502,250,759160,1
34437.711,2,218503,250,761360,-1
34437.742,1,223514,250,758760,1
34437.745,1,223518,250,761000,-1
34437.962,1,223756,1000,761000,-1
34438.117,2,222623,1000,761200,-1
34440.942,2,223518,250,761000,-1
34441.025,1,226135,250,760960,-1
34443.839,2,223514,250,758760,1
34443.853,2,226135,250,760960,-1
34443.875,1,228253,250,758360,1
34443.901,1,228277,250,760610,-1
34447.622,1,231139,1000,760700,-1
34447.724,2,223756,1000,761000,-1
34448.332,2,228277,250,760610,-1
34448.464,1,231933,250,760700,-1
34450.45,2,231933,250,760700,-1
34450.515,1,233720,250,760600,-1
34452.562,2,233720,250,760600,-1
34452.617,1,235619,250,760700,-1
34453.814,2,228253,250,758360,1
34453.815,2,235619,250,760700,-1
34453.863,1,236669,250,757960,1
34453.867,1,236672,250,760700,-1
34455.415,2,236669,250,757960,1
34455.417,2,236672,250,760700,-1
34455.545,1,238196,250,758360,1
34455.551,1,238207,250,760700,-1
34456.802,2,231139,1000,760700,-1
34458.235,1,240476,1000,760700,-1
34458.399,2,161207,300,756100,1
34458.917,2,238196,250,758360,1
34458.919,2,238207,250,760700,-1
34458.954,1,241037,250,758760,1
34458.956,1,241038,250,760960,-1
34459.158,2,241037,250,758760,1
34459.611,2,241038,250,760960,-1
34459.613,1,241668,250,758360,1
34459.614,2,241668,250,758360,1
34459.653,1,241708,250,760700,-1
34459.984,1,241995,250,758760,1
34459.991,2,241708,250,760700,-1
34459.992,2,241995,250,758760,1
34460.043,1,242048,250,760960,-1
34460.051,1,242056,250,758360,1
34460.227,2,242048,250,760960,-1
34460.278,1,242240,250,760560,-1
34461.605,2,240476,1000,760700,-1
34462.127,1,243569,1000,760500,-1
34462.328,2,243569,1000,760500,-1
34462.868,1,244178,1000,760500,-1
34464.697,1,245482,1000,760200,-1
34464.705,2,244178,1000,760500,-1
34464.794,2,245482,1000,760200,-1
34468.252,1,247596,1000,760200,-1
34472.247,2,247596,1000,760200,-1
34474.384,2,242056,250,758360,1
34474.387,2,242240,250,760560,-1
34474.418,1,251463,250,757960,1
34474.421,1,251466,250,760700,-1
34479.173,2,251466,250,760700,-1
34479.266,1,254596,250,760160,-1
34481.935,2,251463,250,757960,1
34481.945,2,254596,250,760160,-1
34481.966,1,256312,250,757560,1
34481.977,1,256317,250,760010,-1
34482.037,2,256317,250,760010,-1
34482.078,1,256408,250,760160,-1
34482.163,2,256408,250,760160,-1
34482.201,1,256515,250,760010,-1
34482.909,1,257201,300,754900,1
34483.43,2,256515,250,760010,-1
34483.597,1,257729,250,761500,-1
34484.298,2,88292,300,763200,-1
34485.052,1,258960,100,761500,-1
34487.958,1,260830,1000,759900,-1
34488.694,2,257729,250,761500,-1
34488.697,2,258960,100,761500,-1
34488.904,1,261382,250,759760,-1
34489.319,2,260830,1000,759900,-1
34489.538,2,256312,250,757560,1
34489.54,2,261382,250,759760,-1
34489.572,1,261856,250,757960,1
34489.575,1,261861,250,760160,-1
34491.177,1,263190,1000,759100,1
34491.368,2,263190,1000,759100,1
34492.055,2,261856,250,757960,1
34492.055,2,261861,250,760160,-1
34492.086,1,263771,250,758360,1
34492.089,1,263773,250,760560,-1
34493.205,1,264790,100,759900,-1
34496.592,1,267718,1000,759100,1
34496.92,2,263771,250,758360,1
34496.922,2,263773,250,760560,-1
34496.961,1,268038,250,757960,1
34496.965,1,268044,250,760160,-1
34497.557,2,267718,1000,759100,1
34500.808,1,271049,1000,759100,1
34501.116,2,271049,1000,759100,1
34501.373,1,271576,1000,759000,1
34503.519,2,271576,1000,759000,1
34511.86,2,268038,250,757960,1
34511.914,1,279240,250,757560,1
34511.985,2,268044,250,760160,-1
34512.02,1,279356,250,759760,-1
34514.725,1,281310,1000,759100,-1
34524.05,2,279240,250,757560,1
34524.051,2,279356,250,759760,-1
34524.1,1,287223,250,757960,1
34524.109,1,287230,250,760160,-1
34525.829,2,287223,250,757960,1
34525.831,2,287230,250,760160,-1
34525.896,1,288728,250,757560,1
34525.898,1,288731,250,759760,-1
34525.95,2,288728,250,757560,1
34525.952,2,288731,250,759760,-1
34526.002,1,288811,250,757960,1
34526.005,1,288814,250,760160,-1
34527.796,2,264790,100,759900,-1
34527.8,2,281310,1000,759100,-1
34527.804,2,288814,250,760160,-1
34527.881,1,290470,250,760600,-1
34529.896,2,290470,250,760600,-1
34529.908,1,291920,1000,758800,1
34530.171,1,292121,250,760160,-1
34532.258,2,257201,300,754900,1
34543.072,2,288811,250,757960,1
34543.073,2,292121,250,760160,-1
34543.108,1,299780,250,757560,1
34543.11,1,299783,250,759760,-1
34543.366,1,299977,300,753800,1
34547.066,2,299780,250,757560,1
34547.068,2,299783,250,759760,-1
34547.1,1,302506,250,757160,1
34547.167,1,302555,250,759360,-1
34548.672,2,291920,1000,758800,1
34559.07,2,302506,250,757160,1
34559.071,2,302555,250,759360,-1
34559.156,1,310668,250,757560,1
34559.158,1,310673,250,759760,-1
34561.295,2,7917,100,735800,1
34562.51,2,310668,250,757560,1
34562.512,2,310673,250,759760,-1
34562.553,1,313547,250,757160,1
34562.557,1,313553,250,759360,-1
34562.94,2,313547,250,757160,1
34562.944,2,313553,250,759360,-1
34562.979,1,314043,250,757560,1
34562.998,1,314070,250,759760,-1
34572.964,2,314043,250,757560,1
34572.965,2,314070,250,759760,-1
34572.996,1,321384,250,757960,1
34573.0,1,321388,250,760160,-1
34576.481,1,324071,1000,758600,1
34578.147,5,323792,400,758950,1
34578.32,2,324071,1000,758600,1
34578.666,1,325560,1000,758200,1
34578.936,2,321384,250,757960,1
34578.938,2,321388,250,760160,-1
34578.993,1,325768,250,757560,1
34579.005,1,325780,250,759760,-1
34579.523,2,325768,250,757560,1
34579.525,2,325780,250,759760,-1
34579.56,1,326186,250,757960,1
34579.562,1,326187,250,760160,-1
34580.042,2,326186,250,757960,1
34580.044,2,326187,250,760160,-1
34580.079,1,326609,250,757560,1
34580.083,1,326613,250,759760,-1
34583.053,2,325560,1000,758200,1
34583.528,2,326609,250,757560,1
34583.53,2,326613,250,759760,-1
34583.56,1,329138,250,757160,1
34583.561,1,329139,700,758900,-1
34583.563,1,329142,250,759360,-1
34584.057,1,329595,500,758800,-1
34584.487,2,329139,700,758900,-1
34585.556,1,330834,200,758900,-1
34588.465,1,333182,500,758800,-1
34590.208,2,329138,250,757160,1
34590.211,2,329142,250,759360,-1
34590.241,1,334379,250,757560,1
34590.244,1,334384,250,759760,-1
34591.822,2,333182,500,758800,-1
34592.076,2,329595,500,758800,-1
34597.779,2,330834,200,758900,-1
34599.21,1,341160,100,759300,-1
34599.371,2,334379,250,757560,1
34599.372,2,334384,250,759760,-1
34599.403,1,341314,250,757160,1
34599.418,1,341331,250,759360,-1
34599.479,2,341160,100,759300,-1
34599.794,1,341682,100,758100,1
34601.701,1,343251,100,758300,1
34601.994,2,341682,100,758100,1
34603.297,2,341314,250,757160,1
34603.299,2,341331,250,759360,-1
34603.359,1,344473,250,757560,1
34603.371,1,344484,250,759760,-1
34606.511,1,346726,200,758300,1
34607.135,2,343251,100,758300,1
34607.293,1,347357,100,758300,1
34607.743,2,347357,100,758300,1
34607.974,1,347858,100,759400,-1
34608.16,2,347858,100,759400,-1
34608.473,1,348242,100,758300,1
34613.11,2,346726,200,758300,1
34614.224,2,348242,100,758300,1
34614.542,1,352151,100,758200,1
34614.871,2,352151,100,758200,1
34615.007,1,352487,100,759300,-1
34616.085,2,344473,250,757560,1
34616.087,2,344484,250,759760,-1
34616.124,1,353107,250,757160,1
34616.129,1,353109,250,759360,-1
34616.806,1,353664,1000,758700,-1
34618.146,2,352487,100,759300,-1
34618.146,1,354538,100,758200,1
34618.318,2,354538,100,758200,1
34618.759,1,355041,100,758200,1
34619.16,4,355041,100,758200,1
34619.592,1,355660,100,758800,-1
34620.117,1,356079,100,758800,-1
34621.684,2,355660,100,758800,-1
34621.686,2,356079,100,758800,-1
34621.82,2,353664,1000,758700,-1
34621.822,1,357266,1000,758400,-1
34621.85,1,357292,100,758900,-1
34621.869,5,357276,300,758340,-1
34621.869,5,357279,200,758350,-1
34622.136,2,357292,100,758900,-1
34622.42,1,357663,100,759100,-1
34622.977,1,358005,100,759100,-1
34623.236,4,357266,200,758400,-1
34623.477,4,357266,500,758400,-1
34624.046,4,357266,200,758400,-1
34625.13,2,353107,250,757160,1
34625.131,2,353109,250,759360,-1
34625.162,1,359359,250,757560,1
34625.165,1,359363,250,759760,-1
34625.949,2,359359,250,757560,1
34625.951,2,359363,250,759760,-1
34625.981,1,360032,250,757160,1
34625.985,1,360038,250,759360,-1
34626.633,4,357266,100,758400,-1
34626.74,2,360038,250,759360,-1
34626.741,2,360032,250,757160,1
34626.783,1,360637,250,759760,-1
34626.785,1,360638,250,757560,1
34626.806,2,360638,250,757560,1
34626.807,2,360637,250,759760,-1
34626.84,1,360671,250,757160,1
34626.842,1,360674,250,759360,-1
34627.719,2,360674,250,759360,-1
34628.23,1,361505,250,759760,-1
34628.255,2,360671,250,757160,1
34628.739,1,361821,250,757560,1
34631.628,1,363434,1000,758800,-1
34634.752,1,365124,100,758100,1
34634.84,2,7918,100,779700,-1
34636.364,1,366159,500,758200,1
34636.452,2,363434,1000,758800,-1
34637.723,2,366159,500,758200,1
34640.77,2,365124,100,758100,1
34640.949,1,368921,100,758000,1
34642.543,1,370115,100,758300,1
34642.854,2,368921,100,758000,1
34642.938,2,361505,250,759760,-1
34642.981,1,370468,250,760160,-1
34643.004,2,361821,250,757560,1
34643.177,1,370699,250,757960,1
34643.746,1,371319,800,760100,-1
34643.759,1,371334,800,756500,1
34644.561,2,370115,100,758300,1
34644.792,1,372391,100,758200,1
34652.716,5,372432,100,758240,1
34654.064,2,8522,100,802400,-1
34654.329,2,372391,100,758200,1
34654.444,2,8521,100,711600,1
34654.652,1,379122,1000,758100,1
34654.768,1,379183,100,758100,1
34655.743,2,379122,1000,758100,1
34661.302,2,370699,250,757960,1
34661.304,2,370468,250,760160,-1
34661.334,1,383127,250,758360,1
34661.337,1,383129,250,760560,-1
34665.846,1,386420,200,758460,1
34666.528,5,386429,200,758520,1
34666.573,5,386462,200,758500,1
34667.275,5,386462,100,758500,1
34667.612,2,383127,250,758360,1
34667.613,2,383129,250,760560,-1
34667.841,1,387741,250,758360,1
34667.843,1,387742,250,759920,-1
34667.857,2,379183,100,758100,1
34668.067,1,387897,100,758000,1
34670.347,2,386420,200,758460,1
34670.804,1,389537,100,758300,1
34670.965,2,389537,100,758300,1
34671.367,1,390056,100,758300,1
34671.367,2,387897,100,758000,1
34672.773,1,391140,400,758160,1
34673.213,2,390056,100,758300,1
34673.678,1,391746,100,758200,1
34673.906,5,389219,500,758400,1
34673.906,4,387741,250,758360,1
34673.906,4,391746,100,758200,1
34673.96,1,391979,250,758360,1
34674.068,4,391979,200,758360,1
34674.199,2,391979,50,758360,1
34674.2,2,387742,250,759920,-1
34674.32,1,392225,250,757320,1
34674.326,1,392230,250,759920,-1
34674.402,2,392230,250,759920,-1
34674.466,1,392324,375,759920,-1
34674.648,2,391140,400,758160,1
34675.026,1,392708,1000,758000,1
34677.194,2,392225,250,757320,1
34677.196,2,392324,375,759920,-1
34677.232,1,394247,250,757720,1
34677.25,1,394271,375,760320,-1
34677.252,1,394278,100,759000,-1
34677.439,2,357663,100,759100,-1
34677.777,1,394802,100,759000,-1
34677.988,2,358005,100,759100,-1
34678.313,1,395215,100,758900,-1
34678.655,2,394278,100,759000,-1
34678.658,2,394247,250,757720,1
34678.66,2,394271,375,760320,-1
34678.691,1,395532,250,757320,1
34678.694,1,395535,250,759920,-1
34678.945,2,395532,250,757320,1
34678.95,2,395535,250,759920,-1
34678.986,1,395850,250,757720,1
34678.991,1,395861,375,760320,-1
34679.001,2,394802,100,759000,-1
34679.001,1,395876,100,758900,-1
34679.271,2,395850,250,757720,1
34679.296,2,395861,375,760320,-1
34679.314,1,396141,250,757320,1
34679.329,1,396149,250,759920,-1
34679.739,2,396149,250,759920,-1
34679.775,1,396527,375,759920,-1
34681.378,2,62399,500,775200,-1
34681.736,2,392708,1000,758000,1
34682.196,2,299977,300,753800,1
34682.532,2,396527,375,759920,-1
34682.565,1,398637,250,759920,-1
34683.249,1,399136,300,752600,1
34683.538,1,399300,1000,758000,1
34683.674,2,396141,250,757320,1
34683.676,2,398637,250,759920,-1
34683.708,1,399393,250,757720,1
34683.709,1,399397,375,760320,-1
34684.565,2,399300,1000,758000,1
34686.325,1,401444,100,758800,-1
34686.744,2,395215,100,758900,-1
34687.035,1,401850,100,758800,-1
34687.292,2,395876,100,758900,-1
34689.546,2,371319,800,760100,-1
34689.55,1,403472,800,759400,-1
34689.763,1,403589,100,758100,1
34689.805,1,403610,100,758110,-1
34689.999,2,403589,100,758100,1
34690.281,1,403897,100,758000,1
34690.803,2,403610,100,758110,-1
34692.409,1,405064,700,758100,1
34693.857,5,405067,200,758150,1
34693.857,4,405064,700,758100,1
34694.612,2,399393,250,757720,1
34694.71,2,401850,100,758800,-1
34694.71,1,406471,100,759000,-1
34694.713,2,401444,100,758800,-1
34695.245,1,406959,100,758200,1
34695.509,2,403897,100,758000,1
34695.925,1,407486,100,759000,-1
34695.947,2,399397,375,760320,-1
34695.957,1,407519,250,758120,1
34695.99,1,407556,375,760720,-1
34697.545,2,8217,100,726700,1
34698.641,1,409405,100,758900,-1
34698.858,2,406471,100,759000,-1
34699.222,1,409762,100,758900,-1
34699.394,2,407486,100,759000,-1
34699.652,2,407519,250,758120,1
34699.653,2,407556,375,760720,-1
34699.685,1,410001,250,758520,1
34699.688,1,410005,375,761120,-1
34699.797,2,409405,100,758900,-1
34699.797,2,409762,100,758900,-1
34699.797,1,410118,100,759100,-1
34700.406,1,410669,100,759100,-1
34702.692,2,371334,800,756500,1
34702.696,1,412400,800,756800,1
34702.775,1,412475,100,758400,1
34703.176,2,406959,100,758200,1
34704.804,1,414095,200,759000,-1
34705.542,2,412400,800,756800,1
34705.547,1,414623,800,756600,1
34707.031,2,410005,375,761120,-1
34707.065,1,415795,250,761120,-1
34707.083,2,410001,250,758520,1
34707.084,2,415795,250,761120,-1
34707.12,1,415844,250,758920,1
34707.124,1,415849,375,761520,-1
34707.243,1,415977,100,758600,1
34707.516,2,412475,100,758400,1
34707.551,2,399136,300,752600,1
34707.869,2,161377,300,766100,-1
34708.445,1,417256,100,756900,1
34710.863,2,415849,375,761520,-1
34710.898,1,419348,250,761520,-1
34711.272,2,419348,250,761520,-1
34711.31,1,419639,375,761520,-1
34712.88,4,415844,200,758920,1
34713.209,2,415844,50,758920,1
34713.21,2,419639,375,761520,-1
34713.297,1,421003,250,760480,-1
34713.381,1,421082,250,758920,1
34713.39,2,403472,800,759400,-1
34713.393,2,414623,800,756600,1
34713.413,1,421103,800,759900,-1
34713.417,1,421108,800,757000,1
34713.941,2,415977,100,758600,1
34714.125,1,421762,100,758500,1
34715.486,2,421082,250,758920,1
34715.489,2,421003,250,760480,-1
34715.518,1,422753,250,758520,1
34715.523,1,422761,250,760080,-1
34717.35,2,414095,200,759000,-1
34717.664,4,422753,250,758520,1
34717.664,4,421762,50,758500,1
34717.812,1,424807,250,758520,1
34717.923,2,410669,100,759100,-1
34717.923,2,410118,100,759100,-1
34717.924,1,424894,100,759200,-1
34717.984,2,424807,250,758520,1
34717.985,2,422761,250,760080,-1
34718.114,1,425040,375,757280,1
34718.117,1,425042,250,760080,-1
34718.591,1,425420,100,759200,-1
34721.781,2,421108,800,757000,1
34721.786,1,427784,800,757200,1
34722.388,2,427784,800,757200,1
34722.392,1,428162,800,757100,1
34722.635,2,421762,50,758500,1
34723.71,2,424894,100,759200,-1
34723.71,1,429046,100,759400,-1
34723.715,2,425420,100,759200,-1
34724.465,1,429699,100,759400,-1
34725.037,1,430119,100,759200,-1
34725.176,2,429046,100,759400,-1
34725.619,1,430470,100,759200,-1
34725.838,2,429699,100,759400,-1
34725.966,1,430758,300,753100,1
34726.281,1,431022,100,759100,-1
34726.281,2,430119,100,759200,-1
34726.291,5,425430,100,758150,1
34726.809,2,430470,100,759200,-1
34726.809,1,431404,100,759100,-1
34726.846,1,431429,300,763100,-1
34727.273,1,431735,100,760000,-1
34728.492,2,428162,800,757100,1
34728.495,1,432559,800,756900,1
34728.977,2,431022,100,759100,-1
34728.977,2,431404,100,759100,-1
34729.129,1,433013,100,759300,-1
34729.685,1,433417,100,759300,-1
34731.137,1,434484,100,759200,-1
34731.347,2,433013,100,759300,-1
34731.637,1,434863,100,759200,-1
34731.881,2,433417,100,759300,-1
34732.445,2,425040,375,757280,1
34732.45,2,425042,250,760080,-1
34732.478,1,435418,375,756880,1
34732.492,1,435430,250,759680,-1
34732.955,1,435855,1000,758100,1
34733.751,1,436469,100,758500,1
34734.019,2,436469,100,758500,1
34734.202,2,435855,1000,758100,1
34734.284,1,436928,100,758300,1
34735.85,2,435418,375,756880,1
34735.852,2,435430,250,759680,-1
34735.886,1,438126,250,757280,1
34735.89,1,438130,250,760080,-1
34736.515,2,436928,100,758300,1
34736.572,2,438126,250,757280,1
34736.609,1,438703,375,757280,1
34736.767,1,438869,100,758200,1
34738.22,1,440036,200,758900,-1
34739.53,1,440855,500,759000,-1
34742.208,1,442625,100,758400,1
34742.574,2,438869,100,758200,1
34742.632,2,438703,375,757280,1
34742.65,2,438130,250,760080,-1
34742.678,1,442965,375,757680,1
34742.684,1,442970,250,760480,-1
34742.826,2,440855,500,759000,-1
34742.926,1,443215,1000,758500,1
34745.314,1,445195,100,758600,1
34745.782,2,442625,100,758400,1
34745.876,2,442965,375,757680,1
34745.879,2,442970,250,760480,-1
34745.913,1,445720,250,758080,1
34745.915,1,445721,250,760880,-1
34746.012,2,443215,1000,758500,1
34746.106,2,445720,250,758080,1
34746.167,1,445973,375,758080,1
34746.233,2,445973,375,758080,1
34746.313,1,446111,250,758080,1
34746.5,2,446111,250,758080,1
34746.531,1,446312,375,758080,1
34749.09,2,421103,800,759900,-1
34749.094,1,448586,800,760300,-1
34749.647,1,449026,200,758700,1
34751.102,1,450077,200,758700,1
34753.775,4,440036,200,758900,-1
34754.23,2,445195,100,758600,1
34754.438,1,452418,100,758500,1
34755.903,1,453587,500,759000,1
34756.08,2,449026,200,758700,1
34757.434,2,450077,200,758700,1
34758.084,4,453587,500,759000,1
34758.243,2,446312,375,758080,1
34758.245,2,445721,250,760880,-1
34758.278,1,455211,375,757680,1
34758.279,1,455212,250,760480,-1
34758.954,2,455212,250,760480,-1
34759.005,1,455884,250,761280,-1
34759.077,2,455884,250,761280,-1
34759.164,1,456040,250,760480,-1
34759.655,2,455211,375,757680,1
34759.658,2,456040,250,760480,-1
34759.698,1,456579,375,758080,1
34759.701,1,456587,250,760880,-1
34760.145,2,456587,250,760880,-1
34760.182,1,457177,250,761280,-1
34760.259,1,457256,100,758800,1
34760.654,2,452418,100,758500,1
34760.923,2,456579,375,758080,1
34761.029,1,458058,375,758480,1
34761.232,2,457256,100,758800,1
34761.627,1,458717,100,758700,1
34763.47,2,458058,375,758480,1
34763.472,2,457177,250,761280,-1
34763.502,1,460609,250,758880,1
34763.505,1,460611,250,761680,-1
34763.609,2,460609,250,758880,1
34763.708,1,460833,375,758880,1
34764.081,1,461294,100,759100,-1
34764.853,1,462112,100,759000,1
34765.19,2,458717,100,758700,1
34765.195,2,462112,100,759000,1
34765.597,1,462925,1000,758500,1
34765.626,1,462968,100,758900,1
34765.746,2,462925,1000,758500,1
34765.924,2,432559,800,756900,1
34765.928,1,463313,800,757300,1
34766.606,4,462968,100,758900,1
34766.879,2,434863,100,759200,-1
34766.879,2,434484,100,759200,-1
34767.001,1,464349,100,759400,-1
34767.381,2,8218,100,787300,-1
34767.576,1,464816,100,759400,-1
34768.695,2,461294,100,759100,-1
34770.012,2,460833,375,758880,1
34770.014,2,460611,250,761680,-1
34770.079,1,467020,250,759280,1
34770.082,1,467024,250,762080,-1
34770.226,2,467020,250,759280,1
34770.228,2,467024,250,762080,-1
34770.269,1,467202,375,758880,1
34770.27,1,467204,250,761680,-1
34770.426,2,467202,375,758880,1
34770.427,2,467204,250,761680,-1
34770.52,1,467459,250,759280,1
34770.523,1,467465,250,762080,-1
34770.799,2,467459,250,759280,1
34770.802,2,467465,250,762080,-1
34770.898,1,467888,375,758880,1
34770.9,1,467892,250,761680,-1
34771.125,1,468124,1000,758500,1
34771.2,2,431429,300,763100,-1
34771.76,2,468124,1000,758500,1
34773.045,2,467888,375,758880,1
34773.049,2,467892,250,761680,-1
34773.15,1,470005,250,758880,1
34773.154,1,470006,250,760440,-1
34773.576,1,470345,200,759200,-1
34775.371,1,471847,100,759900,-1
34775.471,2,470345,200,759200,-1
34775.629,2,448586,800,760300,-1
34775.633,1,472064,800,760500,-1
34778.077,2,470006,250,760440,-1
34778.115,1,473872,250,760840,-1
34778.307,2,473872,250,760840,-1
34778.339,1,474073,250,760440,-1
34778.483,2,474073,250,760440,-1
34778.522,1,474223,250,760840,-1
34778.616,2,470005,250,758880,1
34778.649,1,474361,250,759280,1
34778.782,2,463313,800,757300,1
34778.833,1,474559,800,756600,1
34778.866,1,474592,300,764000,-1
34779.088,2,474361,250,759280,1
34779.173,1,474894,250,758880,1
34779.237,2,474894,250,758880,1
34779.369,1,475091,250,758480,1
34779.676,2,474223,250,760840,-1
34779.737,1,475468,250,760440,-1
34779.933,2,475091,250,758480,1
34779.935,2,475468,250,760440,-1
34780.041,1,475789,250,760040,-1
34780.175,1,475919,250,758480,1
34781.116,2,475919,250,758480,1
34781.12,2,475789,250,760040,-1
34781.17,1,476819,250,758080,1
34781.172,1,476823,250,759640,-1
34781.545,2,472064,800,760500,-1
34781.549,1,477139,800,759900,-1
34781.762,1,477341,100,758800,1
34782.274,1,477909,800,758320,1
34783.041,2,477909,800,758320,1
34783.082,2,477341,100,758800,1
34783.082,1,478594,100,758600,1
34783.144,1,478661,800,759780,-1
34783.494,2,478594,100,758600,1
34783.507,1,478966,200,759300,-1
34783.526,2,476819,250,758080,1
34783.584,1,479032,800,758120,1
34783.643,1,479106,250,757680,1
34783.693,2,477139,800,759900,-1
34783.7,1,479173,800,760000,-1
34783.777,1,479247,1000,759000,1
34783.779,1,479254,100,758600,1
34784.826,2,479254,100,758600,1
34785.201,1,480423,100,758500,1
34786.677,2,479032,800,758120,1
34786.679,2,478661,800,759780,-1
34786.814,1,481823,800,759580,-1
34786.919,2,480423,100,758500,1
34786.94,5,479245,500,759010,1
34787.071,4,478966,100,759300,-1
34787.253,2,481823,800,759580,-1
34787.334,1,482310,800,759580,-1
34787.356,1,482331,100,758500,1
34787.47,1,482458,200,759200,-1
34787.513,2,482310,800,759580,-1
34787.727,2,478966,100,759300,-1
34787.898,1,482881,800,758220,1
34788.661,2,417256,100,756900,1
34789.603,2,479173,800,760000,-1
34789.607,1,484377,800,759800,-1
34789.65,2,482458,200,759200,-1
34792.703,1,486783,100,758800,1
34792.73,2,482881,800,758220,1
34792.737,1,486809,800,758520,1
34792.82,2,482331,100,758500,1
34792.877,2,486809,800,758520,1
34792.879,2,486783,100,758800,1
34793.154,1,487184,800,758320,1
34793.2,1,487236,100,758500,1
34793.775,4,464349,100,759400,-1
34794.062,1,487880,200,759400,-1
34794.966,2,487236,100,758500,1
34794.976,2,487184,800,758320,1
34794.984,1,488560,800,759680,-1
34795.46,1,488950,800,758020,1
34795.795,2,488950,800,758020,1
34795.801,2,488560,800,759680,-1
34796.011,1,489367,800,759780,-1
34796.181,2,489367,800,759780,-1
34796.38,1,489669,200,758500,1
34796.636,1,489811,800,758320,1
34797.052,2,489811,800,758320,1
34797.081,2,489669,200,758500,1
34797.257,1,490236,200,758500,1
34797.303,1,490263,800,758320,1
34797.392,4,464816,100,759400,-1
34797.392,4,487880,200,759400,-1
34797.887,1,490681,50,758700,1
34798.16,2,490236,200,758500,1
34798.482,1,491055,50,758700,1
34798.965,1,491376,100,759600,-1
34799.335,2,490263,800,758320,1
34799.457,1,491656,800,758420,1
34800.017,2,484377,800,759800,-1
34800.036,1,492008,800,760000,-1
34802.734,2,62384,500,744900,1
34803.231,2,491376,100,759600,-1
34803.449,2,491656,800,758420,1
34803.48,1,494184,800,758620,1
34803.501,1,494202,50,759000,1
34803.725,2,490681,50,758700,1
34803.878,2,494184,800,758620,1
34803.954,2,494202,50,759000,1
34804.024,1,494636,800,758420,1
34804.107,1,494703,50,758700,1
34805.63,2,494703,50,758700,1
34805.63,2,491055,50,758700,1
34805.63,1,495705,50,758500,1
34806.233,1,496043,50,758500,1
34806.9,2,492008,800,760000,-1
34806.904,1,496424,800,759900,-1
34807.618,2,479106,250,757680,1
34807.62,2,476823,250,759640,-1
34807.669,1,496867,250,758080,1
34807.672,1,496871,250,760040,-1
34807.698,1,496900,200,759340,-1
34807.864,2,479247,1000,759000,1
34809.649,4,496900,200,759340,-1
34809.863,2,494636,800,758420,1
34809.958,1,498719,800,759980,-1
34810.011,2,496424,800,759900,-1
34810.029,1,498779,800,760000,-1
34810.533,1,499227,800,758320,1
34811.264,2,499227,800,758320,1
34811.268,2,498719,800,759980,-1
34811.311,1,499958,800,758620,1
34811.821,2,498779,800,760000,-1
34811.826,1,500388,800,760100,-1
34812.698,2,499958,800,758620,1
34812.819,1,501128,800,758520,1
34814.223,2,501128,800,758520,1
34814.229,1,502206,800,758820,1
34814.835,2,500388,800,760100,-1
34814.856,1,502698,800,760300,-1
34814.86,2,502206,800,758820,1
34814.881,1,502717,800,758720,1
34815.033,2,471847,100,759900,-1
34815.405,2,502717,800,758720,1
34815.422,2,496867,250,758080,1
34815.423,2,496871,250,760040,-1
34815.461,1,503312,250,758480,1
34815.465,1,503321,250,760440,-1
34815.644,1,503519,800,759020,1
34815.864,2,474559,800,756600,1
34815.87,1,503793,800,757300,1
34816.292,1,504229,300,759300,1
34816.294,2,496043,50,758500,1
34816.414,1,504344,100,758200,1
34816.458,2,495705,50,758500,1
34816.851,2,503312,250,758480,1
34816.853,2,503321,250,760440,-1
34816.922,1,504837,250,758880,1
34816.925,1,504846,250,760840,-1
34817.262,1,505202,800,760680,-1
34817.615,5,504757,200,759310,1
34818.278,2,45518,500,782700,-1
34818.409,1,506506,300,759500,1
34818.506,2,504837,250,758880,1
34818.508,2,504846,250,760840,-1
34818.515,2,503519,800,759020,1
34818.529,2,505202,800,760680,-1
34818.539,1,506656,250,759280,1
34818.541,1,506662,250,761240,-1
34818.56,1,506676,800,759320,1
34818.852,2,504229,300,759300,1
34819.04,2,506656,250,759280,1
34819.094,1,507351,250,758880,1
34819.118,2,502698,800,760300,-1
34819.125,2,507351,250,758880,1
34819.16,1,507441,250,759280,1
34819.175,1,507470,800,760500,-1
34819.407,1,507751,800,760980,-1
34820.102,2,504344,100,758200,1
34820.148,1,508913,100,758600,1
34820.223,2,507470,800,760500,-1
34820.228,1,509038,800,760800,-1
34821.219,2,509038,800,760800,-1
34821.254,1,510095,800,761500,-1
34821.276,4,431735,100,760000,-1
34821.555,2,503793,800,757300,1
34821.56,1,510433,800,758500,1
34822.547,2,506676,800,759320,1
34823.544,2,507751,800,760980,-1
34823.631,1,512533,800,760880,-1
34824.19,1,513025,800,759220,1
34825.52,2,507441,250,759280,1
34825.522,2,506662,250,761240,-1
34825.553,1,514104,250,758880,1
34825.555,1,514106,250,760840,-1
34826.119,2,510095,800,761500,-1
34826.131,1,514761,800,762200,-1
34827.258,1,515789,300,759700,1
34827.262,2,506506,300,759500,1
34827.267,2,513025,800,759220,1
34827.269,2,512533,800,760880,-1
34827.304,1,515854,800,759420,1
34827.823,1,516408,800,761080,-1
34827.876,2,510433,800,758500,1
34827.904,2,514761,800,762200,-1
34827.916,1,516503,400,758700,1
34827.945,1,516540,1100,763000,-1
34829.9,2,515854,800,759420,1
34829.901,2,516408,800,761080,-1
34830.007,2,45517,500,737300,1
34830.018,1,518477,800,759320,1
34830.571,1,518918,800,760980,-1
34833.522,2,514104,250,758880,1
34833.524,2,514106,250,760840,-1
34833.555,1,521369,250,759280,1
34833.556,1,521372,250,761240,-1
34833.569,2,521369,250,759280,1
34833.571,2,521372,250,761240,-1
34833.617,1,521433,250,758880,1
34833.623,1,521438,250,760840,-1
34833.831,2,518477,800,759320,1
34833.836,2,518918,800,760980,-1
34833.904,2,515789,300,759700,1
34833.909,1,521703,300,759500,1
34833.931,1,521735,800,760680,-1
34834.182,2,521735,800,760680,-1
34834.369,1,522231,300,759700,1
34834.379,2,521703,300,759500,1
34834.465,1,522328,800,759220,1
34834.548,2,522328,800,759220,1
34834.586,2,522231,300,759700,1
34834.981,1,522833,300,759500,1
34835.025,1,522877,800,759020,1
34835.475,2,521433,250,758880,1
34835.477,2,521438,250,760840,-1
34835.509,1,523260,250,758480,1
34835.511,1,523262,250,760440,-1
34835.772,1,523550,800,760680,-1
34835.782,2,522877,800,759020,1
34835.836,2,523260,250,758480,1
34835.838,2,523262,250,760440,-1
34835.87,1,523651,250,758880,1
34835.872,1,523653,250,760840,-1
34835.981,2,523550,800,760680,-1
34835.991,2,523651,250,758880,1
34835.994,2,523653,250,760840,-1
34836.026,1,523803,250,758480,1
34836.029,1,523804,250,760440,-1
34836.157,1,523954,800,758920,1
34836.701,1,524468,800,760580,-1
34837.163,2,523803,250,758480,1
34837.169,2,523804,250,760440,-1
34837.201,1,525021,250,758880,1
34837.205,1,525025,250,760840,-1
34839.21,2,516540,1100,763000,-1
34839.214,2,516503,400,758700,1
34839.233,1,526992,800,761700,-1
34839.238,1,526994,800,758600,1
34840.772,5,525002,100,759560,1
34840.772,5,524506,100,759510,1
34842.261,2,525021,250,758880,1
34842.271,2,525025,250,760840,-1
34842.304,1,529592,250,758480,1
34842.34,1,529624,250,760440,-1
34842.433,1,529721,500,759200,1
34842.654,2,508913,100,758600,1
34843.452,2,523954,800,758920,1
34843.459,2,524468,800,760580,-1
34843.514,1,530708,800,759120,1
34843.581,1,530768,300,759700,1
34843.655,2,530708,800,759120,1
34843.761,2,522833,300,759500,1
34843.828,2,530768,300,759700,1
34844.052,1,531194,800,758920,1
34844.202,1,531339,300,759400,1
34844.657,1,531705,800,760580,-1
34845.088,2,531194,800,758920,1
34845.092,2,531705,800,760580,-1
34845.192,1,532176,800,758820,1
34845.758,1,532655,800,760480,-1
34845.804,2,526994,800,758600,1
34845.819,1,532706,800,758500,1
34846.478,1,533298,100,759800,-1
34846.973,4,533298,100,759800,-1
34847.242,2,529592,250,758480,1
34847.245,2,529624,250,760440,-1
34847.283,1,534012,250,758880,1
34847.32,5,531661,900,759410,1
34847.36,1,534073,250,760840,-1
34848.206,1,534920,200,760200,-1
34848.733,2,532706,800,758500,1
34848.742,1,535400,800,758300,1
34849.848,2,534012,250,758880,1
34849.85,2,534073,250,760840,-1
34849.88,1,536434,250,759280,1
34849.883,1,536436,250,761240,-1
34852.106,2,532176,800,758820,1
34852.11,2,532655,800,760480,-1
34852.13,1,538625,800,760680,-1
34852.357,1,538831,300,759600,1
34852.358,2,531339,300,759400,1
34854.465,2,535400,800,758300,1
34854.472,1,540835,800,758500,1
34854.952,2,538625,800,760680,-1
34854.955,1,541259,300,759800,1
34854.955,2,538831,300,759600,1
34854.966,1,541282,800,759320,1
34855.455,2,536434,250,759280,1
34855.564,1,541975,800,760980,-1
34855.897,2,536436,250,761240,-1
34855.9,1,542372,250,759680,1
34855.939,1,542406,250,761640,-1
34856.404,2,541259,300,759800,1
34856.522,2,541282,800,759320,1
34856.524,2,541975,800,760980,-1
34856.614,1,543063,300,759600,1
34856.626,1,543079,800,760680,-1
34857.445,1,543918,100,759800,-1
34859.046,2,542372,250,759680,1
34859.048,2,542406,250,761640,-1
34859.081,1,545460,250,759280,1
34859.083,1,545462,250,761240,-1
34859.221,4,543918,100,759800,-1
34859.993,2,540835,800,758500,1
34860.019,1,546501,800,758200,1
34861.042,2,545460,250,759280,1
34861.048,2,545462,250,761240,-1
34861.605,1,547975,250,758880,1
34861.608,1,547980,250,760840,-1
34861.968,2,547975,250,758880,1
34861.972,2,547980,250,760840,-1
34862.003,1,548418,250,759280,1
34862.006,1,548422,250,761240,-1
34862.139,2,548418,250,759280,1
34862.158,2,548422,250,761240,-1
34862.184,1,548603,250,758880,1
34862.195,1,548619,250,760840,-1
34862.209,1,548643,800,759020,1
34862.3,2,548603,250,758880,1
34862.304,2,548619,250,760840,-1
34862.367,1,548846,250,759280,1
34862.371,1,548848,250,761240,-1
34862.696,2,430758,300,753100,1
34863.048,2,526992,800,761700,-1
34863.068,1,549671,800,761000,-1
34863.221,2,474592,300,764000,-1
34863.384,2,543063,300,759600,1
34863.465,2,548846,250,759280,1
34863.469,2,548848,250,761240,-1
34863.506,1,550175,250,758880,1
34863.645,1,550312,300,759500,1
34863.977,1,550724,250,760840,-1
34863.983,2,548643,800,759020,1
34863.985,2,543079,800,760680,-1
34864.114,1,550895,800,758920,1
34864.644,1,551458,800,760580,-1
34866.206,2,550175,250,758880,1
34866.208,2,550724,250,760840,-1
34866.252,1,553035,250,759280,1
34866.255,1,553039,250,761240,-1
34868.107,2,550895,800,758920,1
34868.111,2,551458,800,760580,-1
34868.117,1,554844,800,760780,-1
34868.203,2,550312,300,759500,1
34868.204,1,554910,300,759800,1
34868.382,2,553039,250,761240,-1
34868.412,2,553035,250,759280,1
34868.467,1,555182,250,761640,-1
34868.479,1,555193,250,759680,1
34869.035,4,554910,100,759800,1
34869.298,2,554910,200,759800,1
34869.298,1,556060,100,760400,-1
34869.428,1,556145,800,759120,1
34869.894,1,556619,100,760400,-1
34872.194,2,556060,100,760400,-1
34872.195,2,556619,100,760400,-1
34872.196,1,558730,100,760700,-1
34872.604,2,555193,250,759680,1
34872.606,2,555182,250,761640,-1
34872.636,1,559031,250,759280,1
34872.638,1,559032,250,761240,-1
34872.747,1,559115,100,760700,-1
34873.375,2,556145,800,759120,1
34873.38,2,554844,800,760780,-1
34873.389,1,559684,800,760480,-1
34873.906,1,560132,800,758820,1
34875.988,2,549671,800,761000,-1
34876.01,1,561927,800,760400,-1
34876.019,2,546501,800,758200,1
34876.042,1,561955,800,757700,1
34876.228,1,562142,100,760200,-1
34876.231,2,529721,500,759200,1
34876.392,2,558730,100,760700,-1
34876.7,1,562547,100,760200,-1
34876.874,2,559115,100,760700,-1
34876.959,2,561955,800,757700,1
34876.966,1,562807,800,757100,1
34877.15,2,560132,800,758820,1
34877.154,2,559684,800,760480,-1
34877.272,1,563073,800,758720,1
34877.764,1,563429,500,758810,1
34877.814,1,563483,100,760100,-1
34877.867,1,563542,800,760380,-1
34877.911,2,562142,100,760200,-1
34878.313,1,563908,200,759700,-1
34878.34,1,563930,100,760100,-1
34878.461,2,562547,100,760200,-1
34879.14,1,564651,100,759800,-1
34880.364,2,559031,250,759280,1
34880.366,2,559032,250,761240,-1
34880.399,1,565633,250,758880,1
34880.406,1,565642,250,760840,-1
34881.655,2,563429,500,758810,1
34881.762,1,566865,500,758810,1
34882.42,2,566865,500,758810,1
34882.968,1,567981,500,758810,1
34883.266,2,567981,500,758810,1
34883.513,1,568484,500,758710,1
34884.061,2,568484,500,758710,1
34884.178,1,569091,500,758810,1
34884.224,2,569091,500,758810,1
34884.718,1,569580,500,758710,1
34884.729,1,569586,300,759300,1
34885.152,2,569580,500,758710,1
34885.372,1,570040,500,758810,1
34886.972,4,569586,200,759300,1
34887.124,2,570040,500,758810,1
34887.27,2,563073,800,758720,1
34887.341,1,571487,500,758710,1
34887.397,2,563908,200,759700,-1
34887.424,4,569586,100,759300,1
34887.424,1,571543,100,759200,-1
34887.499,1,571600,300,760000,-1
34887.521,2,534920,200,760200,-1
34887.618,1,571727,800,758720,1
34887.87,2,563542,800,760380,-1
34888.002,2,571727,800,758720,1
34888.026,1,572156,300,760000,-1
34888.026,2,563930,100,760100,-1
34888.027,2,563483,100,760100,-1
34888.086,2,565633,250,758880,1
34888.087,2,565642,250,760840,-1
34888.122,5,571577,250,759160,-1
34888.127,1,572227,250,761240,-1
34888.188,5,571577,250,759160,-1
34888.207,1,572321,800,758620,1
34888.423,5,571581,300,759160,-1
34888.444,5,571581,200,759160,-1
34888.444,4,571543,50,759200,-1
34888.5,2,572227,250,761240,-1
34888.525,4,571543,50,759200,-1
34888.569,1,572604,250,758640,1
34888.572,1,572607,250,760840,-1
34888.72,1,572742,800,760280,-1
34889.066,2,572607,250,760840,-1
34889.654,1,573540,500,760840,-1
34889.736,2,561927,800,760400,-1
34889.741,1,573640,800,760100,-1
34889.749,2,572604,250,758640,1
34889.751,2,573540,500,760840,-1
34889.782,1,573679,250,758240,1
34889.789,1,573687,500,760440,-1
34889.824,1,573720,300,759500,-1
34890.037,2,571487,500,758710,1
34890.128,1,574027,500,758610,1
34890.52,5,568996,100,759390,-1
34890.52,5,573738,200,759450,-1
34890.52,4,573720,50,759500,-1
34890.697,2,571600,300,760000,-1
34890.697,2,572156,300,760000,-1
34890.698,1,574527,300,760400,-1
34890.837,2,574027,500,758610,1
34890.912,2,572321,800,758620,1
34890.918,2,572742,800,760280,-1
34890.974,2,573720,250,759500,-1
34890.976,1,574834,800,760080,-1
34891.017,1,574885,500,758410,1
34891.344,1,575168,500,760100,-1
34891.381,1,575192,300,760400,-1
34891.393,1,575201,800,758420,1
34892.485,2,574885,500,758410,1
34892.6,1,576227,500,758510,1
34893.242,2,576227,500,758510,1
34893.246,1,576679,500,758410,1
34893.709,1,577054,300,759800,-1
34893.882,2,576679,500,758410,1
34893.913,2,575201,800,758420,1
34893.926,2,574834,800,760080,-1
34894.013,1,577338,500,758510,1
34894.02,1,577347,800,758520,1
34894.071,2,574527,300,760400,-1
34894.259,1,577551,300,759700,-1
34894.449,2,577347,800,758520,1
34894.58,2,577054,300,759800,-1
34894.618,1,577885,800,758720,1
34894.654,2,577338,500,758510,1
34894.683,2,577551,300,759700,-1
34894.78,1,578063,500,758610,1
34894.85,1,578113,300,760000,-1
34895.119,2,575192,300,760400,-1
34895.182,2,577885,800,758720,1
34895.249,1,578482,800,758620,1
34895.422,1,578624,300,760000,-1
34895.545,2,578063,500,758610,1
34895.766,1,578940,500,758710,1
34896.094,2,578940,500,758710,1
34896.309,1,579295,500,758610,1
34896.426,1,579364,400,759400,-1
34896.873,2,579295,500,758610,1
34896.887,1,579650,500,758510,1
34896.932,2,578482,800,758620,1
34896.934,1,579695,800,758420,1
34897.075,1,579816,300,759700,-1
34897.231,2,578624,300,760000,-1
34897.615,1,580208,300,759700,-1
34897.846,2,578113,300,760000,-1
34897.984,2,579364,400,759400,-1
34898.102,1,580652,800,760080,-1
34899.706,2,579650,500,758510,1
34899.809,1,581785,500,758410,1
34899.956,2,581785,500,758410,1
34900.355,1,582143,500,758510,1
34901.122,2,582143,500,758510,1
34901.232,1,582698,500,758410,1
34902.001,2,582698,500,758410,1
34902.107,1,583213,500,758510,1
34902.142,2,583213,500,758510,1
34902.654,1,583558,500,758410,1
34902.787,2,579695,800,758420,1
34902.789,2,580652,800,760080,-1
34902.897,1,583725,800,758520,1
34903.197,2,583558,500,758410,1
34903.31,1,583979,500,758510,1
34903.554,2,583979,500,758510,1
34903.856,1,584376,500,758410,1
34904.375,2,584376,500,758410,1
34904.512,1,584861,500,758510,1
34904.778,2,573640,800,760100,-1
34904.783,1,585039,800,759900,-1
34904.948,2,584861,500,758510,1
34905.059,1,585237,500,758410,1
34905.61,2,564651,100,759800,-1
34905.69,1,585573,300,759200,-1
34906.315,2,573679,250,758240,1
34906.317,2,573687,500,760440,-1
34906.355,1,586006,250,757840,1
34906.358,1,586007,500,760040,-1
34906.738,2,583725,800,758520,1
34906.841,1,586471,800,758420,1
34907.066,2,585237,500,758410,1
34907.169,1,586798,300,759400,-1
34907.192,2,586471,800,758420,1
34907.227,1,586853,500,758210,1
34907.35,1,586957,800,758220,1
34907.569,2,586798,300,759400,-1
34907.761,1,587381,300,759600,-1
34907.767,2,579816,300,759700,-1
34907.767,2,580208,300,759700,-1
34907.942,1,587595,800,759880,-1
34908.212,1,587832,300,759600,-1
34908.223,2,585573,300,759200,-1
34908.41,2,587381,300,759600,-1
34908.669,2,587832,300,759600,-1
34908.761,1,588400,300,760400,-1
34909.306,1,588921,300,760400,-1
34909.878,2,588400,300,760400,-1
34909.878,1,589351,300,759600,-1
34909.957,2,586957,800,758220,1
34909.96,2,587595,800,759880,-1
34910.053,1,589491,800,759980,-1
34910.407,2,588921,300,760400,-1
34910.408,1,589732,300,759600,-1
34910.544,2,589491,800,759980,-1
34910.608,2,586853,500,758210,1
34910.688,2,589732,300,759600,-1
34910.695,2,589351,300,759600,-1
34910.721,1,590067,800,758520,1
34910.75,2,585039,800,759900,-1
34910.756,1,590107,800,759700,-1
34910.797,1,590154,500,758310,1
34910.971,1,590311,300,759700,-1
34911.061,2,590107,800,759700,-1
34911.088,1,590422,800,759800,-1
34911.147,1,590474,200,759500,-1
34911.21,2,590154,500,758310,1
34911.404,1,590681,500,758410,1
34911.486,1,590757,1000,759400,1
34911.567,1,590831,300,759600,-1
34911.663,1,590943,500,759500,-1
34911.923,2,590311,300,759700,-1
34912.025,5,590755,100,759410,1
34912.151,1,591290,300,759600,-1
34912.184,5,590755,100,759410,1
34912.184,4,590757,400,759400,1
34912.338,2,590757,600,759400,1
34912.443,2,586007,500,760040,-1
34912.481,1,591535,250,760040,-1
34912.576,2,586006,250,757840,1
34912.583,2,591535,250,760040,-1
34912.627,1,591661,250,758240,1
34912.629,1,591663,500,760440,-1
34915.889,2,590681,500,758410,1
34915.996,1,594491,500,758510,1
34916.131,2,590067,800,758520,1
34916.239,1,594623,800,758420,1
34916.323,2,594491,500,758510,1
34916.552,1,594784,500,758410,1
34916.871,2,594784,500,758410,1
34917.09,1,595254,500,758510,1
34917.308,2,590474,200,759500,-1
34917.64,1,595611,500,759200,1
34917.739,2,595611,500,759200,1
34920.863,2,590422,800,759800,-1
34920.867,1,597908,800,760000,-1
34921.797,2,590943,500,759500,-1
34921.878,1,598524,800,760080,-1
34923.572,2,594623,800,758420,1
34923.576,2,598524,800,760080,-1
34923.681,1,599649,800,758320,1
34924.225,1,600039,800,759980,-1
34924.53,2,595254,500,758510,1
34924.639,1,600374,500,758410,1
34925.14,2,600374,500,758410,1
34925.186,1,600739,500,758510,1
34925.955,2,600739,500,758510,1
34925.964,1,601171,600,759000,1
34926.059,1,601230,500,758410,1
34926.897,1,601688,500,759600,-1
34927.915,2,601230,500,758410,1
34928.136,1,602413,500,758510,1
34929.026,1,602893,300,759500,-1
34929.263,2,590831,300,759600,-1
34929.717,1,603259,300,759500,-1
34929.79,2,591290,300,759600,-1
34930.32,2,601688,500,759600,-1
34930.546,2,602413,500,758510,1
34930.654,1,603787,500,758410,1
34930.866,2,603787,500,758410,1
34931.201,1,604085,500,758510,1
34931.238,2,604085,500,758510,1
34931.582,2,599649,800,758320,1
34931.586,2,600039,800,759980,-1
34931.709,1,604398,800,759780,-1
34931.716,1,604405,300,759300,-1
34931.749,1,604424,500,758310,1
34931.943,2,604424,500,758310,1
34931.969,2,602893,300,759500,-1
34932.253,1,604876,300,759300,-1
34932.295,1,604913,500,758210,1
34932.552,2,601171,600,759000,1
34932.698,2,603259,300,759500,-1
34932.833,1,605387,800,758120,1
34933.014,2,597908,800,760000,-1
34933.027,1,605529,800,759700,-1
34933.559,1,605875,600,759000,1
34934.731,2,575168,500,760100,-1
34934.734,1,606619,500,759600,-1
34935.41,2,591661,250,758240,1
34935.411,2,591663,500,760440,-1
34935.443,1,607058,250,758640,1
34935.445,1,607061,500,760840,-1
34935.604,2,604876,300,759300,-1
34935.607,2,604405,300,759300,-1
34935.612,1,607213,300,759500,-1
34935.669,2,604913,500,758210,1
34935.748,2,605387,800,758120,1
34935.75,2,604398,800,759780,-1
34935.766,1,607378,500,758410,1
34935.918,1,607504,800,758320,1
34935.937,4,605875,400,759000,1
34936.113,1,607687,300,758800,1
34936.555,2,605875,200,759000,1
34936.664,1,608180,300,759500,-1
34937.784,2,607687,300,758800,1
34937.891,2,605529,800,759700,-1
34937.895,1,609158,800,759900,-1
34937.91,1,609165,200,759000,1
34938.008,1,609249,300,758700,1
34938.257,2,607378,500,758410,1
34938.265,2,607504,800,758320,1
34938.316,1,609507,500,758610,1
34938.395,2,607213,300,759500,-1
34938.395,2,608180,300,759500,-1
34938.568,1,609724,300,759700,-1
34939.11,1,610166,300,759000,1
34939.276,2,609249,300,758700,1
34939.382,2,606619,500,759600,-1
34939.436,2,607061,500,760840,-1
34939.469,1,610444,250,760840,-1
34939.606,1,610560,500,760790,-1
34939.61,1,610566,800,760180,-1
34939.642,2,607058,250,758640,1
34939.644,2,610444,250,760840,-1
34939.683,1,610648,250,759040,1
34939.686,1,610651,500,761240,-1
34939.761,1,610750,300,759700,-1
34940.035,2,609165,200,759000,1
34940.883,1,612030,100,760100,-1
34940.892,2,609724,300,759700,-1
34940.895,2,610750,300,759700,-1
34941.017,2,609507,500,758610,1
34941.022,2,610560,500,760790,-1
34941.057,1,612204,300,759900,-1
34941.101,2,610566,800,760180,-1
34941.27,1,612431,800,758820,1
34941.59,1,612839,300,759200,1
34941.591,2,610166,300,759000,1
34941.78,1,613081,500,758710,1
34941.888,2,612431,800,758820,1
34941.997,1,613308,800,760380,-1
34942.291,1,613664,300,759900,-1
34942.31,1,613681,500,760990,-1
34942.36,2,613081,500,758710,1
34942.727,1,614097,500,758810,1
34942.904,2,612204,300,759900,-1
34942.904,2,613664,300,759900,-1
34942.904,1,614314,300,760200,-1
34943.099,2,614097,500,758810,1
34943.106,2,613681,500,760990,-1
34943.127,2,613308,800,760380,-1
34943.178,1,614609,800,759020,1
34943.258,1,614693,500,759010,1
34943.576,2,614609,800,759020,1
34943.606,1,615023,300,759400,1
34943.637,5,584063,100,759590,-1
34943.637,4,609158,400,759900,-1
34943.782,2,612839,300,759200,1
34943.936,2,614314,300,760200,-1
34944.004,1,615438,500,761190,-1
34944.021,1,615454,800,760580,-1
34944.04,2,610648,250,759040,1
34944.042,2,610651,500,761240,-1
34944.056,2,615438,500,761190,-1
34944.077,1,615519,250,759440,1
34944.079,1,615520,500,761640,-1
34944.088,2,609158,400,759900,-1
34944.212,1,615659,300,760400,-1
34944.294,2,562807,800,757100,1
34944.369,1,615814,800,758000,1
34944.634,2,614693,500,759010,1
34944.739,1,616323,300,760400,-1
34944.837,1,616464,1200,761700,-1
34944.876,1,616522,800,758920,1
34944.938,1,616592,500,759110,1
34945.427,2,616592,500,759110,1
34945.546,1,617210,500,759210,1
34946.008,2,616522,800,758920,1
34946.017,2,615454,800,760580,-1
34946.106,2,617210,500,759210,1
34946.15,1,617762,300,759600,1
34946.157,1,617765,800,760880,-1
34946.347,2,612030,100,760100,-1
34946.448,2,615023,300,759400,1
34946.455,5,617991,500,759640,1
34946.582,4,617762,300,759600,1
34946.74,1,618381,800,759220,1
34946.874,1,618564,100,758400,1
34946.99,2,616464,1200,761700,-1
34947.002,1,618718,800,762200,-1
34947.182,2,618381,800,759220,1
34947.188,2,617765,800,760880,-1
34947.273,1,618958,800,759120,1
34947.833,1,619500,800,760780,-1
34947.841,1,619507,500,759410,1
34948.4,1,620050,500,761490,-1
34949.876,1,621411,200,758800,1
34950.149,2,618718,800,762200,-1
34950.196,1,621697,1100,763600,-1
34950.356,2,618958,800,759120,1
34950.36,2,619500,800,760780,-1
34950.419,2,619507,500,759410,1
34950.458,1,621938,800,759020,1
34951.014,1,622377,800,760680,-1
34951.04,2,615814,800,758000,1
34951.065,1,622417,400,758900,1
34951.13,4,615519,250,759440,1
34951.251,1,622605,250,759440,1
34951.352,1,622690,300,760300,-1
34951.54,2,615659,300,760400,-1
34951.558,2,622605,250,759440,1
34951.56,2,615520,500,761640,-1
34951.62,1,622911,500,759310,1
34951.629,1,622916,250,759440,1
34951.633,1,622919,250,761000,-1
34951.878,1,623153,300,760300,-1
34951.935,2,621411,200,758800,1
34952.062,2,616323,300,760400,-1
34952.341,1,623505,200,758800,1
34952.355,2,622916,250,759440,1
34952.357,2,622919,250,761000,-1
34952.414,1,623544,250,759040,1
34952.416,1,623547,250,760600,-1
34952.773,1,623918,300,760000,-1
34952.811,2,623544,250,759040,1
34952.813,2,623547,250,760600,-1
34952.849,1,624001,250,759440,1
34952.922,1,624087,300,759500,1
34952.926,2,622911,500,759310,1
34952.929,2,620050,500,761490,-1
34952.949,1,624114,250,761000,-1
34952.973,2,621938,800,759020,1
34952.99,2,622377,800,760680,-1
34952.998,1,624182,800,760380,-1
34953.172,2,623505,200,758800,1
34953.22,2,622690,300,760300,-1
34953.284,2,624001,250,759440,1
34953.285,2,624114,250,761000,-1
34953.316,1,624539,250,759040,1
34953.327,1,624549,250,760600,-1
34953.366,1,624582,300,760000,-1
34953.398,2,624182,800,760380,-1
34953.521,1,624756,800,760480,-1
34953.823,2,623153,300,760300,-1
34954.308,2,623918,300,760000,-1
34954.312,2,624582,300,760000,-1
34954.313,1,625486,300,760400,-1
34954.451,1,625599,500,759110,1
34954.875,2,625486,300,760400,-1
34954.876,1,625960,300,760000,-1
34954.88,1,625964,200,759000,1
34955.107,2,625599,500,759110,1
34955.122,2,622417,400,758900,1
34955.132,1,626175,400,758800,1
34955.216,1,626254,500,759010,1
34955.452,1,626443,300,760000,-1
34955.852,2,624549,250,760600,-1
34955.885,1,626762,250,761000,-1
34956.103,2,624539,250,759040,1
34956.136,1,627037,250,759440,1
34956.402,2,627037,250,759440,1
34956.402,2,626762,250,761000,-1
34956.433,1,627314,250,759040,1
34956.435,1,627316,250,760600,-1
34956.54,1,627392,500,761190,-1
34956.595,2,627392,500,761190,-1
34956.767,2,626254,500,759010,1
34956.79,2,626443,300,760000,-1
34956.79,1,627691,300,760200,-1
34956.791,2,625960,300,760000,-1
34956.997,2,624756,800,760480,-1
34957.121,1,628072,800,760580,-1
34957.152,2,627691,300,760200,-1
34957.25,1,628207,500,759010,1
34957.389,2,628072,800,760580,-1
34957.419,1,628397,300,760400,-1
34957.568,1,628511,800,760480,-1
34957.976,1,628910,300,760400,-1
34958.254,2,628207,500,759010,1
34958.387,1,629313,500,759110,1
34958.466,1,629386,300,760000,-1
34958.49,2,629313,500,759110,1
34958.706,2,628397,300,760400,-1
34958.934,1,629790,500,759010,1
34959.022,1,629875,300,760000,-1
34959.265,2,628910,300,760400,-1
34959.552,2,629790,500,759010,1
34959.588,2,628511,800,760480,-1
34959.599,1,630326,800,760580,-1
34959.608,1,630334,500,759110,1
34959.663,2,630334,500,759110,1
34959.705,2,629386,300,760000,-1
34959.706,2,629875,300,760000,-1
34959.709,1,630427,300,760100,-1
34959.718,2,630326,800,760580,-1
34959.948,2,630427,300,760100,-1
34960.135,1,630796,800,759020,1
34960.143,1,630802,500,759210,1
34960.284,1,630928,300,760200,-1
34960.688,1,631185,500,761290,-1
34960.725,1,631216,800,760680,-1
34960.792,1,631263,300,760200,-1
34961.244,2,626175,400,758800,1
34961.248,1,631649,400,758900,1
34961.428,2,630928,300,760200,-1
34961.428,2,631263,300,760200,-1
34961.514,1,631850,300,760400,-1
34962.089,1,632312,300,760400,-1
34962.765,1,632775,300,759400,1
34962.983,2,630802,500,759210,1
34963.094,1,632996,500,759110,1
34963.188,2,631649,400,758900,1
34963.217,1,633077,400,758800,1
34963.427,2,632996,500,759110,1
34963.629,1,633319,100,759600,-1
34963.636,1,633322,500,759210,1
34963.689,4,633319,100,759600,-1
34963.963,2,633322,500,759210,1
34964.184,1,633707,500,759110,1
34964.295,1,633778,200,759200,1
34964.368,2,625964,200,759000,1
34964.76,2,633778,200,759200,1
34965.245,2,630796,800,759020,1
34965.248,2,631216,800,760680,-1
34965.348,1,634453,800,760580,-1
34965.87,2,624087,300,759500,1
34966.156,2,633707,500,759110,1
34966.237,1,635099,800,758920,1
34966.265,1,635115,500,759210,1
34966.589,2,635115,500,759210,1
34966.809,1,635508,500,759110,1
34967.118,1,635824,300,760100,-1
34967.245,2,635508,500,759110,1
34967.261,2,631850,300,760400,-1
34967.319,2,627314,250,759040,1
34967.32,2,627316,250,760600,-1
34967.356,1,636101,500,759110,1
34967.371,1,636110,250,758640,1
34967.378,1,636114,250,760200,-1
34967.474,2,636101,500,759110,1
34967.764,1,636524,300,760100,-1
34967.846,2,632312,300,760400,-1
34967.904,1,636628,500,759110,1
34968.34,2,636110,250,758640,1
34968.342,2,636114,250,760200,-1
34968.387,1,636980,250,759040,1
34968.389,1,636983,250,760600,-1
34969.391,2,633077,400,758800,1
34969.396,1,637977,400,758900,1
34969.543,2,631185,500,761290,-1
34970.197,2,636628,500,759110,1
34970.261,2,635099,800,758920,1
34970.264,2,634453,800,760580,-1
34970.273,2,632775,300,759400,1
34970.295,1,638717,800,760280,-1
34970.361,2,638717,800,760280,-1
34970.364,1,638775,300,759900,-1
34970.423,1,638828,500,758910,1
34970.566,2,635824,300,760100,-1
34970.66,2,638828,500,758910,1
34970.721,2,638775,300,759900,-1
34970.795,1,639145,800,760280,-1
34970.965,1,639313,500,758910,1
34970.966,2,637977,400,758900,1
34970.971,1,639319,400,758800,1
34971.048,1,639383,300,759900,-1
34971.269,2,639313,500,758910,1
34971.272,2,639145,800,760280,-1
34971.348,1,639584,800,758920,1
34971.437,2,639383,300,759900,-1
34971.511,1,639704,500,759110,1
34971.599,2,636524,300,760100,-1
34971.6,1,639772,300,760400,-1
34971.914,1,640057,800,760580,-1
34972.167,1,640262,300,759300,1
34972.691,1,640663,300,760400,-1
34972.968,2,621697,1100,763600,-1
34972.971,1,640863,1100,762400,-1
34974.027,1,641579,200,759600,1
34974.261,2,639704,500,759110,1
34974.281,2,639584,800,758920,1
34974.294,2,640057,800,760580,-1
34974.296,1,641797,500,759310,1
34974.307,1,641813,300,759600,1
34974.378,1,641879,800,760780,-1
34974.467,2,640262,300,759300,1
34974.79,2,641579,200,759600,1
34974.893,2,636980,250,759040,1
34974.899,1,642311,800,759120,1
34974.964,1,642384,250,758640,1
34975.087,2,641813,300,759600,1
34975.322,1,642678,300,759500,1
34975.478,2,642384,250,758640,1
34975.618,1,642905,250,758640,1
34975.62,2,636983,250,760600,-1
34975.669,1,642949,250,761000,-1
34975.701,1,642978,500,761390,-1
34976.001,2,641797,500,759310,1
34976.215,1,643476,500,759210,1
34976.261,2,643476,500,759210,1
34976.772,1,643943,500,759310,1
34976.862,2,643943,500,759310,1
34977.0,2,639319,400,758800,1
34977.006,1,644149,400,758900,1
34977.31,1,644367,500,759210,1
34977.58,2,644367,500,759210,1
34977.858,1,644860,500,759210,1
34978.133,1,645076,200,759600,1
34978.87,2,644860,500,759210,1
34978.883,2,642978,500,761390,-1
34978.928,2,642311,800,759120,1
34978.935,2,641879,800,760780,-1
34978.964,1,645648,800,760580,-1
34978.968,2,642678,300,759500,1
34978.971,1,645654,300,759300,1
34979.102,1,645774,500,759110,1
34979.168,2,645774,500,759110,1
34979.442,1,646086,800,758920,1
34979.606,1,646236,500,759010,1
34979.636,2,645076,200,759600,1
34979.701,2,642905,250,758640,1
34979.703,2,642949,250,761000,-1
34979.734,1,646352,250,758240,1
34979.735,1,646355,250,760600,-1
34980.172,1,646814,300,760200,-1
34981.675,2,646236,500,759010,1
34981.74,1,648229,500,759210,1
34981.751,2,646086,800,758920,1
34981.757,2,645648,800,760580,-1
34981.763,1,648241,800,759120,1
34981.933,1,648401,300,759500,1
34981.933,2,645654,300,759300,1
34982.248,1,648689,200,759500,1
34982.586,1,648944,200,759600,1
34982.673,2,648689,200,759500,1
34983.997,2,648229,500,759210,1
34985.864,2,646352,250,758240,1
34985.866,2,646355,250,760600,-1
34985.923,2,644149,400,758900,1
34985.928,1,651387,400,759100,1
34985.937,1,651398,250,758640,1
34985.939,1,651403,250,761000,-1
34986.021,1,651489,500,761290,-1
34986.044,1,651513,800,760780,-1
34986.521,2,651489,500,761290,-1
34986.538,2,648241,800,759120,1
34986.539,2,651513,800,760780,-1
34986.566,1,651940,800,760580,-1
34986.613,2,648401,300,759500,1
34986.732,1,652108,500,759010,1
34987.277,2,652108,500,759010,1
34987.315,1,652582,500,759210,1
34987.397,2,651940,800,760580,-1
34987.399,1,652673,800,759120,1
34987.666,2,648944,200,759600,1
34987.699,1,652940,300,759500,1
34987.701,1,652946,100,760000,-1
34988.128,1,653206,200,759300,1
34988.227,2,653206,200,759300,1
34988.709,2,652582,500,759210,1
34988.808,1,653665,500,759110,1
34989.106,2,652940,300,759500,1
34989.326,1,653985,300,759400,1
34989.613,2,652673,800,759120,1
34991.395,2,651387,400,759100,1
34991.401,1,655271,400,759000,1
34991.487,1,655312,800,759020,1
34992.324,2,651398,250,758640,1
34992.325,2,651403,250,761000,-1
34992.356,1,655878,250,758240,1
34992.358,1,655879,250,760600,-1
34992.675,2,655879,250,760600,-1
34992.712,1,656174,250,761000,-1
34992.888,2,656174,250,761000,-1
34992.943,1,656397,250,760600,-1
34993.087,2,656397,250,760600,-1
34993.094,2,655878,250,758240,1
34993.193,1,656633,250,761000,-1
34993.197,1,656638,250,758640,1
34993.2,2,656638,250,758640,1
34993.311,1,656716,250,758240,1
34993.361,2,653985,300,759400,1
34993.407,2,655312,800,759020,1
34993.411,2,653665,500,759110,1
34993.48,1,656902,800,760380,-1
34993.596,1,657018,500,758910,1
34993.984,2,656716,250,758240,1
34993.984,1,657408,800,758720,1
34994.018,1,657432,200,759300,1
34994.044,1,657467,250,758640,1
34994.583,2,657467,250,758640,1
34994.584,2,656633,250,761000,-1
34994.667,1,658043,250,758240,1
34994.669,1,658045,250,760600,-1
34994.896,2,658045,250,760600,-1
34994.928,1,658296,250,761000,-1
34995.623,2,658296,250,761000,-1
34995.675,1,658905,250,760600,-1
34997.113,2,655271,400,759000,1
34997.137,1,660166,400,758900,1
34997.707,2,652946,100,760000,-1
34998.764,2,657018,500,758910,1
34999.716,2,657408,800,758720,1
34999.72,2,656902,800,760380,-1
34999.964,1,662422,100,760100,-1
35000.152,1,662533,800,760480,-1
35000.161,1,662540,500,758810,1
35000.692,2,640863,1100,762400,-1
35000.695,2,660166,400,758900,1
35000.713,1,662960,800,762000,-1
35000.716,1,662962,400,758800,1
35000.801,1,663023,800,758820,1
35001.386,1,663451,100,759900,-1
35001.42,1,663481,400,760900,-1
35001.995,1,663897,200,759900,-1
35002.463,2,663023,800,758820,1
35002.469,2,662533,800,760480,-1
35005.378,2,658043,250,758240,1
35005.38,2,658905,250,760600,-1
35005.411,1,666088,250,757840,1
35005.413,1,666089,250,760200,-1
35006.856,2,662540,500,758810,1
35007.003,1,667311,800,758720,1
35007.027,1,667334,500,758610,1
35007.161,2,667311,800,758720,1
35007.515,1,667736,800,760180,-1
35007.664,2,662962,400,758800,1
35007.668,1,667846,800,758700,1
35008.079,1,668147,800,758520,1
35008.392,2,667846,800,758700,1
35008.43,1,668460,800,758500,1
35008.447,2,662960,800,762000,-1
35008.465,1,668484,800,761400,-1
35008.48,1,668495,1000,759900,-1
35008.486,2,657432,200,759300,1
35009.631,2,663897,200,759900,-1
35009.804,2,668495,1000,759900,-1
35010.742,1,670490,100,759900,-1
35011.463,2,668147,800,758520,1
35011.467,2,667736,800,760180,-1
35011.574,1,671235,800,758620,1
35012.045,2,670490,100,759900,-1
35012.983,5,668511,200,759840,-1
35013.021,2,667334,500,758610,1
35013.103,1,672624,500,758510,1
35013.281,2,672624,500,758510,1
35013.35,2,663451,100,759900,-1
35013.464,2,666088,250,757840,1
35013.467,2,666089,250,760200,-1
35013.498,1,672992,250,757440,1
35013.501,1,672995,250,759800,-1
35013.87,1,673448,500,758610,1
35014.189,2,671235,800,758620,1
35014.318,2,662422,100,760100,-1
35014.427,1,674100,800,760380,-1
35014.968,1,674736,800,758720,1
35015.136,2,673448,500,758610,1
35015.142,2,674736,800,758720,1
35015.148,2,674100,800,760380,-1
35015.2,1,674945,500,758510,1
35015.36,2,674945,500,758510,1
35015.507,1,675229,800,760080,-1
35015.561,2,675229,800,760080,-1
35015.726,1,675468,500,758610,1
35015.911,1,675641,200,760100,-1
35016.466,1,676102,800,760380,-1
35016.812,2,675468,500,758610,1
35016.917,1,676479,500,758610,1
35017.052,1,676595,800,758720,1
35017.821,1,677139,100,759900,-1
35018.867,2,676479,500,758610,1
35018.877,2,676595,800,758720,1
35018.884,2,676102,800,760380,-1
35018.925,1,678081,500,758510,1
35019.423,2,678081,500,758510,1
35019.548,1,678693,500,758610,1
35019.589,2,668484,800,761400,-1
35019.593,2,668460,800,758500,1
35019.619,1,678765,800,760800,-1
35019.623,1,678767,800,757800,1
35019.626,2,678693,500,758610,1
35019.713,1,678870,800,758520,1
35020.094,1,679272,500,758510,1
35020.764,2,663481,400,760900,-1
35020.767,1,679894,100,760500,-1
35020.881,2,679272,500,758510,1
35020.967,1,680111,500,758410,1
35021.039,1,680167,300,759900,-1
35021.346,1,680460,500,760500,-1
35021.439,2,680111,500,758410,1
35021.529,1,680642,500,758510,1
35021.638,2,680642,500,758510,1
35021.759,1,680885,600,754500,1
35021.916,1,681034,600,764600,-1
35022.066,1,681180,500,758710,1
35022.097,2,678870,800,758520,1
35022.1,1,681222,800,758920,1
35022.517,2,681222,800,758920,1
35022.537,1,681613,800,758820,1
35024.036,2,678765,800,760800,-1
35024.041,1,682781,800,761000,-1
35024.097,2,672992,250,757440,1
35024.14,1,682859,250,757040,1
35024.168,2,672995,250,759800,-1
35024.201,1,682917,250,759400,-1
35024.314,1,683029,300,759700,-1
35024.577,2,681180,500,758710,1
35024.692,1,683369,500,758610,1
35024.832,2,639772,300,760400,-1
35024.879,2,682859,250,757040,1
35024.882,2,682917,250,759400,-1
35024.944,1,683577,250,757440,1
35024.946,1,683578,250,759800,-1
35024.974,1,683597,300,759700,-1
35025.034,2,683029,300,759700,-1
35025.13,2,683597,300,759700,-1
35025.54,1,684082,300,760400,-1
35026.102,2,683369,500,758610,1
35026.111,1,684439,500,758510,1
35026.274,2,677139,100,759900,-1
35026.35,2,683577,250,757440,1
35026.352,2,683578,250,759800,-1
35026.384,1,684601,250,757040,1
35026.915,1,685097,250,759400,-1
35027.048,1,685197,300,759700,-1
35027.279,2,684082,300,760400,-1
35027.767,1,685749,300,759700,-1
35027.768,2,640663,300,760400,-1
35028.436,2,680167,300,759900,-1
35028.437,1,686242,400,759400,-1
35029.005,2,681613,800,758820,1
35029.116,1,686746,800,758720,1
35029.423,2,686746,800,758720,1
35029.567,2,684439,500,758510,1
35029.601,1,687094,500,758310,1
35029.755,2,687094,500,758310,1
35029.776,1,687289,800,758520,1
35029.958,2,684601,250,757040,1
35029.961,2,685097,250,759400,-1
35029.991,1,687510,250,757440,1
35029.993,1,687515,250,759800,-1
35030.113,2,687510,250,757440,1
35030.148,1,687677,250,757040,1
35030.18,2,687677,250,757040,1
35030.184,1,687716,500,758310,1
35030.214,1,687755,250,757440,1
35030.594,2,687755,250,757440,1
35030.623,2,687289,800,758520,1
35030.63,2,687515,250,759800,-1
35030.698,1,688265,800,758420,1
35030.733,1,688317,250,757040,1
35030.737,1,688324,250,759400,-1
35031.232,1,688758,800,759880,-1
35032.841,2,687716,500,758310,1
35032.921,1,690095,500,758210,1
35033.282,2,686242,400,759400,-1
35033.283,1,690354,500,759300,-1
35033.57,2,690095,500,758210,1
35033.591,2,688265,800,758420,1
35033.595,2,688758,800,759880,-1
35033.658,1,690603,800,759680,-1
35033.689,1,690644,500,758110,1
35034.126,2,682781,800,761000,-1
35034.141,1,691076,800,760800,-1
35034.177,1,691098,800,758220,1
35034.203,1,691122,300,759400,-1
35034.469,2,680460,500,760500,-1
35034.639,2,690644,500,758110,1
35034.694,2,618564,100,758400,1
35034.708,2,685197,300,759700,-1
35034.752,1,691513,500,758010,1
35034.794,2,691513,500,758010,1
35034.833,2,690354,500,759300,-1
35034.835,2,675641,200,760100,-1
35034.839,2,646814,300,760200,-1
35034.918,1,691656,300,759400,-1
35035.287,2,685749,300,759700,-1
35035.298,1,691930,500,758010,1
35035.841,1,692268,500,760090,-1
35035.935,2,691930,500,758010,1
35035.936,2,692268,500,760090,-1
35036.39,1,692618,500,760190,-1
35036.655,1,692784,400,759300,-1
35036.79,2,692618,500,760190,-1
35036.934,1,693016,500,758010,1
35037.267,2,692784,400,759300,-1
35037.321,2,693016,500,758010,1
35037.487,1,693360,500,760190,-1
35037.834,2,693360,500,760190,-1
35038.012,2,691098,800,758220,1
35038.015,2,690603,800,759680,-1
35038.027,1,693760,500,760090,-1
35038.114,1,693810,800,759780,-1
35038.289,2,693760,500,760090,-1
35038.577,1,694080,500,760090,-1
35038.674,1,694165,800,758320,1
35038.885,2,694080,500,760090,-1
35039.122,1,694421,500,760190,-1
35039.67,1,694741,500,758110,1
35040.166,1,695030,700,759300,-1
35040.733,2,693810,800,759780,-1
35040.829,2,691122,300,759400,-1
35040.83,1,695474,300,759200,-1
35041.422,2,691656,300,759400,-1
35041.423,1,695815,300,759200,-1
35041.811,1,696069,1000,760200,-1
35041.928,5,695490,100,759160,-1
35041.976,5,695490,400,759160,-1
35041.976,5,695492,100,759160,-1
35042.013,2,694165,800,758320,1
35042.017,2,694741,500,758110,1
35042.022,2,694421,500,760190,-1
35042.028,1,696222,500,758310,1
35042.155,2,695815,300,759200,-1
35042.158,2,695474,300,759200,-1
35042.161,1,696341,300,759500,-1
35042.487,2,696222,500,758310,1
35042.515,1,696637,500,758210,1
35042.573,2,696637,500,758210,1
35042.596,2,695030,700,759300,-1
35042.598,1,696706,700,759600,-1
35042.678,2,688317,250,757040,1
35042.679,2,688324,250,759400,-1
35042.704,1,696793,300,759500,-1
35042.736,1,696835,250,757440,1
35042.738,1,696836,250,759800,-1
35042.843,2,696835,250,757440,1
35042.877,1,697005,250,757040,1
35042.918,1,697068,800,758520,1
35043.064,1,697217,500,758310,1
35043.363,2,697005,250,757040,1
35043.422,1,697499,250,757440,1
35043.557,2,696341,300,759500,-1
35043.557,1,697608,300,759400,-1
35043.713,2,696069,1000,760200,-1
35044.132,1,698095,300,759400,-1
35044.558,2,696793,300,759500,-1
35044.693,2,697068,800,758520,1
35044.801,1,698656,800,758620,1
35045.339,2,697608,300,759400,-1
35045.339,2,698095,300,759400,-1
35045.341,1,699037,300,759500,-1
35045.568,2,696706,700,759600,-1
35045.675,1,699261,800,760080,-1
35045.686,1,699270,500,760390,-1
35045.855,1,699416,300,759400,-1
35046.226,2,699037,300,759500,-1
35046.338,1,699761,200,759000,1
35046.416,1,699827,300,759400,-1
35046.89,2,697217,500,758310,1
35046.891,2,699270,500,760390,-1
35046.995,1,700252,500,758210,1
35047.061,2,700252,500,758210,1
35047.465,4,699416,300,759400,-1
35047.465,4,699827,200,759400,-1
35047.536,2,699827,100,759400,-1
35047.538,1,700586,300,759500,-1
35047.547,1,700596,500,758210,1
35048.156,1,700986,200,759500,-1
35048.275,1,701074,1000,760200,-1
35048.308,2,700596,500,758210,1
35048.418,1,701222,500,758310,1
35048.709,2,701074,1000,760200,-1
35050.606,2,697499,250,757440,1
35050.607,2,696836,250,759800,-1
35050.644,1,702773,250,757040,1
35050.646,1,702774,250,759400,-1
35050.682,1,702808,500,760390,-1
35051.502,1,703438,900,760300,-1
35052.765,2,702773,250,757040,1
35052.766,4,702774,100,759400,-1
35052.767,2,702774,150,759400,-1
35053.098,1,704827,250,757440,1
35053.1,1,704828,250,759800,-1
35053.101,2,704827,250,757440,1
35053.102,2,704828,250,759800,-1
35053.133,1,704858,250,758240,1
35053.139,1,704866,500,760440,-1
35053.62,2,703438,900,760300,-1
35053.879,2,701222,500,758310,1
35053.881,2,702808,500,760390,-1
35053.983,1,705522,500,758410,1
35054.805,2,698656,800,758620,1
35054.885,1,706158,800,758620,1
35055.076,2,705522,500,758410,1
35055.082,1,706328,500,760390,-1
35055.526,2,706328,500,760390,-1
35055.636,1,706685,500,760390,-1
35055.675,2,699261,800,760080,-1
35055.755,1,706819,800,760080,-1
35055.873,2,706685,500,760390,-1
35056.203,1,707177,500,758410,1
35056.994,2,707177,500,758410,1
35057.072,1,707917,500,760290,-1
35057.119,2,706158,800,758620,1
35057.123,2,706819,800,760080,-1
35057.186,1,708036,800,759780,-1
35057.511,1,708322,500,758210,1
35057.625,1,708406,800,758320,1
35058.391,2,708406,800,758320,1
35058.395,2,708036,800,759780,-1
35058.492,1,709057,800,759880,-1
35058.704,1,709228,200,759200,1
35058.705,1,709230,800,760300,-1
35059.048,1,709492,800,758420,1
35059.922,2,709230,800,760300,-1
35060.187,2,708322,500,758210,1
35060.196,2,707917,500,760290,-1
35060.444,1,710378,500,760290,-1
35061.288,1,710948,450,759400,-1
35062.433,2,710378,500,760290,-1
35063.103,1,712171,200,759400,-1
35063.371,2,700586,300,759500,-1
35063.675,1,712564,200,759400,-1
35064.056,2,700986,200,759500,-1
35064.173,1,712906,500,760290,-1
35064.578,2,704858,250,758240,1
35064.582,2,704866,500,760440,-1
35064.614,1,713131,250,757840,1
35064.617,1,713136,250,760040,-1
35065.029,2,713136,250,760040,-1
35065.075,1,713552,500,760440,-1
35065.257,2,713552,500,760440,-1
35065.29,1,713758,500,760040,-1
35065.854,2,710948,450,759400,-1
35066.265,2,712906,500,760290,-1
35066.912,2,709492,800,758420,1
35066.955,2,709057,800,759880,-1
35066.959,1,715091,800,759680,-1
35067.046,1,715162,500,758010,1
35067.359,2,715162,500,758010,1
35067.494,1,715498,800,758220,1
35067.671,1,715643,500,759990,-1
35068.123,4,709228,200,759200,1
35068.129,2,679894,100,760500,-1
35068.171,1,716124,500,759900,-1
35068.318,1,716248,500,757910,1
35068.998,1,716832,300,759300,-1
35069.227,2,715498,800,758220,1
35069.231,2,715091,800,759680,-1
35069.318,1,717104,800,759780,-1
35069.354,2,713131,250,757840,1
35069.357,2,713758,500,760040,-1
35069.398,1,717167,250,757440,1
35069.4,1,717168,250,759640,-1
35069.416,2,699761,200,759000,1
35069.461,2,717167,250,757440,1
35069.464,2,717168,250,759640,-1
35069.526,1,717305,250,757840,1
35069.545,1,717324,500,760040,-1
35069.865,1,717656,800,758320,1
35070.035,2,717305,250,757840,1
35070.036,2,717324,500,760040,-1
35070.068,1,717793,250,757440,1
35070.084,1,717812,250,759640,-1
35070.226,2,717812,250,759640,-1
35070.271,1,717995,500,759640,-1
35071.19,2,691076,800,760800,-1
35071.192,2,678767,800,757800,1
35071.211,1,718834,800,760300,-1
35071.216,1,718838,800,757300,1
35071.314,2,716832,300,759300,-1
35072.009,1,719494,100,759790,-1
35072.324,1,719704,200,759300,-1
35072.325,2,712171,200,759400,-1
35072.639,1,719938,450,759200,-1
35072.972,2,712564,200,759400,-1
35072.972,1,720187,200,759300,-1
35073.299,2,716248,500,757910,1
35073.302,2,715643,500,759990,-1
35073.401,1,720471,500,757810,1
35073.685,2,719938,450,759200,-1
35073.947,2,720471,500,757810,1
35074.19,1,721233,500,757810,1
35074.512,2,721233,500,757810,1
35074.732,1,721646,500,757910,1
35076.101,2,717656,800,758320,1
35076.103,2,717104,800,759780,-1
35076.207,1,722661,800,758420,1
35076.526,1,722872,200,759200,-1
35076.712,2,719704,200,759300,-1
35076.877,2,722661,800,758420,1
35076.978,1,723246,800,758320,1
35077.02,1,723283,200,759200,-1
35077.204,2,720187,200,759300,-1
35078.534,2,721646,500,757910,1
35078.643,1,724512,500,757910,1
35079.085,2,718838,800,757300,1
35079.089,1,724821,800,756800,1
35080.368,2,723246,800,758320,1
35080.473,1,725683,800,758220,1
35081.019,1,726012,800,759680,-1
35082.175,2,717995,500,759640,-1
35082.238,1,726796,250,759640,-1
35082.309,2,726796,250,759640,-1
35082.345,1,726886,500,760040,-1
35082.371,2,726886,500,760040,-1
35082.451,2,717793,250,757440,1
35082.454,1,726993,500,760040,-1
35082.535,1,727062,250,757840,1
35084.41,2,724512,500,757910,1
35084.517,1,728777,500,758010,1
35084.859,2,728777,500,758010,1
35085.076,1,729223,500,757910,1
35085.512,2,729223,500,757910,1
35085.631,1,729612,500,758010,1
35085.844,1,729764,200,759100,-1
35086.033,2,729612,500,758010,1
35086.18,1,730057,500,757910,1
35086.212,2,722872,200,759200,-1
35086.325,2,730057,500,757910,1
35086.336,1,730192,200,759100,-1
35086.536,2,725683,800,758220,1
35086.543,2,726012,800,759680,-1
35086.652,1,730435,800,758420,1
35086.704,2,729764,200,759100,-1
35086.704,2,730192,200,759100,-1
35086.705,2,723283,200,759200,-1
35086.857,1,730642,200,759400,-1
35086.875,1,730667,500,758110,1
35087.036,2,730435,800,758420,1
35087.05,2,730667,500,758110,1
35087.105,1,730913,800,758220,1
35087.202,2,730913,800,758220,1
35087.302,1,731092,500,758110,1
35087.321,1,731111,300,758500,1
35087.483,2,718834,800,760300,-1
35087.486,2,724821,800,756800,1
35087.501,1,731262,800,760800,-1
35087.504,1,731265,800,757700,1
35087.589,1,731332,800,758420,1
35087.722,2,727062,250,757840,1
35087.727,2,726993,500,760040,-1
35087.761,1,731525,250,757440,1
35087.774,1,731546,500,759640,-1
35087.846,1,731626,200,759400,-1
35088.435,2,731332,800,758420,1
35088.471,2,731092,500,758110,1
35088.497,2,731111,300,758500,1
35088.513,1,732276,800,758220,1
35088.617,1,732407,200,759100,-1
35088.846,2,730642,200,759400,-1
35088.88,1,732723,500,758010,1
35088.907,2,732276,800,758220,1
35089.111,1,732981,800,758120,1
35089.126,1,732995,200,759100,-1
35089.266,2,732723,500,758010,1
35089.337,1,733166,500,757910,1
35089.404,2,731626,200,759400,-1
35089.483,1,733297,800,759580,-1
35089.496,2,731546,500,759640,-1
35089.541,1,733355,250,759640,-1
35089.551,2,733355,250,759640,-1
35089.587,1,733402,500,759640,-1
35089.853,2,732981,800,758120,1
35089.868,2,733297,800,759580,-1
35089.906,1,733734,800,758020,1
35090.428,1,734165,800,759480,-1
35091.409,2,732407,200,759100,-1
35091.41,1,734915,200,759000,-1
35091.941,2,732995,200,759100,-1
35091.941,1,735255,200,759000,-1
35099.906,2,733734,800,758020,1
35100.049,1,740208,800,758020,1
35100.426,2,734165,800,759480,-1
35100.503,2,740208,800,758020,1
35100.615,1,740541,800,758120,1
35101.16,1,740860,800,759580,-1
35101.675,2,731525,250,757440,1
35102.261,2,733402,500,759640,-1
35102.262,1,741661,250,757840,1
35103.32,1,742487,500,760040,-1
35110.202,2,733166,500,757910,1
35110.397,2,740541,800,758120,1
35110.4,2,740860,800,759580,-1
35110.408,2,735255,200,759000,-1
35110.409,1,747061,200,759200,-1
35110.414,2,734915,200,759000,-1
35110.427,1,747072,800,758320,1
35110.451,1,747095,500,758110,1
35110.819,2,747061,200,759200,-1
35110.894,1,747506,800,759780,-1
35110.978,1,747551,300,758400,1
35111.558,1,747924,200,759200,-1
35112.178,1,748355,200,759200,-1
35113.39,2,719494,100,759790,-1
35114.294,2,747072,800,758320,1
35114.295,2,747506,800,759780,-1
35114.393,1,749667,800,758220,1
35114.94,1,749998,800,759680,-1
35115.143,1,750109,100,759500,-1
35117.127,1,751182,200,759100,-1
35117.178,2,749667,800,758220,1
35117.183,2,749998,800,759680,-1
35117.206,2,747095,500,758110,1
35117.251,1,751285,500,758010,1
35117.351,1,751353,800,758220,1
35117.372,2,747551,300,758400,1
35117.432,2,751353,800,758220,1
35117.463,2,747924,200,759200,-1
35117.633,2,751285,500,758010,1
35117.725,1,751675,300,758300,1
35117.824,1,751762,500,758110,1
35117.893,1,751817,800,758220,1
35118.282,1,752074,200,759100,-1
35118.557,2,748355,200,759200,-1
35118.658,1,752327,800,759680,-1
35119.138,2,751762,500,758110,1
35119.247,1,752658,500,758010,1
35121.486,2,751817,800,758220,1
35121.489,2,752327,800,759680,-1
35121.497,2,752658,500,758010,1
35121.51,1,753888,800,759380,-1
35121.557,1,753926,500,757910,1
35121.585,2,751675,300,758300,1
35121.585,1,753953,200,759000,-1
35121.769,2,753888,800,759380,-1
35121.829,2,751182,200,759100,-1
35122.06,1,754325,800,759480,-1
35122.169,2,753953,200,759000,-1
35122.17,1,754385,200,759100,-1
35122.341,1,754478,400,759000,-1
35122.599,1,754648,800,758020,1
35123.213,1,755082,200,759000,-1
35123.351,2,754385,200,759100,-1
35123.512,2,741661,250,757840,1
35123.513,2,742487,500,760040,-1
35123.553,1,755307,250,757440,1
35123.555,1,755310,500,759640,-1
35123.692,1,755416,200,759000,-1
35123.708,2,755310,500,759640,-1
35123.749,1,755469,250,759640,-1
35123.893,2,752074,200,759100,-1
35123.953,2,755469,250,759640,-1
35123.99,1,755651,500,759640,-1
35124.257,2,755082,200,759000,-1
35124.258,2,755416,200,759000,-1
35124.282,2,753926,500,757910,1
35124.307,1,755890,500,757810,1
35124.404,2,755890,500,757810,1
35124.568,1,756033,200,759100,-1
35124.869,1,756269,500,757810,1
35125.054,1,756399,200,759100,-1
35127.593,1,757994,200,758900,-1
35127.805,2,756033,200,759100,-1
35128.251,1,758407,200,758900,-1
35128.399,2,756399,200,759100,-1
35128.803,2,756269,500,757810,1
35128.906,1,758829,500,757710,1
35129.214,2,758829,500,757710,1
35129.449,1,759240,500,757810,1
35129.664,2,759240,500,757810,1
35129.943,2,716124,500,759900,-1
35129.946,1,759554,100,759500,-1
35130.039,2,754648,800,758020,1
35130.063,1,759658,200,758800,-1
35130.102,2,754325,800,759480,-1
35130.15,1,759724,800,759180,-1
35130.176,1,759744,500,757610,1
35130.453,2,759744,500,757610,1
35130.467,2,754478,400,759000,-1
35130.474,2,759724,800,759180,-1
35130.509,2,759658,200,758800,-1
35130.51,2,757994,200,758900,-1
35130.614,1,760135,800,758020,1
35130.681,1,760201,500,757710,1
35130.755,1,760272,200,758900,-1
35131.164,1,760560,800,759480,-1
35133.525,5,761118,200,758860,-1
35133.525,4,758407,200,758900,-1
35133.774,4,760272,100,758900,-1
35133.775,2,760272,100,758900,-1
35133.853,1,762262,100,759500,-1
35134.127,2,762262,100,759500,-1
35134.485,1,762788,50,758300,1
35135.066,1,763129,50,758300,1
35137.314,2,762788,50,758300,1
35137.314,2,763129,50,758300,1
35137.315,1,764515,50,758000,1
35137.814,1,764846,50,758000,1
35139.7,2,760135,800,758020,1
35139.703,2,760560,800,759480,-1
35139.801,1,766112,500,760190,-1
35139.806,1,766113,800,759580,-1
35140.346,1,766399,800,758120,1
35142.866,2,755651,500,759640,-1
35142.917,1,767809,250,759640,-1
35143.385,2,767809,250,759640,-1
35143.425,1,768122,500,759640,-1
35143.888,2,760201,500,757710,1
35144.762,1,768913,500,757710,1
35144.821,2,768913,500,757710,1
35145.527,1,769304,500,757710,1
35146.95,2,769304,500,757710,1
35147.876,2,766399,800,758120,1
35147.881,2,766113,800,759580,-1
35147.895,2,766112,500,760190,-1
35147.938,1,770496,800,759280,-1
35147.952,1,770511,500,760090,-1
35148.373,2,770511,500,760090,-1
35148.403,1,770837,400,759000,-1
35148.461,1,770863,800,757820,1
35149.231,2,770863,800,757820,1
35149.236,2,770496,800,759280,-1
35149.335,1,771415,800,759380,-1
35149.353,1,771419,500,757510,1
35149.843,1,771678,100,759300,-1
35149.877,1,771697,800,757920,1
35150.434,2,771419,500,757510,1
35150.436,2,771697,800,757920,1
35150.439,2,771415,800,759380,-1
35150.476,1,771996,800,758120,1
35150.524,1,772044,50,758300,1
35150.524,2,771678,100,759300,-1
35150.559,1,772065,500,757610,1
35150.87,2,764515,50,758000,1
35150.887,2,772065,500,757610,1
35150.97,1,772360,800,759580,-1
35151.073,1,772421,50,758300,1
35151.494,2,764846,50,758000,1
35152.622,2,772421,50,758300,1
35152.622,2,772044,50,758300,1
35152.623,1,773319,50,758000,1
35153.101,1,773593,200,758500,-1
35153.134,4,773593,200,758500,-1
35153.135,1,773611,50,758000,1
35156.585,2,755307,250,757440,1
35156.587,2,768122,500,759640,-1
35156.632,1,775435,250,757040,1
35156.637,1,775442,250,759240,-1
35156.696,2,775442,250,759240,-1
35156.729,1,775543,500,759640,-1
35157.121,2,773319,50,758000,1
35157.122,1,775858,50,758200,1
35157.552,2,775435,250,757040,1
35157.585,1,776260,250,757440,1
35157.645,2,773611,50,758000,1
35157.645,1,776305,50,758200,1
35157.884,2,771996,800,758120,1
35157.885,2,772360,800,759580,-1
35157.926,2,770837,400,759000,-1
35157.933,1,776572,800,759280,-1
35158.025,2,776305,50,758200,1
35158.034,2,775858,50,758200,1
35158.176,1,776784,50,758000,1
35158.245,1,776841,500,757310,1
35158.413,1,777010,800,757820,1
35158.513,2,777010,800,757820,1
35158.515,2,776572,800,759280,-1
35158.748,1,777266,500,759990,-1
35158.798,1,777294,100,759300,-1
35158.957,1,777380,800,759380,-1
35159.322,1,777597,50,758000,1
35159.506,1,777703,800,757920,1
35160.872,2,776841,500,757310,1
35161.152,2,777703,800,757920,1
35161.155,2,777380,800,759380,-1
35161.256,1,778620,800,759480,-1
35161.798,1,778886,800,758020,1
35164.921,2,776260,250,757440,1
35164.926,2,775543,500,759640,-1
35164.959,1,780896,250,757040,1
35165.427,1,781309,250,759240,-1
35165.581,2,781309,250,759240,-1
35165.616,1,781485,500,759240,-1
35166.568,2,777266,500,759990,-1
35167.734,2,778886,800,758020,1
35167.739,2,778620,800,759480,-1
35167.819,1,783118,100,759100,-1
35167.836,1,783131,800,759280,-1
35168.015,2,777294,100,759300,-1
35168.303,1,783516,800,757820,1
35168.974,2,759554,100,759500,-1
35169.031,1,784168,200,759100,-1
35171.525,2,783516,800,757820,1
35171.528,2,783131,800,759280,-1
35171.597,1,786154,800,759100,-1
35171.661,1,786215,100,759100,-1
35171.83,2,731262,800,760800,-1
35171.834,1,786390,800,760100,-1
35171.862,2,783118,100,759100,-1
35171.874,2,731265,800,757700,1
35171.896,1,786445,800,757200,1
35171.995,1,786528,500,756710,1
35172.065,2,786154,800,759100,-1
35172.116,2,786215,100,759100,-1
35172.118,2,786528,500,756710,1
35172.139,1,786661,800,759280,-1
35172.167,2,784168,200,759100,-1
35172.213,2,786661,800,759280,-1
35172.236,1,786733,100,758600,-1
35172.295,1,786800,100,759100,-1
35172.602,1,787134,1000,759100,-1
35172.66,1,787183,800,759100,-1
35172.775,1,787311,100,759100,-1
35172.816,2,787183,800,759100,-1
35173.053,2,786800,100,759100,-1
35173.053,2,787311,100,759100,-1
35173.207,1,787699,800,757820,1
35173.363,1,787828,100,759100,-1
35173.57,2,787828,100,759100,-1
35173.98,1,788309,100,759200,-1
35175.674,4,786733,100,758600,-1
35176.667,2,787134,1000,759100,-1
35176.815,1,790162,800,759280,-1
35177.815,2,787699,800,757820,1
35177.819,2,790162,800,759280,-1
35177.915,1,790931,800,759380,-1
35178.462,1,791287,800,757920,1
35178.871,2,777597,50,758000,1
35178.873,2,776784,50,758000,1
35178.887,1,791627,50,757900,1
35178.985,2,791287,800,757920,1
35178.989,2,790931,800,759380,-1
35179.051,1,791783,500,757210,1
35179.058,1,791787,800,758120,1
35179.114,2,788309,100,759200,-1
35179.391,1,792082,50,758000,1
35179.536,1,792188,500,760090,-1
35179.558,1,792200,800,759580,-1
35179.693,5,790905,300,759000,-1
35179.826,2,791627,50,757900,1
35179.87,2,791783,500,757210,1
35179.906,1,792428,50,758100,1
35180.196,1,792586,500,757310,1
35180.539,2,791787,800,758120,1
35180.542,2,792200,800,759580,-1
35180.633,1,792866,50,758100,1
35180.682,1,792921,800,759680,-1
35180.685,2,792188,500,760090,-1
35180.736,2,792586,500,757310,1
35180.824,2,781485,500,759240,-1
35180.856,1,793089,250,759240,-1
35180.897,1,793129,500,757410,1
35180.961,2,792082,50,758000,1
35181.055,2,780896,250,757040,1
35181.151,2,793089,250,759240,-1
35181.153,1,793378,250,757440,1
35181.2,2,786390,800,760100,-1
35181.213,1,793438,500,759640,-1
35181.218,1,793447,800,760500,-1
35181.393,1,793622,800,758220,1
35182.005,2,793622,800,758220,1
35182.006,2,792921,800,759680,-1
35182.094,1,794440,800,758320,1
35182.266,1,794600,500,760190,-1
35182.288,2,793378,250,757440,1
35182.29,2,793438,500,759640,-1
35182.321,1,794638,250,757040,1
35182.324,1,794641,250,759240,-1
35182.629,1,794921,800,759780,-1
35182.814,2,794638,250,757040,1
35182.816,2,794641,250,759240,-1
35182.864,1,795210,250,757440,1
35182.865,1,795213,500,759640,-1
35183.634,2,794440,800,758320,1
35183.638,2,794921,800,759780,-1
35183.726,1,795975,800,759880,-1
35184.27,1,796391,800,758420,1
35186.588,2,795210,250,757440,1
35186.591,2,795213,500,759640,-1
35186.621,1,797826,250,757040,1
35186.624,1,797828,250,759240,-1
35188.702,2,797828,250,759240,-1
35188.735,1,799372,500,759240,-1
35189.667,2,796391,800,758420,1
35189.668,2,795975,800,759880,-1
35189.765,1,800030,50,758200,1
35189.772,1,800039,800,758320,1
35189.876,2,792866,50,758100,1
35190.24,1,800317,50,758200,1
35190.316,1,800359,800,759780,-1
35190.395,2,792428,50,758100,1
35191.8,2,799372,500,759240,-1
35191.832,1,801149,250,759240,-1
35192.234,2,800039,800,758320,1
35192.244,2,800359,800,759780,-1
35192.312,2,800030,50,758200,1
35192.315,2,800317,50,758200,1
35192.332,1,801551,50,757900,1
35192.35,2,793129,500,757410,1
35192.361,2,794600,500,760190,-1
35192.394,1,801603,800,759580,-1
35192.481,1,801695,500,759990,-1
35192.724,1,801922,800,758120,1
35192.807,1,801985,100,759200,-1
35192.861,1,802043,500,757210,1
35192.967,2,802043,500,757210,1
35193.256,2,801149,250,759240,-1
35193.288,1,802288,500,759240,-1
35193.343,1,802334,50,757900,1
35193.385,1,802362,500,757310,1
35193.468,2,802362,500,757310,1
35193.937,1,802730,500,757210,1
35195.026,2,801985,100,759200,-1
35195.149,1,803698,50,758000,1
35195.398,2,801551,50,757900,1
35195.673,1,804007,100,759300,-1
35196.254,1,804324,50,758000,1
35196.447,2,802730,500,757210,1
35196.654,2,802334,50,757900,1
35196.776,1,804630,500,757310,1
35197.369,2,801922,800,758120,1
35197.379,2,801603,800,759580,-1
35197.471,1,805020,800,758220,1
35198.254,2,793447,800,760500,-1
35198.259,1,805432,800,760200,-1
35200.407,2,804630,500,757310,1
35200.516,1,806432,500,757210,1
35200.576,2,806432,500,757210,1
35201.062,1,806681,500,757310,1
35203.02,5,807418,100,758990,-1
35204.358,2,805020,800,758220,1
35204.366,2,806681,500,757310,1
35204.371,2,801695,500,759990,-1
35204.414,1,808384,800,758520,1
35204.438,1,808405,500,757510,1
35204.475,1,808431,50,758200,1
35204.477,2,804007,100,759300,-1
35204.917,1,808780,500,760190,-1
35204.939,1,808792,800,759980,-1
35204.946,2,803698,50,758000,1
35205.093,1,808879,50,758300,1
35205.622,2,804324,50,758000,1
35205.657,1,809241,50,758300,1
35206.063,2,808431,50,758200,1
35206.403,2,805432,800,760200,-1
35206.411,1,809707,800,760500,-1
35207.802,2,808384,800,758520,1
35207.807,2,808792,800,759980,-1
35207.911,1,810519,800,758420,1
35208.236,2,808405,500,757510,1
35208.238,2,808780,500,760190,-1
35208.339,1,810743,500,760290,-1
35208.455,1,810828,800,759880,-1
35208.894,1,811083,500,757510,1
35208.898,2,810743,500,760290,-1
35213.057,2,811083,500,757510,1
35213.276,1,813216,500,757610,1
35215.798,2,809241,50,758300,1
35215.798,1,814542,50,758000,1
35215.802,2,808879,50,758300,1
35216.343,1,814791,50,758000,1
35216.993,1,815204,50,758300,1
35217.158,2,814542,50,758000,1
35217.515,1,815521,50,758300,1
35217.589,2,813216,500,757610,1
35217.613,2,810519,800,758420,1
35217.614,2,810828,800,759880,-1
35217.651,2,814791,50,758000,1
35217.662,1,815630,800,758620,1
35217.698,1,815664,500,760390,-1
35218.012,1,815916,50,758500,1
35218.143,1,815995,800,760080,-1
35218.202,2,815204,50,758300,1
35218.471,4,802288,500,759240,-1
35218.547,2,809707,800,760500,-1
35218.55,2,786445,800,757200,1
35218.572,1,816311,800,761100,-1
35218.576,1,816316,800,758000,1
35218.578,1,816320,50,758500,1
35218.596,1,816337,500,759240,-1
35218.795,2,815521,50,758300,1
35218.829,2,797826,250,757040,1
35218.83,2,816337,500,759240,-1
35218.945,1,816609,250,757680,1
35218.947,1,816613,250,759240,-1
35219.064,2,815630,800,758620,1
35219.072,2,815995,800,760080,-1
35219.173,2,816320,50,758500,1
35219.175,2,815916,50,758500,1
35219.175,1,816793,50,758300,1
35219.189,1,816810,800,758420,1
35219.201,2,815664,500,760390,-1
35219.221,1,816843,500,760190,-1
35219.713,1,817225,800,759880,-1
35219.751,1,817275,50,758300,1
35220.012,4,816613,250,759240,-1
35220.1,1,817549,250,759240,-1
35220.388,2,816609,250,757680,1
35220.391,2,817549,250,759240,-1
35220.644,2,816843,500,760190,-1
35220.726,1,817939,375,757680,1
35220.728,1,817942,250,759240,-1
35220.753,4,817942,250,759240,-1
35220.845,1,818014,250,759240,-1
35221.159,2,817939,375,757680,1
35221.16,2,818014,250,759240,-1
35221.203,1,818222,500,757680,1
35221.206,1,818225,250,759640,-1
35221.294,1,818286,500,760290,-1
35222.081,2,818286,500,760290,-1
35222.269,2,818222,500,757680,1
35222.271,2,818225,250,759640,-1
35222.304,1,818948,500,758080,1
35222.307,1,818951,250,760040,-1
35229.19,2,816810,800,758420,1
35229.344,1,823146,800,758420,1
35229.709,2,817225,800,759880,-1
35229.777,1,823367,500,760290,-1
35229.908,1,823426,800,759880,-1
35232.058,1,824383,50,758400,1
35232.061,2,816793,50,758300,1
35232.635,2,817275,50,758300,1
35232.635,1,824654,50,758400,1
35232.841,2,823367,500,760290,-1
35237.242,2,824383,50,758400,1
35237.243,2,824654,50,758400,1
35237.421,1,826908,50,758400,1
35237.984,1,827302,50,758400,1
35238.449,2,826908,50,758400,1
