34202.638,2,140392,500,766500,1
34207.018,1,155013,3000,766700,1
34210.475,2,155013,3000,766700,1
34215.601,2,140855,200,766600,1
34217.338,2,136747,300,759500,1
34219.155,1,161231,1000,771000,1
34226.12,2,161231,1000,771000,1
34227.804,2,141218,1000,773000,-1
34232.944,1,166304,1000,774500,-1
34233.697,1,166530,300,761300,1
34236.195,2,166530,300,761300,1
34268.757,1,180918,300,757500,1
34271.757,1,182565,1000,772100,1
34272.904,5,182570,200,772150,1
34272.904,4,182565,300,772100,1
34273.001,2,180918,300,757500,1
34278.116,1,185604,200,772200,-1
34280.475,4,182565,500,772100,1
34280.677,2,185604,200,772200,-1
34282.15,1,188065,100,770200,1
34303.125,2,166304,1000,774500,-1
34310.557,1,200181,1000,769100,1
34326.731,1,207377,1000,771200,1
34330.19,2,207377,1000,771200,1
34330.646,1,209185,1000,771200,1
34334.824,2,209185,1000,771200,1
34370.999,1,228056,300,762200,1
34424.417,4,182565,200,772100,1
34424.417,1,257284,300,772100,-1
34424.545,2,257284,300,772100,-1
34425.593,1,258092,2000,772100,-1
34430.756,2,258092,2000,772100,-1
34436.169,1,264608,2000,771700,-1
34440.776,1,267378,400,771300,-1
34447.76,2,264608,2000,771700,-1
34447.768,1,271480,1000,770000,1
34448.228,2,271480,1000,770000,1
34461.386,2,200181,1000,769100,1
34465.859,1,281976,500,770410,1
34469.6,2,267378,400,771300,-1
34490.946,1,296910,1,100,1
34497.443,2,296910,1,100,1
34497.73,1,301589,400,771170,1
34498.223,4,301589,100,771170,1
34499.835,2,281976,500,770410,1
34503.208,1,304775,1,9999900,-1
34504.528,2,304775,1,9999900,-1
34504.531,2,301589,300,771170,1
34504.754,1,305599,400,9999990,-1
34504.757,1,305601,400,771170,1
34505.231,2,305599,400,9999990,-1
34505.493,1,306010,400,9999990,-1
34508.559,1,308320,1000,771400,1
34508.646,2,308320,1000,771400,1
34508.741,1,308451,100,771300,-1
34508.772,2,308451,100,771300,-1
34509.242,2,306010,400,9999990,-1
34509.245,2,305601,400,771170,1
34509.509,1,309010,400,9999990,-1
34509.511,1,309013,400,770770,1
34516.053,2,228056,300,762200,1
34516.429,2,119204,300,777900,-1
34523.736,2,309010,400,9999990,-1
34523.918,1,316660,400,9999990,-1
34527.797,1,319071,1000,771400,1
34527.941,2,316660,400,9999990,-1
34528.099,1,319220,400,9999990,-1
34530.14,2,319071,1000,771400,1
34530.308,2,319220,400,9999990,-1
34530.823,1,320480,400,9999990,-1
34530.871,2,309013,400,770770,1
34531.175,1,320674,400,100,1
34534.13,1,322835,1000,771400,1
34534.733,2,322835,1000,771400,1
34538.8,2,320674,400,100,1
34539.073,1,325349,400,100,1
34547.555,2,320480,400,9999990,-1
34547.825,1,329295,400,9999990,-1
34554.898,2,329295,400,9999990,-1
34555.163,1,333067,1800,772530,-1
34561.195,5,337225,500,772050,-1
34561.536,2,325349,400,100,1
34561.54,2,333067,1800,772530,-1
34561.892,1,337639,400,100,1
34561.901,1,337647,1800,772530,-1
34564.467,2,337639,400,100,1
34564.693,1,339539,400,100,1
34565.976,2,337647,1800,772530,-1
34566.144,1,340669,1800,772530,-1
34566.358,5,340675,200,772510,-1
34566.358,4,340669,300,772530,-1
34567.881,2,340669,1500,772530,-1
34567.886,2,339539,400,100,1
34568.166,1,342085,1300,9999990,-1
34568.17,1,342087,1600,100,1
34569.435,2,342085,1300,9999990,-1
34569.438,2,342087,1600,100,1
34569.765,1,343164,400,9999990,-1
34569.768,1,343169,1600,771870,1
34569.942,1,343295,1000,772000,1
34570.07,1,343384,3000,771600,1
34570.424,2,343295,1000,772000,1
34571.487,2,343169,1600,771870,1
34571.778,1,344549,1600,771870,1
34572.566,2,344549,1600,771870,1
34572.869,1,345320,1600,771870,1
34575.29,1,346927,1000,772000,1
34575.395,2,343164,400,9999990,-1
34575.691,1,347124,400,9999990,-1
34575.698,1,347130,700,772100,1
34576.081,2,346927,1000,772000,1
34577.317,1,348257,1000,772500,1
34578.638,2,347130,700,772100,1
34580.948,2,347124,400,9999990,-1
34581.224,1,351162,400,9999990,-1
34582.992,2,351162,400,9999990,-1
34582.996,2,345320,1600,771870,1
34583.199,1,352369,1800,773930,-1
34583.203,1,352373,400,100,1
34584.051,2,352369,1800,773930,-1
34584.348,1,353175,1800,773930,-1
34584.513,2,348257,1000,772500,1
34585.133,1,353663,1000,772900,1
34587.176,2,353175,1800,773930,-1
34587.179,2,352373,400,100,1
34587.458,1,355087,400,9999990,-1
34587.462,1,355089,500,772470,1
34590.281,2,355087,400,9999990,-1
34592.273,1,357469,1000,772600,1
34592.469,2,357469,1000,772600,1
34594.245,1,359155,400,9999990,-1
34594.507,2,359155,400,9999990,-1
34594.795,1,359540,400,9999990,-1
34595.332,2,359540,400,9999990,-1
34595.334,2,355089,500,772470,1
34595.628,1,360140,400,9999990,-1
34595.635,1,360148,400,100,1
34598.099,1,362146,1000,772600,1
34599.234,2,362146,1000,772600,1
34602.163,5,360155,200,772950,1
34603.801,2,360140,400,9999990,-1
34604.073,1,367107,400,9999990,-1
34608.189,2,367107,400,9999990,-1
34608.49,1,370515,400,9999990,-1
34610.121,2,370515,400,9999990,-1
34610.125,2,360148,400,100,1
34610.413,1,371830,400,9999990,-1
34610.419,1,371837,400,100,1
34616.161,2,353663,1000,772900,1
34616.327,2,343384,3000,771600,1
34620.149,1,377897,1000,772800,1
34623.022,2,371837,400,100,1
34623.501,1,380306,200,772500,1
34623.697,2,371830,400,9999990,-1
34623.999,1,380657,400,100,1
34624.186,1,380829,400,9999990,-1
34630.324,1,385931,600,775800,-1
34630.371,1,385959,1000,771800,1
34640.135,1,392160,1000,773000,1
34641.736,2,385959,1000,771800,1
34641.739,1,393166,1000,772200,1
34642.286,2,380657,400,100,1
34642.594,1,393642,700,772870,1
34643.392,2,392160,1000,773000,1
34643.512,2,380829,400,9999990,-1
34643.516,2,393642,700,772870,1
34643.727,1,394429,400,9999990,-1
34643.937,2,385931,600,775800,-1
34643.953,1,394637,900,777200,-1
34644.053,1,394728,500,772870,1
34644.518,1,395069,1000,773000,1
34645.371,2,377897,1000,772800,1
34647.736,2,393166,1000,772200,1
34647.739,1,397222,1000,772800,1
34648.181,2,395069,1000,773000,1
34650.5,2,394429,400,9999990,-1
34650.834,1,399607,400,9999990,-1
34651.713,2,397222,1000,772800,1
34651.723,1,400256,1000,772600,1
34652.741,2,380306,200,772500,1
34652.759,1,400943,100,773400,1
34657.691,2,399607,400,9999990,-1
34657.861,1,405338,400,9999990,-1
34658.233,2,400943,100,773400,1
34660.276,1,406859,800,773400,-1
34662.742,2,400256,1000,772600,1
34662.76,1,408318,1000,772200,1
34665.648,4,406859,300,773400,-1
34665.97,4,406859,500,773400,-1
34665.97,1,410482,500,773400,1
34667.909,2,410482,500,773400,1
34668.972,2,394728,500,772870,1
34669.244,1,412352,500,773470,1
34673.054,2,394637,900,777200,-1
34673.055,2,408318,1000,772200,1
34673.068,1,414499,600,775800,-1
34673.069,1,414503,1000,771700,1
34674.196,2,412352,500,773470,1
34674.484,1,415340,400,100,1
34677.077,1,416674,1000,773100,1
34678.352,1,417474,700,773700,-1
34679.428,2,415340,400,100,1
34679.708,1,418439,500,773270,1
34681.247,2,414499,600,775800,-1
34681.248,2,414503,1000,771700,1
34681.262,1,419534,600,774900,-1
34681.263,1,419537,1000,770700,1
34682.935,4,418439,500,773270,1
34683.441,1,421372,100,772270,1
34683.621,2,417474,700,773700,-1
34684.993,2,421372,100,772270,1
34684.997,2,405338,400,9999990,-1
34685.204,1,422826,400,100,1
34685.208,1,422830,400,9999990,-1
34685.438,2,416674,1000,773100,1
34687.751,2,422830,400,9999990,-1
34687.925,1,424989,500,773830,-1
34688.899,2,419534,600,774900,-1
34688.925,1,425854,600,774500,-1
34689.865,1,426645,1000,773500,-1
34690.173,2,422826,400,100,1
34690.471,1,427182,400,100,1
34690.576,1,427254,700,773700,-1
34693.124,1,429566,400,774000,-1
34693.171,1,429607,700,773400,-1
34694.325,2,424989,500,773830,-1
34694.33,2,427182,400,100,1
34694.61,1,430851,400,773230,-1
34694.613,1,430852,800,772870,1
34694.646,4,430852,300,772870,1
34697.616,2,430852,500,772870,1
34697.933,1,433156,400,100,1
34701.939,2,433156,400,100,1
34702.081,2,429566,400,774000,-1
34702.246,1,436235,400,100,1
34707.425,2,436235,400,100,1
34707.61,1,439840,1800,772370,1
34709.347,2,425854,600,774500,-1
34709.362,1,440800,600,775300,-1
34710.992,2,426645,1000,773500,-1
34711.211,1,442107,1000,772500,1
34711.374,2,442107,1000,772500,1
34711.869,1,442549,400,772200,1
34711.924,2,419537,1000,770700,1
34711.926,1,442586,1000,771300,1
34716.203,2,429607,700,773400,-1
34716.206,2,427254,700,773700,-1
34716.418,2,430851,400,773230,-1
34716.421,2,439840,1800,772370,1
34716.744,1,445966,500,773010,-1
34716.748,1,445971,1800,772370,1
34717.362,2,442549,400,772200,1
34717.392,1,446426,300,772600,1
34717.89,2,442586,1000,771300,1
34717.903,1,446716,1000,771900,1
34720.635,2,446716,1000,771900,1
34720.638,1,448831,1000,771600,1
34720.641,5,446445,300,772640,1
34721.753,2,445971,1800,772370,1
34722.174,1,449794,1800,772370,1
34723.076,2,445966,500,773010,-1
34725.176,2,449794,1800,772370,1
34725.468,1,451593,1800,772370,1
34726.175,2,451593,1800,772370,1
34726.344,1,452011,1800,772370,1
34727.549,5,450309,300,772650,1
34727.862,4,446426,300,772600,1
34728.78,2,452011,1800,772370,1
34729.099,1,454115,1800,772370,1
34729.594,2,454115,1800,772370,1
34729.905,1,454589,1800,772370,1
34733.736,2,454589,1800,772370,1
34734.028,1,456660,1700,772370,1
34734.89,1,456980,200,772610,-1
34735.828,2,456660,1700,772370,1
34736.129,1,457518,1600,772370,1
34736.946,2,456980,200,772610,-1
34738.223,2,457518,1600,772370,1
34738.536,1,458477,400,100,1
34741.93,2,458477,400,100,1
34742.154,1,460985,400,100,1
34742.627,2,460985,400,100,1
34742.903,1,461538,400,100,1
34745.021,2,448831,1000,771600,1
34745.024,1,463095,1000,771300,1
34748.093,1,465242,400,772600,-1
34751.145,2,461538,400,100,1
34751.446,1,467635,500,772070,1
34752.574,2,463095,1000,771300,1
34752.596,1,468820,1000,770600,1
34753.188,1,469387,400,772300,-1
34753.702,4,467635,500,772070,1
34754.064,1,470023,100,771070,1
34754.156,2,440800,600,775300,-1
34754.164,1,470100,600,774400,-1
34756.788,2,469387,400,772300,-1
34757.243,2,468820,1000,770600,1
34757.251,1,472289,1000,770300,1
34757.94,1,472873,800,770720,1
34758.064,2,470023,100,771070,1
34758.329,1,473089,400,100,1
34758.497,1,473204,800,772780,-1
34759.041,1,473532,400,772300,-1
34762.079,2,472873,800,770720,1
34762.085,2,473204,800,772780,-1
34762.1,1,476052,800,770920,1
34762.606,1,476434,800,772980,-1
34764.106,2,473532,400,772300,-1
34767.031,2,465242,400,772600,-1
34770.216,2,473089,400,100,1
34770.432,1,481758,400,100,1
34770.523,2,476052,800,770920,1
34770.525,2,476434,800,772980,-1
34770.638,1,481878,800,770820,1
34771.188,1,482188,800,772880,-1
34775.651,2,481878,800,770820,1
34775.653,2,482188,800,772880,-1
34775.769,1,484770,800,770620,1
34776.111,1,484995,800,772680,-1
34776.941,2,472289,1000,770300,1
34776.955,1,485576,1000,769900,1
34777.582,2,484770,800,770620,1
34777.585,2,484995,800,772680,-1
34777.606,1,485997,800,770820,1
34777.89,2,485997,800,770820,1
34778.105,1,486371,800,770620,1
34778.685,1,486695,800,772680,-1
34779.766,1,487454,500,771410,1
34780.258,1,487759,400,771000,1
34783.81,4,487454,400,771410,1
34783.822,2,486371,800,770620,1
34783.827,2,486695,800,772680,-1
34783.833,1,490280,800,772380,-1
34783.93,4,487454,100,771410,1
34784.333,1,490632,800,770320,1
34785.231,2,487759,400,771000,1
34786.2,2,490632,800,770320,1
34786.202,2,490280,800,772380,-1
34786.33,1,492264,800,772480,-1
34786.912,1,492683,800,770420,1
34787.848,2,492683,800,770420,1
34787.853,2,492264,800,772480,-1
34787.937,1,493352,800,772180,-1
34788.276,2,493352,800,772180,-1
34788.424,1,493698,800,772480,-1
34788.92,2,470100,600,774400,-1
34788.938,1,494129,600,773500,-1
34789.021,1,494207,800,770420,1
34791.562,2,481758,400,100,1
34791.607,2,485576,1000,769900,1
34791.61,1,495946,1000,769800,1
34791.972,2,494207,800,770420,1
34791.976,2,493698,800,772480,-1
34792.104,1,496250,400,100,1
34792.127,1,496274,800,770620,1
34792.203,5,486383,300,770670,1
34792.203,4,496274,200,770620,1
34792.401,2,496274,600,770620,1
34792.738,1,496663,200,771880,-1
34792.851,1,496754,100,770200,1
34793.501,1,497177,200,771580,-1
34793.503,2,496663,200,771880,-1
34794.029,1,497571,200,771480,-1
34794.234,2,497177,200,771580,-1
34794.607,1,497863,800,770120,1
34795.253,1,498267,200,771380,-1
34795.317,2,497863,800,770120,1
34795.325,2,497571,200,771480,-1
34795.757,1,498594,800,770020,1
34796.34,1,498903,200,771280,-1
34796.344,2,498267,200,771380,-1
34797.275,1,499447,300,771380,-1
34797.887,2,498594,800,770020,1
34797.997,1,499876,800,769920,1
34798.411,2,499447,300,771380,-1
34799.468,1,500866,200,771180,-1
34799.569,2,498903,200,771280,-1
34800.354,2,499876,800,769920,1
34800.39,1,501470,800,769820,1
34801.409,1,502088,200,771080,-1
34801.411,2,500866,200,771180,-1
34801.527,4,188065,100,770200,1
34801.527,4,496754,100,770200,1
34801.527,1,502151,300,770000,-1
34801.531,4,502151,300,770000,-1
34801.985,2,495946,1000,769800,1
34801.988,1,502474,1000,769600,1
34802.411,2,501470,800,769820,1
34802.516,1,502806,800,769720,1
34803.762,1,503708,200,770980,-1
34803.764,2,502088,200,771080,-1
34805.162,2,502806,800,769720,1
34805.169,1,504547,800,769620,1
34806.398,1,505227,200,770880,-1
34806.4,2,503708,200,770980,-1
34807.656,2,504547,800,769620,1
34807.747,1,506094,800,769520,1
34808.019,2,496250,400,100,1
34808.743,1,506900,400,770700,-1
34809.001,2,502474,1000,769600,1
34809.016,1,507089,1000,769900,1
34809.778,2,507089,1000,769900,1
34809.781,1,507570,1000,769700,1
34809.935,2,506094,800,769520,1
34809.938,1,507704,200,770580,-1
34810.035,2,505227,200,770880,-1
34810.49,1,508087,800,769320,1
34811.407,2,506900,400,770700,-1
34811.523,2,508087,800,769320,1
34811.526,2,507704,200,770580,-1
34811.554,1,508832,200,770880,-1
34812.153,1,509269,800,769520,1
34816.704,2,509269,800,769520,1
34816.809,1,512784,800,769620,1
34818.899,2,507570,1000,769700,1
34818.912,1,514199,1000,769900,1
34818.964,2,512784,800,769620,1
34819.089,1,514298,800,769520,1
34819.825,2,514199,1000,769900,1
34819.828,1,514789,1000,769700,1
34821.559,2,508832,200,770880,-1
34821.681,1,516049,200,770880,-1
34822.251,1,516563,200,770780,-1
34822.322,2,516049,200,770880,-1
34823.838,2,514298,800,769520,1
34823.842,1,517866,200,770580,-1
34824.007,2,516563,200,770780,-1
34824.312,1,518306,800,769320,1
34824.486,2,518306,800,769320,1
34824.921,1,518821,800,769220,1
34825.651,2,514789,1000,769700,1
34825.654,1,519332,1000,770000,1
34827.705,2,519332,1000,770000,1
34827.709,1,520790,1000,769600,1
34828.371,2,518821,800,769220,1
34828.379,1,521388,200,770380,-1
34828.498,2,517866,200,770580,-1
34828.898,1,521831,800,769020,1
34834.801,2,520790,1000,769600,1
34834.804,1,526518,1000,769400,1
34834.807,5,519091,500,770100,1
34836.425,2,521831,800,769020,1
34836.818,1,528078,200,770180,-1
34836.821,2,521388,200,770380,-1
34837.205,2,528078,200,770180,-1
34837.239,1,528433,200,770580,-1
34837.388,2,528433,200,770580,-1
34837.885,1,528965,200,770180,-1
34838.02,2,528965,200,770180,-1
34838.427,1,529362,200,770380,-1
34838.495,4,529362,100,770380,-1
34838.496,2,529362,100,770380,-1
34839.101,1,529839,100,770180,-1
34839.278,2,529839,100,770180,-1
34839.687,1,530229,100,770180,-1
34840.185,1,530597,800,768920,1
34840.365,2,530597,800,768920,1
34840.371,2,530229,100,770180,-1
34840.75,1,530986,100,770480,-1
34841.249,1,531321,800,769120,1
34841.978,2,531321,800,769120,1
34842.065,1,531832,800,769220,1
34846.05,5,530990,100,770430,-1
34846.977,2,530986,100,770480,-1
34847.075,1,534416,100,770580,-1
34847.163,2,531832,800,769220,1
34847.193,2,534416,100,770580,-1
34847.647,1,534742,100,770780,-1
34848.143,1,535037,100,770580,-1
34848.145,2,534742,100,770780,-1
34848.256,1,535102,1000,770200,1
34848.808,1,535412,800,769220,1
34849.23,2,535102,1000,770200,1
34849.986,2,535412,800,769220,1
34849.995,1,536228,100,770380,-1
34850.013,2,535037,100,770580,-1
34850.496,1,536541,800,769020,1
34851.934,2,526518,1000,769400,1
34851.951,1,537479,1000,769100,1
34852.945,2,536541,800,769020,1
34852.951,1,538315,100,770080,-1
34853.247,2,536228,100,770380,-1
34853.395,2,537479,1000,769100,1
34853.407,1,538715,1000,768700,1
34853.494,1,538772,800,768820,1
34853.789,2,538772,800,768820,1
34853.796,2,538315,100,770080,-1
34854.038,1,539168,100,770380,-1
34854.71,1,539577,800,769020,1
34854.923,2,494129,600,773500,-1
34854.935,1,539724,600,772400,-1
34857.271,2,539577,800,769020,1
34857.276,2,539168,100,770380,-1
34857.284,1,541268,100,770580,-1
34857.901,1,541780,800,769320,1
34858.898,2,541268,100,770580,-1
34859.01,1,542535,100,770680,-1
34859.076,1,542572,100,770400,1
34860.533,2,541780,800,769320,1
34860.602,4,542572,100,770400,1
34860.661,1,543616,800,769420,1
34860.743,2,543616,800,769420,1
34861.294,1,544171,100,770580,-1
34861.319,2,542535,100,770680,-1
34861.738,2,544171,100,770580,-1
34861.874,1,544573,100,770680,-1
34862.484,1,545017,800,769420,1
34863.558,2,545017,800,769420,1
34863.561,1,545788,100,770580,-1
34863.585,2,544573,100,770680,-1
34864.068,1,546226,100,770480,-1
34864.185,2,545788,100,770580,-1
34864.567,1,546578,800,769120,1
34870.481,2,546578,800,769120,1
34870.565,1,550148,800,769220,1
34871.718,2,550148,800,769220,1
34871.726,2,546226,100,770480,-1
34871.763,1,550857,100,770680,-1
34872.319,1,551221,800,769420,1
34874.205,2,550857,100,770680,-1
34874.314,1,552367,100,770780,-1
34874.539,1,552555,500,770210,1
34876.294,1,553847,400,770310,1
34876.818,2,551221,800,769420,1
34876.824,2,552367,100,770780,-1
34876.841,1,554333,100,770980,-1
34877.49,1,554755,800,769620,1
34878.177,1,555252,200,769800,1
34879.454,2,539724,600,772400,-1
34879.455,2,538715,1000,768700,1
34879.47,1,556112,900,773600,-1
34879.472,1,556114,1000,769400,1
34879.667,2,554755,800,769620,1
34879.676,1,556286,100,770680,-1
34879.863,2,554333,100,770980,-1
34879.866,2,556286,100,770680,-1
34880.121,1,556632,100,770980,-1
34881.348,1,557585,100,770680,-1
34881.36,2,556632,100,770980,-1
34881.823,2,557585,100,770680,-1
34881.861,1,558066,100,770980,-1
34882.456,1,558625,100,770680,-1
34882.582,2,558066,100,770980,-1
34883.034,4,558625,100,770680,-1
34883.192,1,559206,800,771480,-1
34893.224,2,559206,800,771480,-1
34893.428,1,565910,800,771580,-1
34893.943,1,566328,200,770500,1
34894.181,2,556114,1000,769400,1
34894.186,1,566553,1000,769700,1
34894.356,1,566669,600,773200,-1
34894.36,1,566674,600,768000,1
34895.068,2,565910,800,771580,-1
34895.073,1,567168,800,771780,-1
34895.178,2,567168,800,771780,-1
34895.276,2,566553,1000,769700,1
34895.28,1,567356,1000,769500,1
34895.549,1,567484,800,771880,-1
34895.621,5,567468,200,770550,1
34895.639,5,567468,200,770550,1
34895.663,5,567468,100,770550,1
34895.814,2,567484,800,771880,-1
34895.894,1,567778,100,772600,-1
34896.14,1,567931,800,771580,-1
34896.462,1,568128,1000,770780,1
34896.482,2,567931,800,771580,-1
34896.543,1,568189,1000,770600,1
34896.747,2,568189,1000,770600,1
34896.803,1,568399,800,771680,-1
34898.595,2,568399,800,771680,-1
34898.632,1,569439,800,771980,-1
34899.204,1,569811,200,770880,1
34902.571,2,569811,200,770880,1
34902.572,2,566328,200,770500,1
34902.574,2,553847,400,770310,1
34902.686,1,571921,800,769920,1
34903.671,1,572421,1000,770600,1
34904.608,1,572936,100,770900,-1
34905.678,2,571921,800,769920,1
34905.683,2,569439,800,771980,-1
34905.703,1,573485,800,771780,-1
34906.096,2,573485,800,771780,-1
34906.244,1,573863,800,771980,-1
34906.46,2,572421,1000,770600,1
34906.778,1,574201,800,769920,1
34909.171,4,572936,100,770900,-1
34909.2,5,575536,100,770850,1
34913.977,1,578520,1000,770800,1
34916.127,2,574201,800,769920,1
34916.13,2,573863,800,771980,-1
34916.136,1,580401,800,772180,-1
34916.824,2,580401,800,772180,-1
34916.888,1,581080,800,771980,-1
34917.229,2,566669,600,773200,-1
34917.241,1,581356,400,772700,-1
34923.842,2,568128,1000,770780,1
34923.981,1,586214,800,769920,1
34924.529,1,586585,200,770900,1
34924.648,2,586214,800,769920,1
34924.65,2,581080,800,771980,-1
34924.753,1,586714,800,772080,-1
34924.951,2,578520,1000,770800,1
34925.337,1,587079,800,770020,1
34926.272,2,587079,800,770020,1
34926.283,2,586714,800,772080,-1
34926.291,1,587773,800,771780,-1
34927.002,2,587773,800,771780,-1
34927.091,1,588603,800,771880,-1
34927.638,1,589101,800,769820,1
34927.694,2,566674,600,768000,1
34927.712,1,589175,600,767000,1
34927.829,2,581356,400,772700,-1
34927.864,1,589339,400,772000,-1
34929.492,2,589101,800,769820,1
34929.498,2,588603,800,771880,-1
34929.667,1,590960,800,771980,-1
34929.908,2,586585,200,770900,1
34930.089,2,556112,900,773600,-1
34930.094,1,591367,600,773100,-1
34930.142,1,591408,800,769920,1
34930.495,2,591408,800,769920,1
34930.497,2,590960,800,771980,-1
34930.649,1,591876,800,772080,-1
34931.188,1,592206,800,770020,1
34931.887,2,592206,800,770020,1
34931.889,2,591876,800,772080,-1
34932.006,1,592840,800,771880,-1
34932.237,2,592840,800,771880,-1
34932.556,1,593301,800,771980,-1
34932.686,2,589339,400,772000,-1
34932.707,1,593414,400,771900,-1
34933.17,1,593889,800,769920,1
34933.791,2,567356,1000,769500,1
34933.81,1,594458,1000,768900,1
34934.105,2,593889,800,769920,1
34934.11,2,593301,800,771980,-1
34934.329,1,594958,800,772080,-1
34934.796,1,595404,800,770020,1
34934.949,2,593414,400,771900,-1
34934.953,1,595539,400,772000,-1
34935.038,1,595609,700,772000,-1
34936.256,2,595609,700,772000,-1
34936.543,2,591367,600,773100,-1
34936.641,1,596956,600,772500,-1
34937.054,2,595404,800,770020,1
34937.056,2,594958,800,772080,-1
34937.189,1,597438,800,772180,-1
34937.508,2,596956,600,772500,-1
34937.512,1,597658,600,772700,-1
34937.731,1,597805,800,770120,1
34938.549,2,597805,800,770120,1
34938.551,2,597438,800,772180,-1
34938.646,1,598518,800,772380,-1
34939.087,1,598850,800,770320,1
34939.326,1,599007,700,772000,-1
34940.013,2,598850,800,770320,1
34940.015,2,598518,800,772380,-1
34940.1,1,599572,800,772480,-1
34940.664,1,599935,800,770420,1
34941.148,2,599007,700,772000,-1
34943.208,2,599935,800,770420,1
34943.212,2,599572,800,772480,-1
34943.224,1,601793,800,772180,-1
34943.379,2,601793,800,772180,-1
34943.743,1,602178,800,772280,-1
34944.334,1,602554,800,770220,1
34944.844,2,595539,400,772000,-1
34944.862,1,602902,400,772200,-1
34948.703,2,602902,400,772200,-1
34948.707,1,604999,400,771900,-1
34948.951,2,602554,800,770220,1
34948.957,2,602178,800,772280,-1
34948.965,1,605209,800,772080,-1
34949.297,2,605209,800,772080,-1
34949.517,1,605551,800,772280,-1
34950.093,2,605551,800,772280,-1
34950.097,1,605910,800,772380,-1
34950.394,2,604999,400,771900,-1
34950.401,1,606097,400,772000,-1
34950.667,1,606263,800,770320,1
34950.96,1,606470,700,771800,-1
34952.03,2,606263,800,770320,1
34952.04,2,605910,800,772380,-1
34952.044,1,607119,800,770520,1
34952.609,1,607511,800,772580,-1
34953.367,2,606470,700,771800,-1
34954.975,2,606097,400,772000,-1
34954.991,1,609267,400,772200,-1
34956.854,2,607119,800,770520,1
34956.856,2,607511,800,772580,-1
34956.868,1,610556,800,772380,-1
34957.034,2,597658,600,772700,-1
34957.037,1,610689,600,773000,-1
34957.363,2,610556,800,772380,-1
34957.473,2,609267,400,772200,-1
34957.482,1,611031,400,772400,-1
34957.491,1,611041,200,772000,-1
34957.496,1,611044,800,772580,-1
34958.059,1,611430,800,770520,1
34959.536,2,611430,800,770520,1
34959.539,2,611044,800,772580,-1
34959.635,1,612565,700,771800,-1
34959.674,1,612604,800,770620,1
34959.737,2,612604,800,770620,1
34960.174,1,613010,800,770720,1
34960.5,2,610689,600,773000,-1
34960.516,1,613275,600,773500,-1
34960.566,2,612565,700,771800,-1
34960.869,2,611041,200,772000,-1
34960.953,1,613714,800,772780,-1
34962.065,2,555252,200,769800,1
34962.11,1,614620,400,770900,1
34962.205,2,594458,1000,768900,1
34962.243,1,614729,1000,769700,1
34962.349,2,613275,600,773500,-1
34962.362,1,614828,900,774100,-1
34963.007,1,615400,500,771510,1
34963.381,2,611031,400,772400,-1
34963.393,1,615766,400,772600,-1
34963.49,1,615853,300,771900,-1
34966.121,2,615853,300,771900,-1
34966.514,2,613010,800,770720,1
34966.517,2,613714,800,772780,-1
34966.527,1,618253,800,772580,-1
34967.006,1,618641,800,770520,1
34967.649,2,614729,1000,769700,1
34967.658,1,619121,1000,770200,1
34971.237,2,618641,800,770520,1
34971.238,2,618253,800,772580,-1
34971.341,1,621468,800,772680,-1
34971.906,1,621832,800,770620,1
34972.315,2,621832,800,770620,1
34972.321,2,621468,800,772680,-1
34972.464,1,622202,800,770820,1
34972.996,1,622520,800,772880,-1
34974.49,2,622202,800,770820,1
34974.493,2,622520,800,772880,-1
34974.617,1,623424,800,770720,1
34975.185,1,623690,800,772780,-1
34975.292,2,614620,400,770900,1
34976.484,2,623424,800,770720,1
34976.487,2,623690,800,772780,-1
34976.637,1,624625,800,770620,1
34977.242,1,625013,800,772680,-1
34977.92,4,615400,200,771510,1
34978.117,5,625515,300,771550,1
34978.418,1,625738,400,770800,1
34978.675,5,625531,200,771550,1
34979.245,2,624625,800,770620,1
34979.272,2,625013,800,772680,-1
34979.281,1,626296,800,772380,-1
34979.823,1,626680,800,770320,1
34979.891,4,615400,200,771510,1
34980.95,4,615400,100,771510,1
34982.709,2,626680,800,770320,1
34982.713,2,626296,800,772380,-1
34982.81,1,628387,800,770220,1
34983.359,1,628809,800,772280,-1
34987.253,2,628387,800,770220,1
34987.259,2,628809,800,772280,-1
34987.288,1,631160,800,770420,1
34987.844,1,631491,800,772480,-1
34994.746,2,615766,400,772600,-1
34994.751,1,635946,400,773000,-1
34997.294,2,631160,800,770420,1
34997.552,1,637269,800,770420,1
34997.845,2,631491,800,772480,-1
34998.067,1,637546,800,772480,-1
35002.167,2,637269,800,770420,1
35002.17,2,637546,800,772480,-1
35002.213,1,639478,800,772180,-1
35005.379,2,635946,400,773000,-1
35005.398,1,641241,400,772200,-1
35005.49,2,639478,800,772180,-1
35005.507,1,641363,800,771980,-1
35006.397,2,625738,400,770800,1
35006.557,1,642398,800,769920,1
35007.12,2,642398,800,769920,1
35007.123,2,641363,800,771980,-1
35007.214,1,642911,800,771780,-1
35007.282,2,619121,1000,770200,1
35007.284,1,642980,1000,769800,1
35007.785,1,643475,800,769720,1
35008.437,2,643475,800,769720,1
35008.454,2,642911,800,771780,-1
35008.558,1,644164,800,772080,-1
35009.088,1,644719,800,770020,1
35009.504,2,614828,900,774100,-1
35009.506,2,642980,1000,769800,1
35009.518,1,645078,600,773000,-1
35009.52,1,645079,1000,769000,1
35015.071,2,644719,800,770020,1
35015.076,2,644164,800,772080,-1
35015.208,1,649085,800,772180,-1
35015.764,2,649085,800,772180,-1
35015.865,1,649579,800,770320,1
35016.438,1,650035,800,772380,-1
35018.031,2,649579,800,770320,1
35018.035,2,650035,800,772380,-1
35018.191,1,651445,800,770320,1
35018.796,2,651445,800,770320,1
35018.802,1,651812,800,772080,-1
35019.111,2,651812,800,772080,-1
35019.435,1,652267,800,770320,1
35019.982,1,652599,800,772380,-1
35022.741,1,653926,300,771300,-1
35024.041,2,653926,300,771300,-1
35028.247,2,645078,600,773000,-1
35028.249,1,656691,600,773600,-1
35028.587,2,645079,1000,769000,1
35028.607,1,656881,1000,769800,1
35029.435,2,652267,800,770320,1
35029.571,1,657386,800,770320,1
35029.985,2,652599,800,772380,-1
35030.12,1,657684,800,772380,-1
35034.368,2,657386,800,770320,1
35034.371,2,657684,800,772380,-1
35034.482,1,660183,800,770220,1
35035.046,1,660462,800,772280,-1
35040.212,2,660183,800,770220,1
35040.214,2,660462,800,772280,-1
35040.221,1,662916,800,771980,-1
35040.76,1,663269,800,769920,1
35043.802,2,663269,800,769920,1
35043.804,2,662916,800,771980,-1
35043.906,1,665007,800,772080,-1
35044.37,2,656881,1000,769800,1
35044.378,1,665233,1000,769400,1
35044.425,1,665267,800,770020,1
35045.76,2,665267,800,770020,1
35045.763,2,665007,800,772080,-1
35045.77,1,666041,800,771780,-1
35046.291,1,666345,800,769720,1
35046.843,2,666345,800,769720,1
35046.846,2,666041,800,771780,-1
35046.853,1,666711,800,771880,-1
35047.471,1,667145,800,769820,1
35047.538,2,666711,800,771880,-1
35047.613,2,667145,800,769820,1
35047.949,1,667593,800,771580,-1
35048.131,2,667593,800,771580,-1
35048.52,1,668124,800,771680,-1
35048.983,2,641241,400,772200,-1
35048.997,1,668615,400,771700,-1
35049.014,2,668124,800,771680,-1
35049.148,1,668791,800,771880,-1
35049.868,1,669600,800,769820,1
35059.148,2,668791,800,771880,-1
35059.354,1,676621,800,771880,-1
35059.867,2,669600,800,769820,1
35059.996,2,676621,800,771880,-1
35060.006,1,677046,800,771980,-1
35060.574,2,677046,800,771980,-1
35060.579,1,677406,800,770120,1
35061.123,1,677877,800,772180,-1
35064.509,2,668615,400,771700,-1
35064.522,1,680054,400,772000,-1
35067.85,2,677406,800,770120,1
35067.851,2,677877,800,772180,-1
35067.965,1,681941,800,770020,1
35068.521,1,682174,800,772080,-1
35070.819,2,681941,800,770020,1
35070.835,2,682174,800,772080,-1
35070.882,1,683515,800,771780,-1
35071.336,1,683846,800,769720,1
35073.144,2,683846,800,769720,1
35073.146,2,683515,800,771780,-1
35073.166,1,685091,800,771580,-1
35073.691,1,685637,800,769520,1
35076.271,2,685637,800,769520,1
35076.273,2,685091,800,771580,-1
35076.377,1,687536,800,771680,-1
35076.828,2,680054,400,772000,-1
35076.841,1,687857,400,771600,-1
35076.98,1,687954,800,769620,1
35083.423,2,687954,800,769620,1
35083.427,2,687536,800,771680,-1
35083.526,1,691799,800,771780,-1
35084.134,1,692178,800,769720,1
35091.771,2,692178,800,769720,1
35091.774,2,691799,800,771780,-1
35091.808,1,696373,800,770020,1
35092.359,1,696740,800,772080,-1
35092.452,2,696373,800,770020,1
35092.456,2,696740,800,772080,-1
35092.983,1,697158,800,771780,-1
35093.269,2,687857,400,771600,-1
35093.281,1,697437,400,771900,-1
35093.641,1,697726,800,769720,1
35096.369,2,697726,800,769720,1
35096.379,2,697158,800,771780,-1
35096.501,1,699575,800,771880,-1
35097.102,1,699952,800,769820,1
35097.76,2,697437,400,771900,-1
35097.77,1,700330,400,771600,-1
35098.234,2,699952,800,769820,1
35098.239,2,699575,800,771880,-1
35098.248,1,700646,800,771580,-1
35098.736,1,701013,800,769520,1
35099.979,2,701013,800,769520,1
35099.983,2,700646,800,771580,-1
35100.098,2,665233,1000,769400,1
35100.118,1,702215,1000,768800,1
35100.217,1,702349,800,771680,-1
35100.787,1,703000,800,769620,1
35101.589,2,703000,800,769620,1
35101.593,2,702349,800,771680,-1
35101.743,1,703981,800,771380,-1
35102.036,1,704303,800,769320,1
35103.065,2,704303,800,769320,1
35103.067,2,703981,800,771380,-1
35103.078,1,705309,800,771480,-1
35103.352,2,656691,600,773600,-1
35103.388,1,705648,900,772700,-1
35103.731,1,705998,800,769420,1
35105.009,2,700330,400,771600,-1
35105.021,1,707192,400,771300,-1
35105.825,1,707987,500,771000,-1
35108.986,2,707192,400,771300,-1
35108.991,1,710452,400,771400,-1
35109.895,2,705998,800,769420,1
35109.899,2,705309,800,771480,-1
35109.997,1,711324,800,769520,1
35110.619,1,711747,800,771580,-1
35111.548,2,710452,400,771400,-1
35111.563,1,712432,400,771600,-1
35111.784,2,711324,800,769520,1
35111.788,2,711747,800,771580,-1
35111.791,1,712688,800,769720,1
35112.112,2,712432,400,771600,-1
35112.127,1,712951,400,771900,-1
35112.354,1,713130,800,771780,-1
35112.859,2,712951,400,771900,-1
35112.872,1,713550,400,772200,-1
35115.257,2,713550,400,772200,-1
35115.278,1,715285,400,772600,-1
35116.039,2,712688,800,769720,1
35116.043,2,713130,800,771780,-1
35116.051,1,715937,800,771580,-1
35116.191,2,715937,800,771580,-1
35116.608,1,716399,800,771580,-1
35117.155,1,716823,800,769520,1
35120.161,2,716823,800,769520,1
35120.163,2,716399,800,771580,-1
35120.262,1,718985,800,771680,-1
35120.782,1,719345,800,769620,1
35122.754,2,719345,800,769620,1
35122.759,2,718985,800,771680,-1
35122.816,1,721019,800,771380,-1
35123.109,2,721019,800,771380,-1
35123.381,1,721567,800,771480,-1
35123.929,1,722025,800,769420,1
35124.194,2,705648,900,772700,-1
35124.209,1,722209,600,772900,-1
35124.9,2,715285,400,772600,-1
35124.916,1,722705,400,772100,-1
35128.068,2,722025,800,769420,1
35128.071,2,721567,800,771480,-1
35128.227,1,725149,800,771580,-1
35128.848,1,725609,800,769520,1
35131.6,2,725609,800,769520,1
35131.61,2,725149,800,771580,-1
35131.657,1,727705,800,771380,-1
35132.137,1,728116,800,769320,1
35132.721,1,728561,100,771400,-1
35134.447,2,728116,800,769320,1
35134.45,2,727705,800,771380,-1
35134.607,1,730119,800,771480,-1
35135.232,1,730878,800,769420,1
35136.85,2,722209,600,772900,-1
35136.863,1,732455,600,772200,-1
35137.197,2,730878,800,769420,1
35137.312,2,730119,800,771480,-1
35137.314,1,732863,800,771280,-1
35137.801,1,733278,800,769220,1
35138.559,2,728561,100,771400,-1
35138.595,1,734038,100,770700,-1
35139.339,2,702215,1000,768800,1
35139.356,1,734735,1000,768000,1
35140.725,2,733278,800,769220,1
35140.811,2,732863,800,771280,-1
35140.82,1,736058,800,769520,1
35141.192,1,736431,800,771580,-1
35147.202,2,736058,800,769520,1
35147.218,2,736431,800,771580,-1
35147.351,1,741035,800,769520,1
35147.378,2,734038,100,770700,-1
35147.808,1,741368,800,771580,-1
35150.775,2,741368,800,771580,-1
35150.778,2,741035,800,769520,1
35150.896,1,743480,800,771680,-1
35151.046,2,743480,800,771680,-1
35151.247,1,743767,800,769820,1
35151.898,1,744323,800,771880,-1
35154.496,2,732455,600,772200,-1
35154.502,1,746649,600,772700,-1
35156.437,5,742803,500,770500,1
35157.929,2,743767,800,769820,1
35157.932,2,744323,800,771880,-1
35158.081,1,749803,800,769720,1
35158.727,1,750296,800,771780,-1
35161.25,2,722705,400,772100,-1
35161.253,1,751958,400,772500,-1
35163.984,1,753683,200,770800,-1
35165.408,2,734735,1000,768000,1
35165.418,1,754636,1000,768800,1
35165.435,2,749803,800,769720,1
35165.446,2,750296,800,771780,-1
35165.564,1,754743,800,771480,-1
35166.018,1,755086,800,769420,1
35167.273,2,755086,800,769420,1
35167.276,2,754743,800,771480,-1
35167.28,1,755918,800,769720,1
35167.708,2,755918,800,769720,1
35167.852,1,756463,800,769720,1
35168.405,2,756463,800,769720,1
35168.45,1,756893,800,771480,-1
35169.042,1,757351,800,769420,1
35170.279,2,707987,500,771000,-1
35178.45,2,756893,800,771480,-1
35178.715,1,763077,800,771480,-1
35179.04,2,757351,800,769420,1
35179.294,1,763362,800,769420,1
35180.239,2,763362,800,769420,1
35180.247,2,763077,800,771480,-1
35180.256,1,764084,800,769620,1
35180.789,1,764601,800,771680,-1
35182.892,2,764084,800,769620,1
35182.894,2,764601,800,771680,-1
35182.912,1,766040,800,771380,-1
35182.953,1,766097,1,100,1
35183.514,1,766579,800,769320,1
35184.645,2,766097,1,100,1
35184.928,1,767556,50,770500,-1
35184.981,1,767606,1800,770210,1
35185.289,2,766579,800,769320,1
35185.291,2,766040,800,771380,-1
35185.403,1,767873,800,769420,1
35185.997,1,768261,800,771480,-1
35187.719,2,767606,1800,770210,1
35187.98,1,769485,1800,770210,1
35188.861,4,767556,50,770500,-1
35188.881,2,767873,800,769420,1
35188.889,2,768261,800,771480,-1
35188.898,1,770047,800,769620,1
35188.99,1,770146,1,9999900,-1
35189.378,1,770395,800,771680,-1
35190.094,2,770146,1,9999900,-1
35190.098,2,769485,1800,770210,1
35190.415,1,771155,400,9999990,-1
35190.422,1,771158,400,100,1
35190.888,2,771155,400,9999990,-1
35191.181,1,771606,1800,770690,-1
35192.114,2,771158,400,100,1
35192.133,1,772102,900,770500,-1
35192.416,1,772254,400,100,1
35192.503,2,770047,800,769620,1
35192.506,2,770395,800,771680,-1
35192.614,1,772355,800,769520,1
35192.677,2,589175,600,767000,1
35192.692,1,772413,600,768300,1
35192.888,2,751958,400,772500,-1
35192.903,1,772552,400,773300,-1
35193.13,2,772102,900,770500,-1
35193.193,1,772723,900,770500,-1
35193.201,1,772725,800,771580,-1
35194.19,2,772723,900,770500,-1
35194.257,1,773439,900,770500,-1
35195.179,4,552555,500,770210,1
35195.179,1,773879,500,770210,-1
35195.26,2,773439,900,770500,-1
35195.595,5,773894,150,770190,-1
35195.785,2,772355,800,769520,1
35195.787,2,772725,800,771580,-1
35195.884,1,774211,800,769420,1
35196.233,2,773879,500,770210,-1
35196.431,1,774423,800,771480,-1
35201.014,2,774211,800,769420,1
35201.018,2,774423,800,771480,-1
35201.031,1,776515,800,769120,1
35201.201,2,754636,1000,768800,1
35201.205,1,776670,1000,768400,1
35201.205,2,776515,800,769120,1
35201.235,5,773404,500,770100,1
35201.238,5,773404,50,770100,1
35201.728,1,777026,800,769320,1
35202.324,1,777337,800,771380,-1
35205.212,2,771606,1800,770690,-1
35205.494,1,778706,1800,770490,-1
35208.619,2,778706,1800,770490,-1
35208.636,2,777026,800,769320,1
35208.639,2,777337,800,771380,-1
35208.746,1,780079,800,769220,1
35208.9,1,780127,1600,770490,-1
35209.334,1,780333,800,771280,-1
35210.603,2,772254,400,100,1
35210.658,2,776670,1000,768400,1
35210.661,1,780881,1000,768800,1
35210.897,2,780079,800,769220,1
35210.9,2,780333,800,771280,-1
35210.912,1,781005,800,769020,1
35211.198,1,781156,400,100,1
35211.337,2,781005,800,769020,1
35211.447,1,781317,800,768920,1
35211.827,2,780127,1600,770490,-1
35211.991,1,781601,800,770980,-1
35212.111,1,781652,400,9999990,-1
35213.372,2,780881,1000,768800,1
35213.375,1,782343,1000,768500,1
35213.934,2,781317,800,768920,1
35213.938,2,781601,800,770980,-1
35213.942,1,782674,800,769120,1
35214.192,2,782674,800,769120,1
35214.432,1,782981,800,768920,1
35214.551,2,782981,800,768920,1
35214.95,1,783303,800,769120,1
35215.465,1,783580,800,771180,-1
35216.932,2,783303,800,769120,1
35216.936,2,783580,800,771180,-1
35216.996,1,784406,800,769020,1
35217.6,1,784722,800,771080,-1
35221.85,2,784406,800,769020,1
35221.859,2,784722,800,771080,-1
35221.875,1,787029,800,768820,1
35222.126,2,781156,400,100,1
35222.129,2,781652,400,9999990,-1
35222.214,2,787029,800,768820,1
35222.418,1,787537,400,100,1
35222.422,1,787542,400,9999990,-1
35222.45,1,787560,800,769020,1
35222.628,2,787560,800,769020,1
35222.98,1,788075,800,768820,1
35223.596,1,788453,800,770880,-1
35224.815,2,788075,800,768820,1
35224.818,2,788453,800,770880,-1
35224.829,1,789361,800,769020,1
35225.313,1,789753,800,771080,-1
35234.832,2,789361,800,769020,1
35234.979,1,794236,800,769020,1
35235.312,2,789753,800,771080,-1
35235.656,1,794609,800,771080,-1
35236.12,2,794236,800,769020,1
35236.123,2,794609,800,771080,-1
35236.183,2,787542,400,9999990,-1
35236.232,1,794879,800,768920,1
35236.597,1,795050,400,9999990,-1
35236.849,1,795176,800,770980,-1
35240.912,2,794879,800,768920,1
35240.917,2,795176,800,770980,-1
35240.948,1,797664,800,769220,1
35241.129,2,782343,1000,768500,1
35241.143,1,797798,1000,768900,1
35241.505,1,798047,800,771280,-1
35242.025,2,797664,800,769220,1
35242.03,2,798047,800,771280,-1
35242.04,1,798327,800,769120,1
35242.614,1,798657,800,771180,-1
35246.467,2,798327,800,769120,1
35246.468,2,798657,800,771180,-1
35246.5,1,801277,800,768820,1
35247.009,1,801639,800,770880,-1
35248.41,2,797798,1000,768900,1
35248.413,1,802663,1000,768600,1
35250.155,2,772413,600,768300,1
35250.159,1,803816,600,767900,1
35252.838,2,801277,800,768820,1
35252.84,2,801639,800,770880,-1
35252.842,1,805660,800,769020,1
35253.409,1,806064,800,771080,-1
35261.075,2,805660,800,769020,1
35261.082,2,806064,800,771080,-1
35261.1,1,811434,800,770780,-1
35261.595,1,811738,800,768720,1
35262.494,2,802663,1000,768600,1
35262.509,1,812426,1000,768000,1
35263.178,2,811738,800,768720,1
35263.18,2,811434,800,770780,-1
35263.227,1,813050,800,769020,1
35263.798,1,813451,800,771080,-1
35265.292,2,813050,800,769020,1
35265.297,2,813451,800,771080,-1
35265.303,1,814620,800,769220,1
35265.702,2,814620,800,769220,1
35265.876,1,815091,800,768920,1
35266.418,1,815486,800,770980,-1
35267.156,1,815934,500,769310,1
35267.703,1,816359,500,771790,-1
35267.827,2,815934,500,769310,1
35267.836,2,816359,500,771790,-1
35268.25,1,816735,500,769210,1
35268.797,1,817073,500,771690,-1
35269.352,2,816735,500,769210,1
35269.353,2,817073,500,771690,-1
35269.451,1,817550,500,769310,1
35270.001,1,817996,500,771790,-1
35270.878,2,817550,500,769310,1
35270.881,2,817996,500,771790,-1
35270.983,1,818771,500,769210,1
35271.149,2,818771,500,769210,1
35271.53,1,819129,500,769310,1
35272.08,1,819504,500,771790,-1
35272.355,2,819129,500,769310,1
35272.362,2,819504,500,771790,-1
35272.469,2,787537,400,100,1
35272.627,1,819883,500,769210,1
35272.711,1,819953,1000,769810,1
35272.899,2,815091,800,768920,1
35272.903,2,815486,800,770980,-1
35273.02,1,820145,800,771080,-1
35273.176,1,820249,500,771690,-1
35273.239,2,819883,500,769210,1
35273.248,2,820249,500,771690,-1
35273.536,2,820145,800,771080,-1
35273.651,1,820648,800,770780,-1
35273.72,1,820718,500,769010,1
35273.819,2,820648,800,770780,-1
35274.233,1,821131,800,770880,-1
35274.269,1,821160,500,771490,-1
35274.891,1,821635,800,768820,1
35275.321,1,821962,500,771200,-1
35275.54,2,820718,500,769010,1
35275.543,2,795050,400,9999990,-1
35275.549,2,821160,500,771490,-1
35275.55,2,746649,600,772700,-1
35275.553,1,822150,600,772000,-1
35275.689,1,822254,500,768910,1
35275.715,2,821635,800,768820,1
35275.717,2,821131,800,770880,-1
35275.814,1,822366,800,770980,-1
35275.921,1,822441,400,9999990,-1
35276.384,1,822830,800,768920,1
35277.07,2,822830,800,768920,1
35277.072,2,822366,800,770980,-1
35277.19,1,823583,800,771080,-1
35277.223,1,823614,500,771390,-1
35277.811,1,824221,800,769020,1
35279.129,2,824221,800,769020,1
35279.131,2,823583,800,771080,-1
35279.245,1,825059,800,771180,-1
35279.683,1,825320,800,769120,1
35280.785,2,772552,400,773300,-1
35280.786,2,803816,600,767900,1
35280.8,1,826123,400,771600,-1
35280.802,1,826124,600,765900,1
35281.057,2,822254,500,768910,1
35281.058,2,823614,500,771390,-1
35281.274,1,826473,500,769110,1
35281.312,2,825320,800,769120,1
35281.316,2,825059,800,771180,-1
35281.322,1,826526,800,769320,1
35281.811,1,826876,500,771590,-1
35281.899,2,822150,600,772000,-1
35281.902,1,826929,600,771600,-1
35281.925,1,826943,800,771380,-1
35282.042,2,826526,800,769320,1
35282.245,2,826943,800,771380,-1
35282.469,1,827258,800,771480,-1
35282.477,2,826473,500,769110,1
35282.48,2,826876,500,771590,-1
35282.583,1,827331,500,769210,1
35283.048,1,827758,800,769420,1
35283.284,2,826929,600,771600,-1
35283.289,1,827900,600,771900,-1
35284.423,2,826123,400,771600,-1
35284.432,1,828830,400,771900,-1
35284.519,2,819953,1000,769810,1
35284.662,2,827331,500,769210,1
35284.778,1,829138,500,769110,1
35284.859,1,829217,400,100,1
35285.439,2,829217,400,100,1
35285.443,2,822441,400,9999990,-1
35285.612,2,829138,500,769110,1
35285.712,2,827758,800,769420,1
35285.715,2,827258,800,771480,-1
35285.755,1,829902,500,769010,1
35285.78,1,829928,800,771180,-1
35285.865,2,829902,500,769010,1
35285.913,1,830057,400,100,1
35285.916,1,830062,400,9999990,-1
35286.278,1,830359,800,769120,1
35286.297,1,830376,500,768910,1
35286.463,2,830376,500,768910,1
35286.845,1,830778,500,768810,1
35287.162,2,830359,800,769120,1
35287.168,2,829928,800,771180,-1
35287.192,1,831045,800,770980,-1
35287.4,2,830778,500,768810,1
35287.508,1,831331,500,771190,-1
35287.803,1,831552,800,768920,1
35288.049,1,831730,500,768710,1
35289.223,2,831552,800,768920,1
35289.225,2,831045,800,770980,-1
35289.406,1,832619,800,771080,-1
35289.884,1,832933,800,769020,1
35290.4,2,812426,1000,768000,1
35290.403,1,833285,1000,767300,1
35290.706,2,828830,400,771900,-1
35290.71,1,833457,400,771400,-1
35291.297,2,827900,600,771900,-1
35291.302,1,833761,600,771500,-1
35292.252,2,833761,600,771500,-1
35292.255,1,834260,600,771700,-1
35293.991,1,835340,700,770500,-1
35294.832,2,831730,500,768710,1
35294.839,2,831331,500,771190,-1
35294.936,1,835876,500,768810,1
35296.303,1,836601,700,770500,-1
35299.405,2,832619,800,771080,-1
35299.665,1,838237,800,771080,-1
35299.883,2,832933,800,769020,1
35300.227,1,838501,800,769020,1
35301.075,2,830057,400,100,1
35301.37,1,839397,700,769810,1
35301.589,2,835876,500,768810,1
35301.754,5,838007,300,770460,-1
35301.754,5,838014,500,770460,-1
35301.754,4,835340,700,770500,-1
35301.868,2,838501,800,769020,1
35301.873,2,838237,800,771080,-1
35301.931,1,839877,500,768610,1
35301.948,1,839895,800,770880,-1
35302.315,1,840190,800,768820,1
35302.376,2,839397,700,769810,1
35302.445,2,836601,700,770500,-1
35302.604,1,840436,500,771090,-1
35302.626,1,840453,400,100,1
35303.362,2,834260,600,771700,-1
35303.382,1,841066,600,771400,-1
35303.773,2,840190,800,768820,1
35303.776,2,839895,800,770880,-1
35303.895,1,841431,800,770980,-1
35304.24,2,839877,500,768610,1
35304.244,2,840436,500,771090,-1
35304.452,1,841816,500,770990,-1
35304.652,1,842000,800,768920,1
35304.655,2,841431,800,770980,-1
35304.712,2,842000,800,768920,1
35304.999,1,842298,500,768510,1
35305.048,1,842358,800,770780,-1
35305.609,2,842298,500,768510,1
35305.612,2,841816,500,770990,-1
35305.697,1,842987,800,768720,1
35305.765,1,843041,500,768510,1
35306.077,2,821962,500,771200,-1
35306.103,1,843392,100,770000,-1
35306.181,1,843468,700,770700,-1
35307.278,2,843041,500,768510,1
35307.412,1,844499,500,768410,1
35307.839,2,842987,800,768720,1
35307.842,2,842358,800,770780,-1
35307.957,1,844973,800,770680,-1
35308.554,2,844499,500,768410,1
35308.57,1,845429,800,768620,1
35308.621,1,845462,500,770790,-1
35308.797,1,845582,300,769100,1
35309.155,1,845814,500,768310,1
35309.261,2,833457,400,771400,-1
35309.282,1,845915,400,771100,-1
35309.596,2,843468,700,770700,-1
35310.154,2,841066,600,771400,-1
35310.157,1,846507,600,771200,-1
35310.284,2,840453,400,100,1
35310.287,2,830062,400,9999990,-1
35310.637,1,846828,400,100,1
35310.64,1,846832,400,9999990,-1
35310.91,2,845814,500,768310,1
35310.912,2,845462,500,770790,-1
35311.016,1,847060,500,768210,1
35311.401,2,847060,500,768210,1
35311.564,1,847411,500,770790,-1
35312.01,2,847411,500,770790,-1
35312.109,1,847822,500,768410,1
35312.272,2,847822,500,768410,1
35312.427,2,845429,800,768620,1
35312.43,2,844973,800,770680,-1
35312.645,1,848236,800,770580,-1
35312.655,1,848247,500,770690,-1
35312.853,2,848247,500,770690,-1
35312.935,2,848236,800,770580,-1
35313.174,1,848722,800,770480,-1
35313.202,1,848752,500,770590,-1
35313.496,2,848752,500,770590,-1
35313.543,2,848722,800,770480,-1
35313.749,1,849182,500,770790,-1
35313.767,1,849196,800,770680,-1
35314.294,1,849706,500,768310,1
35314.362,1,849762,800,768620,1
35315.268,2,849762,800,768620,1
35315.269,2,849196,800,770680,-1
35315.373,2,845582,300,769100,1
35315.412,1,850395,800,770780,-1
35316.015,1,850783,800,768720,1
35316.266,2,846507,600,771200,-1
35316.269,1,850928,600,771100,-1
35316.538,2,845915,400,771100,-1
35316.553,1,851135,400,771200,-1
35317.16,2,850928,600,771100,-1
35317.163,1,851549,600,771300,-1
35319.053,2,849706,500,768310,1
35319.057,2,849182,500,770790,-1
35319.113,1,852707,500,768410,1
35320.967,2,852707,500,768410,1
35321.077,1,853697,200,768800,1
35321.08,1,853701,500,768510,1
35321.152,2,850783,800,768720,1
35321.153,2,850395,800,770780,-1
35321.156,1,853751,800,769020,1
35321.628,1,854027,500,770990,-1
35321.714,1,854071,800,771080,-1
35323.2,2,851549,600,771300,-1
35323.203,1,855061,600,771500,-1
35323.355,2,851135,400,771200,-1
35323.375,1,855173,400,771300,-1
35323.748,2,843392,100,770000,-1
35324.166,2,855173,400,771300,-1
35324.176,1,855690,400,771500,-1
35325.049,2,853751,800,769020,1
35325.053,2,854071,800,771080,-1
35325.128,2,853701,500,768510,1
35325.134,2,854027,500,770990,-1
35325.157,1,856289,800,771180,-1
35325.232,1,856348,500,768610,1
35325.36,2,855061,600,771500,-1
35325.376,1,856459,600,771700,-1
35325.588,2,856348,500,768610,1
35325.786,1,856814,800,769120,1
35325.826,1,856862,500,770990,-1
35325.854,1,856889,500,770500,-1
35326.329,1,857266,500,768510,1
35326.674,2,857266,500,768510,1
35326.677,2,856862,500,770990,-1
35326.987,1,857756,500,770990,-1
35327.041,2,856814,800,769120,1
35327.042,2,856289,800,771180,-1
35327.056,1,857798,800,768920,1
35327.13,2,857756,500,770990,-1
35327.227,2,857798,800,768920,1
35327.531,1,858170,500,770990,-1
35327.707,1,858277,800,768920,1
35328.1,1,858527,500,768510,1
35330.058,2,858277,800,768920,1
35330.176,1,859645,800,769020,1
35330.777,2,855690,400,771500,-1
35330.781,1,860064,400,771300,-1
35333.893,2,858527,500,768510,1
35333.899,2,858170,500,770990,-1
35333.999,2,859645,800,769020,1
35334.001,1,861724,500,771090,-1
35334.071,1,861775,800,771280,-1
35334.552,1,862194,500,768610,1
35334.731,1,862372,800,769220,1
35334.88,2,862194,500,768610,1
35334.882,2,861724,500,771090,-1
35334.966,2,856889,500,770500,-1
35335.097,1,862675,500,771190,-1
35335.641,1,863010,500,768710,1
35335.669,2,862372,800,769220,1
35335.672,2,861775,800,771280,-1
35335.803,1,863129,800,769320,1
35336.067,2,860064,400,771300,-1
35336.071,1,863307,400,771500,-1
35336.385,1,863493,800,771380,-1
35337.046,2,863307,400,771500,-1
35337.048,1,863879,400,771700,-1
35337.394,4,753683,200,770800,-1
35337.394,1,864112,800,770800,1
35338.0,2,863129,800,769320,1
35338.002,2,863493,800,771380,-1
35338.105,1,864578,800,771480,-1
35338.2,2,863010,500,768710,1
35338.202,2,862675,500,771190,-1
35338.383,1,864756,500,771290,-1
35338.666,1,864940,800,769420,1
35338.906,2,864756,500,771290,-1
35338.927,1,865101,500,768910,1
35339.032,2,864940,800,769420,1
35339.035,2,864578,800,771480,-1
35339.249,1,865313,800,771580,-1
35339.474,1,865456,500,771390,-1
35339.768,1,865623,800,769520,1
35339.806,2,865101,500,768910,1
35339.813,2,865456,500,771390,-1
35339.939,5,865677,700,770840,1
35340.017,1,865808,500,771290,-1
35340.226,2,865623,800,769520,1
35340.23,2,865313,800,771580,-1
35340.34,2,865808,500,771290,-1
35340.375,1,866119,800,771680,-1
35340.469,2,864112,800,770800,1
35340.563,1,866254,500,771390,-1
35341.034,1,866553,800,769620,1
35341.113,1,866588,500,768910,1
35341.428,2,866553,800,769620,1
35341.432,2,866119,800,771680,-1
35341.626,1,866902,800,771580,-1
35342.177,1,867284,800,769520,1
35342.545,1,867562,500,770800,-1
35344.612,2,866588,500,768910,1
35344.615,2,866254,500,771390,-1
35344.721,1,869117,500,769010,1
35345.216,2,867284,800,769520,1
35345.268,1,869551,500,771490,-1
35345.444,2,866902,800,771580,-1
35345.449,1,869725,800,771480,-1
35345.839,2,867562,500,770800,-1
35346.041,1,870103,800,769420,1
35346.801,2,869117,500,769010,1
35346.803,2,869551,500,771490,-1
35347.016,1,870744,500,771390,-1
35347.07,2,870744,500,771390,-1
35347.57,1,871079,500,771390,-1
35347.66,2,871079,500,771390,-1
35348.114,1,871444,500,771290,-1
35348.214,2,871444,500,771290,-1
35348.328,2,870103,800,769420,1
35348.331,2,869725,800,771480,-1
35348.344,1,871625,800,771280,-1
35348.656,1,871847,500,771190,-1
35348.83,1,871952,800,769220,1
35349.208,1,872231,500,768710,1
35350.993,2,853697,200,768800,1
35351.95,2,863879,400,771700,-1
35351.972,1,874170,400,771400,-1
35354.176,2,871952,800,769220,1
35354.179,2,871625,800,771280,-1
35354.281,1,875630,800,771380,-1
35354.889,1,875999,800,769320,1
35356.089,1,876674,100,771300,-1
35357.311,2,875999,800,769320,1
35357.312,2,875630,800,771380,-1
35357.321,1,877367,800,771080,-1
35357.462,2,877367,800,771080,-1
35357.896,1,877748,800,771180,-1
35358.073,2,872231,500,768710,1
35358.078,2,871847,500,771190,-1
35358.399,1,878063,500,771090,-1
35358.449,1,878106,800,769120,1
35358.468,1,878114,200,769400,1
35358.557,2,856459,600,771700,-1
35358.576,1,878185,600,771400,-1
35358.938,1,878424,100,770900,-1
35358.945,1,878430,500,768610,1
35358.966,2,876674,100,771300,-1
35359.682,2,878430,500,768610,1
35359.683,2,878063,500,771090,-1
35359.816,1,879109,500,768510,1
35359.946,2,879109,500,768510,1
35360.361,1,879484,500,771090,-1
35360.906,1,879784,500,768610,1
35361.791,2,879784,500,768610,1
35361.793,2,879484,500,771090,-1
35361.896,1,880368,500,771190,-1
35362.078,2,880368,500,771190,-1
35362.186,2,878106,800,769120,1
35362.189,2,877748,800,771180,-1
35362.205,1,880607,800,771380,-1
35362.446,1,880765,500,771290,-1
35362.729,1,880957,800,769320,1
35362.873,2,880765,500,771290,-1
35362.985,1,881126,500,771390,-1
35363.533,1,881559,500,768910,1
35364.524,2,881559,500,768910,1
35364.527,2,881126,500,771390,-1
35364.624,1,882243,500,769010,1
35365.524,2,880957,800,769320,1
35365.528,2,880607,800,771380,-1
35365.533,1,882781,800,769620,1
35365.612,1,882846,500,771490,-1
35365.777,2,882781,800,769620,1
35366.052,1,883183,800,771380,-1
35366.65,1,883566,800,769320,1
35366.71,2,882243,500,769010,1
35366.711,2,882846,500,771490,-1
35366.814,1,883668,500,771390,-1
35367.358,1,883984,500,768910,1
35367.359,2,878185,600,771400,-1
35367.362,1,883985,600,771600,-1
35369.232,2,874170,400,771400,-1
35369.237,1,884905,400,771800,-1
35371.808,2,878424,100,770900,-1
35372.221,2,883566,800,769320,1
35372.224,2,883183,800,771380,-1
35372.323,1,886269,800,771480,-1
35372.945,1,886537,800,769420,1
35374.192,2,883984,500,768910,1
35374.193,2,883668,500,771390,-1
35374.408,1,887335,500,771490,-1
35374.797,1,887570,300,771000,-1
35374.854,2,887335,500,771490,-1
35374.96,1,887691,500,769110,1
35375.016,2,886537,800,769420,1
35375.018,2,887691,500,769110,1
35375.021,2,886269,800,771480,-1
35375.037,1,887763,800,769620,1
35375.465,1,888104,800,771680,-1
35375.5,1,888139,500,771690,-1
35376.046,1,888476,500,769210,1
35376.322,2,883985,600,771600,-1
35376.329,1,888639,600,771900,-1
35377.793,2,846832,400,9999990,-1
35378.124,1,889862,500,771090,-1
35380.921,2,887763,800,769620,1
35380.923,2,888104,800,771680,-1
35381.025,1,891949,800,769520,1
35381.623,1,892346,800,771580,-1
35383.956,2,888476,500,769210,1
35383.959,2,888139,500,771690,-1
35384.067,2,891949,800,769520,1
35384.077,2,892346,800,771580,-1
35384.085,1,894017,800,771380,-1
35384.11,1,894046,500,769110,1
35384.666,1,894508,800,769320,1
35389.163,2,894046,500,769110,1
35389.233,2,894508,800,769320,1
35389.236,2,894017,800,771380,-1
35389.257,1,897637,500,769210,1
35389.268,1,897644,800,769520,1
35389.781,1,898030,500,771690,-1
35389.857,1,898094,800,771580,-1
35390.051,2,897637,500,769210,1
35390.054,2,898030,500,771690,-1
35390.33,1,898406,500,769310,1
35391.315,2,898406,500,769310,1
35391.422,1,899112,500,769210,1
35393.369,2,889862,500,771090,-1
35393.5,1,900595,500,771690,-1
35393.708,1,900759,400,9999990,-1
35394.59,5,855072,500,770900,-1
35395.571,2,900759,400,9999990,-1
35395.579,2,899112,500,769210,1
35395.581,2,900595,500,771690,-1
35395.636,1,902063,500,769310,1
35395.786,1,902183,1000,771090,-1
35397.155,2,884905,400,771800,-1
35397.165,1,903036,400,772200,-1
35397.625,2,833285,1000,767300,1
35397.636,1,903297,1000,768200,1
35398.518,2,902063,500,769310,1
35398.624,1,903897,500,769410,1
35399.267,2,897644,800,769520,1
35399.397,1,904304,800,769520,1
35399.857,2,898094,800,771580,-1
35399.939,1,904625,500,771890,-1
35400.076,1,904714,800,771580,-1
35400.71,2,903897,500,769410,1
35400.72,2,904625,500,771890,-1
35400.813,1,905108,500,769510,1
35401.318,2,905108,500,769510,1
35401.486,2,904304,800,769520,1
35401.488,1,905577,500,769510,1
35401.491,2,904714,800,771580,-1
35401.499,1,905587,800,769720,1
35402.054,1,905974,800,771780,-1
35403.784,2,905587,800,769720,1
35403.787,2,905974,800,771780,-1
35403.806,1,907072,800,769420,1
35404.142,2,907072,800,769420,1
35404.357,1,907640,800,769720,1
35404.929,1,908048,800,771780,-1
35405.182,2,902183,1000,771090,-1
35405.453,2,907640,800,769720,1
35405.456,2,908048,800,771780,-1
35405.497,1,908414,800,769420,1
35405.517,1,908429,500,771990,-1
35405.54,1,908446,1000,770800,-1
35405.979,2,905577,500,769510,1
35405.981,2,908429,500,771990,-1
35406.093,1,908837,800,771480,-1
35406.179,1,908903,500,769410,1
35406.376,2,888639,600,771900,-1
35406.379,1,909025,600,772400,-1
35408.593,2,908446,1000,770800,-1
35408.691,1,910520,500,771890,-1
35409.281,1,910867,800,771380,-1
35409.284,2,908414,800,769420,1
35409.285,2,908837,800,771480,-1
35409.836,1,911204,800,769320,1
35411.874,2,878114,200,769400,1
35413.617,2,908903,500,769410,1
35413.619,2,910520,500,771890,-1
35413.836,1,913391,500,771990,-1
35413.902,2,913391,500,771990,-1
35414.378,1,913720,500,771890,-1
35414.642,2,846828,400,100,1
35414.932,1,914147,500,769410,1
35414.978,1,914183,400,100,1
35416.512,2,914147,500,769410,1
35416.515,2,913720,500,771890,-1
35416.67,1,915393,500,769510,1
35417.215,1,915640,500,771990,-1
35417.781,2,911204,800,769320,1
35417.783,2,910867,800,771380,-1
35417.882,1,915962,800,769220,1
35418.097,2,915393,500,769510,1
35418.1,2,915640,500,771990,-1
35418.201,1,916134,500,771890,-1
35418.429,1,916238,800,771280,-1
35418.749,1,916381,500,769410,1
35420.174,2,916381,500,769410,1
35420.176,2,916134,500,771890,-1
35420.281,1,917134,500,769510,1
35420.853,1,917420,500,771990,-1
35420.888,2,915962,800,769220,1
35420.894,2,916238,800,771280,-1
35420.912,1,917473,800,769520,1
35421.421,1,917772,800,771580,-1
35422.892,2,917473,800,769520,1
35422.896,2,917772,800,771580,-1
35423.096,1,918733,800,769420,1
35423.721,1,919163,800,771480,-1
35424.228,1,919422,1000,770100,1
35424.243,4,919422,500,770100,1
35424.569,2,918733,800,769420,1
35424.572,2,919163,800,771480,-1
35424.576,1,919615,800,771280,-1
35424.769,2,917134,500,769510,1
35424.772,2,917420,500,771990,-1
35424.797,2,919422,500,770100,1
35424.878,1,919797,500,769410,1
35425.092,1,919926,800,769220,1
35425.42,1,920149,500,771890,-1
35426.531,1,920756,1,9999900,-1
35427.346,2,919926,800,769220,1
35427.348,2,919615,800,771280,-1
35427.463,1,921263,800,769120,1
35427.831,2,919797,500,769410,1
35427.833,2,920149,500,771890,-1
35427.986,1,921552,500,769310,1
35428.166,1,921708,800,771180,-1
35428.491,1,921945,500,771790,-1
35428.812,2,921552,500,769310,1
35428.817,2,921945,500,771790,-1
35429.029,1,922247,500,769410,1
35429.251,2,922247,500,769410,1
35429.511,2,920756,1,9999900,-1
35429.58,1,922656,500,769410,1
35429.722,2,921263,800,769120,1
35429.727,2,921708,800,771180,-1
35429.731,1,922764,800,769320,1
35429.828,1,922812,1300,770390,-1
35430.011,2,922656,500,769410,1
35430.07,2,922764,800,769320,1
35430.124,1,923036,500,769310,1
35430.292,1,923168,800,769120,1
35430.671,1,923400,500,771790,-1
35430.686,2,914183,400,100,1
35430.838,1,923502,800,771180,-1
35431.11,1,923671,400,100,1
35431.581,2,922812,1300,770390,-1
35431.826,1,924100,400,9999990,-1
35432.234,2,923168,800,769120,1
35432.243,2,923502,800,771180,-1
35432.246,1,924361,800,769320,1
35432.772,1,924709,800,771380,-1
35433.302,2,923036,500,769310,1
35433.304,2,923400,500,771790,-1
35433.477,1,925211,500,769410,1
35433.539,2,925211,500,769410,1
35434.014,1,925617,500,769410,1
35434.562,1,926025,500,771890,-1
35435.26,1,926505,1000,770100,1
35435.54,2,924100,400,9999990,-1
35435.66,2,925617,500,769410,1
35435.663,2,926025,500,771890,-1
35435.874,1,926913,500,769310,1
35436.026,1,927000,400,9999990,-1
35436.421,1,927206,500,771790,-1
35439.163,2,926913,500,769310,1
35439.166,2,927206,500,771790,-1
35439.266,1,928661,500,769410,1
35439.813,1,928924,500,771890,-1
35441.686,2,926505,1000,770100,1
35441.786,2,928661,500,769410,1
35441.789,2,928924,500,771890,-1
35441.891,1,929928,500,769310,1
35442.248,2,924361,800,769320,1
35442.254,1,930115,1000,770100,1
35442.441,1,930196,500,771790,-1
35442.444,1,930198,800,769320,1
35442.778,2,924709,800,771380,-1
35443.132,1,930562,800,771380,-1
35443.473,2,930115,1000,770100,1
35444.802,2,930198,800,769320,1
35444.803,2,930562,800,771380,-1
35444.873,1,931332,800,769220,1
35445.196,2,927000,400,9999990,-1
35445.434,1,931569,800,771280,-1
35445.541,1,931596,400,9999990,-1
35448.184,1,932991,500,770100,1
35449.064,2,931332,800,769220,1
35449.067,2,931569,800,771280,-1
35449.179,1,933570,800,769320,1
35449.695,1,933781,800,771380,-1
35450.644,1,934191,500,770200,1
35452.93,2,923671,400,100,1
35453.333,1,935440,400,100,1
35454.233,2,929928,500,769310,1
35454.237,2,930196,500,771790,-1
35454.293,2,933570,800,769320,1
35454.295,2,933781,800,771380,-1
35454.354,1,935916,800,771180,-1
35454.393,1,935947,500,769210,1
35454.483,2,935916,800,771180,-1
35454.566,2,935947,500,769210,1
35454.936,1,936244,500,769310,1
35454.941,1,936251,800,771380,-1
35455.484,1,936505,500,771790,-1
35457.212,2,932991,500,770100,1
35457.269,5,935851,429,770400,1
35457.273,1,937503,800,769320,1
35457.438,2,934191,500,770200,1
35457.673,2,936244,500,769310,1
35457.675,2,936505,500,771790,-1
35457.78,1,937728,500,769410,1
35457.967,2,937728,500,769410,1
35458.326,1,937995,500,769410,1
35458.874,1,938220,500,771890,-1
35459.465,2,931596,400,9999990,-1
35459.686,1,938610,400,9999990,-1
35460.631,2,937995,500,769410,1
35460.638,2,938220,500,771890,-1
35460.733,1,939126,500,769510,1
35461.195,2,938610,400,9999990,-1
35461.284,1,939404,500,771990,-1
35461.515,1,939496,1800,770690,-1
35461.872,2,939126,500,769510,1
35461.876,2,939404,500,771990,-1
35461.975,1,939768,500,769610,1
35462.052,2,937503,800,769320,1
35462.054,2,936251,800,771380,-1
35462.059,1,939847,800,769620,1
35462.319,2,935440,400,100,1
35462.505,1,940177,500,772090,-1
35462.626,1,940284,800,771680,-1
35462.95,2,939768,500,769610,1
35462.953,2,940177,500,772090,-1
35463.027,1,940584,400,100,1
35463.029,1,940586,500,769510,1
35464.034,2,939496,1800,770690,-1
35464.133,1,941345,500,771990,-1
35464.276,2,939847,800,769620,1
35464.284,2,940284,800,771680,-1
35464.29,1,941484,1800,770690,-1
35464.415,1,941594,800,769520,1
35464.891,1,941908,800,771580,-1
35465.095,2,941484,1800,770690,-1
35465.225,2,940586,500,769510,1
35465.228,2,941345,500,771990,-1
35465.326,1,942221,500,769610,1
35465.421,1,942266,1800,770690,-1
35465.963,2,942266,1800,770690,-1
35466.095,1,942679,500,772090,-1
35466.154,2,942221,500,769610,1
35466.157,2,942679,500,772090,-1
35466.335,1,942850,400,9999990,-1
35466.639,1,943010,500,769610,1
35467.187,1,943336,500,772090,-1
35467.848,2,943010,500,769610,1
35467.853,2,943336,500,772090,-1
35467.951,1,943732,500,769610,1
35468.387,2,943732,500,769610,1
35468.498,1,943963,500,769510,1
35468.55,2,943963,500,769510,1
35469.045,1,944216,500,769610,1
35469.593,1,944505,500,772090,-1
35470.092,2,942850,400,9999990,-1
35470.464,1,944941,400,9999990,-1
35471.055,2,944216,500,769610,1
35471.059,2,944505,500,772090,-1
35471.128,1,945270,500,769710,1
35471.219,2,941594,800,769520,1
35471.222,2,941908,800,771580,-1
35471.228,1,945338,800,769720,1
35471.671,1,945638,500,772190,-1
35471.901,1,945836,800,771780,-1
35472.511,1,946223,1000,770400,1
35474.411,2,945270,500,769710,1
35474.413,2,945638,500,772190,-1
35474.518,1,947367,500,769610,1
35474.612,2,945338,800,769720,1
35474.614,2,945836,800,771780,-1
35474.738,1,947547,800,771580,-1
35475.067,1,947769,500,772090,-1
35475.127,2,947367,500,769610,1
35475.129,2,947769,500,772090,-1
35475.144,1,947818,800,769520,1
35475.365,2,946223,1000,770400,1
35475.395,2,944941,400,9999990,-1
35475.611,1,948137,500,769510,1
35475.798,1,948261,400,9999990,-1
35475.928,1,948338,1000,770400,1
35476.158,1,948473,500,771990,-1
35476.984,2,947818,800,769520,1
35476.988,2,947547,800,771580,-1
35477.061,1,949065,800,771680,-1
35477.436,2,948338,1000,770400,1
35477.471,2,948137,500,769510,1
35477.474,2,948473,500,771990,-1
35477.576,1,949362,500,769410,1
35477.599,1,949376,800,769620,1
35477.677,2,940584,400,100,1
35477.759,2,949362,500,769410,1
35477.916,1,949592,500,770210,1
35478.124,1,949728,500,769410,1
35478.674,1,950061,500,771890,-1
35478.795,2,949728,500,769410,1
35478.879,2,950061,500,771890,-1
35478.997,4,887570,200,771000,-1
35479.236,1,950482,500,771990,-1
35479.348,2,949592,500,770210,1
35479.623,2,950482,500,771990,-1
35479.639,1,950759,400,100,1
35479.681,1,950787,100,770400,1
35479.798,1,950872,500,772090,-1
35480.155,2,950787,100,770400,1
35480.341,1,951246,500,769610,1
35481.661,2,950759,400,100,1
35482.038,1,952181,500,770310,1
35482.084,2,951246,500,769610,1
35482.086,2,950872,500,772090,-1
35482.212,1,952298,500,769710,1
35482.215,2,949376,800,769620,1
35482.224,2,949065,800,771680,-1
35482.227,1,952311,800,769920,1
35482.719,1,952655,800,771980,-1
35482.749,1,952687,500,772190,-1
35485.012,2,903036,400,772200,-1
35485.023,1,954133,400,772700,-1
35485.925,2,952298,500,769710,1
35485.927,2,952687,500,772190,-1
35485.949,4,887570,100,771000,-1
35486.029,1,954636,500,769810,1
35486.074,1,954653,100,770700,1
35486.278,2,954636,500,769810,1
35486.368,2,952311,800,769920,1
35486.375,2,952655,800,771980,-1
35486.382,1,954857,800,770120,1
35486.577,1,954978,500,772390,-1
35486.631,2,954978,500,772390,-1
35486.856,1,955180,800,772180,-1
35486.917,2,826124,600,765900,1
35486.934,1,955252,600,767900,1
35487.129,1,955416,500,772490,-1
35488.582,2,909025,600,772400,-1
35488.599,1,956667,600,773000,-1
35489.575,2,903297,1000,768200,1
35489.58,1,957383,1000,769100,1
35491.893,2,954857,800,770120,1
35491.894,2,955180,800,772180,-1
35491.991,1,958770,800,770020,1
35491.993,2,956667,600,773000,-1
35492.011,1,958792,900,774200,-1
35492.046,1,958827,500,770010,1
35492.593,2,958827,500,770010,1
35492.595,2,955416,500,772490,-1
35492.606,1,959112,800,772080,-1
35492.921,1,959251,500,772390,-1
35493.126,2,952181,500,770310,1
35493.44,1,959663,400,100,1
35493.466,1,959682,500,769910,1
35495.681,2,957383,1000,769100,1
35495.686,1,961211,1000,769800,1
35496.26,2,958770,800,770020,1
35496.263,2,959112,800,772080,-1
35496.272,1,961634,800,771880,-1
35496.37,2,959682,500,769910,1
35496.375,2,959251,500,772390,-1
35496.53,1,961847,500,769810,1
35496.776,1,962048,800,769820,1
35497.083,1,962294,500,772290,-1
35497.513,2,954653,100,770700,1
35498.373,2,961847,500,769810,1
35498.381,2,962294,500,772290,-1
35498.466,1,963226,500,769710,1
35498.479,1,963232,800,771780,-1
35498.481,2,962048,800,769820,1
35498.484,2,961634,800,771880,-1
35498.757,2,963226,500,769710,1
35498.804,2,961211,1000,769800,1
35498.809,1,963504,1000,769500,1
35499.026,1,963608,500,772290,-1
35499.128,1,963683,800,769720,1
35499.563,1,963994,500,769810,1
35500.154,2,963994,500,769810,1
35500.159,2,963608,500,772290,-1
35500.222,1,964415,500,769910,1
35500.764,1,964780,500,772390,-1
35501.07,2,963683,800,769720,1
35501.073,2,963232,800,771780,-1
35501.096,1,964996,800,770020,1
35501.215,2,964996,800,770020,1
35501.329,1,965146,700,770700,1
35501.627,1,965330,800,769920,1
35502.195,1,965737,800,771980,-1
35504.402,2,965330,800,769920,1
35504.405,2,965737,800,771980,-1
35504.419,1,966883,800,771780,-1
35504.773,2,964415,500,769910,1
35504.775,2,964780,500,772390,-1
35504.921,1,967206,500,769810,1
35505.009,1,967258,800,769720,1
35505.467,1,967489,500,772290,-1
35505.635,2,948261,400,9999990,-1
35505.971,1,967793,500,771190,-1
35506.033,2,967206,500,769810,1
35506.036,2,967489,500,772290,-1
35506.125,1,967881,500,769710,1
35506.441,2,959663,400,100,1
35506.662,1,968210,400,100,1
35506.67,1,968214,500,772190,-1
35506.818,2,958792,900,774200,-1
35506.821,1,968320,600,773200,-1
35506.862,2,963504,1000,769500,1
35506.876,1,968351,1000,769100,1
35506.892,2,965146,700,770700,1
35511.925,2,967881,500,769710,1
35511.927,2,968214,500,772190,-1
35512.043,1,970973,500,769810,1
35512.214,2,967258,800,769720,1
35512.217,2,966883,800,771780,-1
35512.219,1,971131,800,770020,1
35512.577,1,971348,500,772290,-1
35512.646,2,970973,500,769810,1
35512.659,2,971348,500,772290,-1
35512.699,1,971427,800,772080,-1
35513.1,2,967793,500,771190,-1
35513.123,1,971716,500,769910,1
35513.195,2,971716,500,769910,1
35513.439,1,971894,400,9999990,-1
35513.671,1,972012,500,769810,1
35513.979,2,971131,800,770020,1
35513.982,2,971427,800,772080,-1
35514.036,1,972220,800,771780,-1
35514.234,1,972371,500,772290,-1
35514.574,1,972568,800,769720,1
35517.85,2,972012,500,769810,1
35517.853,2,972371,500,772290,-1
35518.17,1,974558,500,772190,-1
35518.716,1,974812,500,769710,1
35520.796,1,975826,1000,771000,-1
35522.598,2,972568,800,769720,1
35522.603,2,972220,800,771780,-1
35522.713,1,977018,800,771880,-1
35523.289,1,977411,800,769820,1
35529.83,2,974812,500,769710,1
35529.831,2,974558,500,772190,-1
35529.895,1,981300,500,769610,1
35530.156,2,981300,500,769610,1
35530.437,1,981630,500,772190,-1
35530.706,2,981630,500,772190,-1
35530.987,1,982002,500,772090,-1
35531.561,1,982413,500,769610,1
35532.203,2,971894,400,9999990,-1
35532.5,1,982889,400,9999990,-1
35532.71,2,977018,800,771880,-1
35532.905,2,977411,800,769820,1
35532.924,1,983136,1000,770900,-1
35533.0,1,983186,800,771780,-1
35533.009,2,975826,1000,771000,-1
35533.62,1,983516,800,769720,1
35537.035,2,982413,500,769610,1
35537.038,2,982002,500,772090,-1
35537.175,1,985818,500,769810,1
35537.24,2,983516,800,769720,1
35537.241,2,983186,800,771780,-1
35537.255,1,985885,800,770020,1
35537.524,5,984522,300,770800,-1
35537.658,1,986227,500,772290,-1
35537.833,1,986350,800,772080,-1
35538.372,2,983136,1000,770900,-1
35539.161,2,985885,800,770020,1
35539.165,2,986350,800,772080,-1
35539.262,1,987384,800,769920,1
35539.697,2,985818,500,769810,1
35539.702,2,986227,500,772290,-1
35539.771,2,987384,800,769920,1
35539.926,1,987934,500,769610,1
35539.945,1,987946,800,771780,-1
35540.013,2,987934,500,769610,1
35540.382,1,988251,800,769720,1
35540.393,1,988258,500,769610,1
35540.938,1,988611,500,772090,-1
35541.29,1,988892,1000,770900,-1
35541.663,2,988892,1000,770900,-1
35541.817,2,988258,500,769610,1
35541.821,2,988611,500,772090,-1
35541.92,1,989340,500,769710,1
35542.204,1,989536,1000,770900,-1
35542.507,1,989715,500,772190,-1
35542.833,2,989340,500,769710,1
35542.835,2,989715,500,772190,-1
35543.045,1,990065,500,769610,1
35543.591,1,990424,500,772090,-1
35546.228,2,990065,500,769610,1
35546.23,2,990424,500,772090,-1
35546.357,1,991989,500,769710,1
35546.436,2,991989,500,769710,1
35546.467,2,988251,800,769720,1
35546.469,2,987946,800,771780,-1
35546.471,1,992082,800,770020,1
35546.876,1,992369,500,769810,1
35546.885,2,992082,800,770020,1
35547.017,1,992472,800,769920,1
35547.056,2,968210,400,100,1
35547.402,1,992766,400,100,1
35547.429,1,992790,500,772290,-1
35547.562,1,992866,800,771980,-1
35550.511,4,989536,500,770900,-1
35550.53,4,989536,500,770900,-1
35550.678,2,992766,400,100,1
35550.682,2,982889,400,9999990,-1
35550.999,1,994780,400,100,1
35551.004,1,994785,400,9999990,-1
35553.678,2,992472,800,769920,1
35553.679,2,992866,800,771980,-1
35553.709,2,994780,400,100,1
35553.789,1,996219,800,769820,1
35553.937,1,996294,1400,770310,1
35554.324,2,996294,1400,770310,1
35554.352,1,996562,800,771880,-1
35554.702,1,996791,1400,770310,1
35555.497,2,994785,400,9999990,-1
35555.5,2,996791,1400,770310,1
35556.04,1,997519,1800,770790,-1
35556.044,1,997525,400,770310,1
35556.48,2,997519,1800,770790,-1
35556.773,2,996219,800,769820,1
35556.779,2,996562,800,771880,-1
35556.791,1,997878,1800,770790,-1
35556.881,1,997931,800,769720,1
35557.456,1,998229,800,771780,-1
35557.516,2,997878,1800,770790,-1
35557.597,2,992369,500,769810,1
35557.608,2,992790,500,772290,-1
35557.715,1,998389,500,772190,-1
35557.718,2,997931,800,769720,1
35557.721,2,998229,800,771780,-1
35557.866,1,998516,1800,770790,-1
35557.959,1,998582,800,769520,1
35558.194,2,998389,500,772190,-1
35558.251,1,998820,500,769610,1
35558.489,1,998962,800,771580,-1
35558.932,1,999338,500,772090,-1
35559.48,1,999829,1000,770600,-1
35560.367,4,997525,400,770310,1
35560.827,1,1000751,100,769310,1
35561.381,2,998820,500,769610,1
35561.384,2,999338,500,772090,-1
35561.529,1,1001181,500,769610,1
35561.748,2,1001181,500,769610,1
35561.813,2,998582,800,769520,1
35561.814,2,998962,800,771580,-1
35561.944,1,1001455,800,769420,1
35562.076,1,1001529,500,769610,1
35562.13,2,1001529,500,769610,1
35562.607,1,1001813,500,769610,1
35562.626,2,1000751,100,769310,1
35562.659,1,1001846,800,771480,-1
35562.734,2,1001813,500,769610,1
35563.005,1,1002054,400,100,1
35563.154,1,1002129,500,769510,1
35563.883,2,1002129,500,769510,1
35563.984,2,1001455,800,769420,1
35563.99,2,1001846,800,771480,-1
35564.002,1,1002629,800,769220,1
35564.128,1,1002735,500,769410,1
35564.475,1,1002952,800,771280,-1
35564.628,2,1002629,800,769220,1
35564.637,2,1002952,800,771280,-1
35564.798,1,1003157,500,771890,-1
35564.915,2,998516,1800,770790,-1
35565.118,1,1003333,800,771180,-1
35565.22,1,1003423,1800,9999990,-1
35565.239,2,1002735,500,769410,1
35565.241,2,1003157,500,771890,-1
35565.451,1,1003591,500,769310,1
35565.677,1,1003769,800,769120,1
35565.997,1,1004029,500,771790,-1
35566.913,2,1003591,500,769310,1
35566.916,2,1004029,500,771790,-1
35567.013,2,1003769,800,769120,1
35567.023,2,1003333,800,771180,-1
35567.091,1,1004810,700,770400,-1
35567.097,1,1004813,500,769410,1
35567.117,1,1004829,800,769420,1
35567.456,2,999829,1000,770600,-1
35567.493,1,1005057,800,771480,-1
35567.638,1,1005141,500,771890,-1
35567.686,2,1004813,500,769410,1
35567.697,2,1005141,500,771890,-1
35568.187,1,1005481,500,769510,1
35568.203,2,1004829,800,769420,1
35568.206,2,1005057,800,771480,-1
35568.211,1,1005495,800,769320,1
35568.505,2,1003423,1800,9999990,-1
35568.74,1,1005860,500,771990,-1
35568.763,1,1005877,800,771380,-1
35568.782,1,1005889,1800,9999990,-1
35569.018,1,1006041,1000,770400,-1
35569.72,2,1005481,500,769510,1
35569.725,2,1005860,500,771990,-1
35569.826,1,1006480,500,769410,1
35570.376,1,1006758,500,771890,-1
35571.188,1,1007148,700,770400,-1
35572.424,2,1005495,800,769320,1
35572.429,2,1005877,800,771380,-1
35572.577,1,1007895,800,769220,1
35572.691,1,1007956,700,770300,-1
35573.117,1,1008163,800,771280,-1
35573.603,2,1006041,1000,770400,-1
35573.924,2,1005889,1800,9999990,-1
35574.227,1,1008700,1800,9999990,-1
35574.433,1,1008782,700,770200,-1
35574.732,2,1008700,1800,9999990,-1
35574.735,2,1002054,400,100,1
35575.074,1,1009118,400,9999990,-1
35575.078,1,1009121,400,100,1
35576.17,2,1006480,500,769410,1
35576.171,2,1006758,500,771890,-1
35576.28,1,1009677,500,769310,1
35577.071,2,1007895,800,769220,1
35577.073,2,1008163,800,771280,-1
35577.185,1,1010262,800,769020,1
35577.409,2,1009677,500,769310,1
35577.622,1,1010619,500,769210,1
35577.805,1,1010784,1000,770200,-1
35577.896,2,1010784,1000,770200,-1
35578.496,1,1011313,1000,761000,1
35578.84,2,1010619,500,769210,1
35578.873,1,1011615,1000,770100,-1
35578.935,1,1011672,500,769110,1
35579.642,2,968351,1000,769100,1
35579.645,1,1012161,1000,768600,1
35580.176,2,1009121,400,100,1
35580.242,1,1012474,800,768920,1
35580.245,2,1010262,800,769020,1
35580.487,1,1012615,400,100,1
35581.235,2,1012474,800,768920,1
35581.237,1,1013188,800,768820,1
35581.506,2,955252,600,767900,1
35581.51,1,1013363,600,767300,1
35582.279,2,1012615,400,100,1
35582.283,2,1009118,400,9999990,-1
35582.591,1,1014172,400,100,1
35582.595,1,1014175,400,9999990,-1
35582.651,2,1013188,800,768820,1
35582.768,1,1014332,800,768720,1
35584.977,4,1011672,300,769110,1
35585.042,2,1011672,200,769110,1
35585.353,2,1014172,400,100,1
35585.547,2,1014332,800,768720,1
35585.656,1,1016385,800,768620,1
35585.98,1,1016595,400,100,1
35586.139,2,1012161,1000,768600,1
35586.141,1,1016691,1000,768300,1
35586.485,2,1016595,400,100,1
35586.764,1,1017082,400,100,1
35588.025,2,1016385,800,768620,1
35588.16,1,1017952,800,768520,1
35592.752,2,1017952,800,768520,1
35592.766,1,1021123,800,768220,1
35592.778,5,1015977,500,768770,1
35593.116,2,1021123,800,768220,1
35593.28,1,1021558,800,768320,1
35593.332,1,1021602,200,768910,1
35593.377,2,1021558,800,768320,1
35593.418,2,1021602,200,768910,1
35593.808,1,1021996,800,768520,1
35593.97,1,1022131,200,769010,1
35594.018,1,1022166,100,770500,-1
35594.209,1,1022307,1000,769210,-1
35594.218,2,1011615,1000,770100,-1
35594.396,2,1014175,400,9999990,-1
35594.452,2,1022131,200,769010,1
35594.583,2,1021996,800,768520,1
35594.685,1,1022685,800,768420,1
35594.759,1,1022740,1800,9999990,-1
35595.478,2,1013363,600,767300,1
35595.487,1,1023154,600,766800,1
35595.71,2,1022685,800,768420,1
35595.865,1,1023397,800,768320,1
35596.623,2,1016691,1000,768300,1
35596.625,1,1023807,1000,768100,1
35597.962,2,1022740,1800,9999990,-1
35597.979,2,1023397,800,768320,1
35598.085,2,1022307,1000,769210,-1
35598.128,1,1024710,800,768220,1
35598.292,2,1024710,800,768220,1
35598.31,1,1024853,400,9999990,-1
35598.552,1,1025038,1000,769800,-1
35598.607,1,1025084,800,768520,1
35598.834,2,1025084,800,768520,1
35599.171,1,1025462,800,768420,1
35599.986,2,1024853,400,9999990,-1
35600.227,1,1026149,400,9999990,-1
35602.819,1,1028065,200,768710,1
35602.879,2,567778,100,772600,-1
35602.881,1,1028123,100,769800,-1
35603.724,1,1028767,400,768800,1
35604.648,2,1023807,1000,768100,1
35604.649,1,1029266,1000,768500,1
35604.71,2,1025462,800,768420,1
35604.824,1,1029360,800,768520,1
35605.323,1,1029621,500,769000,1
35605.409,2,1028065,200,768710,1
35605.958,1,1029924,200,769010,1
35606.787,2,1029266,1000,768500,1
35606.79,1,1030333,1000,768300,1
35607.376,1,1030628,500,770290,-1
35607.447,2,1030628,500,770290,-1
35607.925,1,1030922,500,770290,-1
35608.059,2,1030922,500,770290,-1
35608.575,1,1031294,500,770290,-1
35608.788,1,1031419,200,770190,-1
35608.896,1,1031481,400,769110,1
35608.901,2,1031294,500,770290,-1
35609.682,2,1030333,1000,768300,1
35609.684,1,1031894,1000,768100,1
35610.696,2,1017082,400,100,1
35610.698,2,1026149,400,9999990,-1
35611.991,2,1031481,400,769110,1
35614.489,1,1034668,400,769110,1
35614.823,2,1029360,800,768520,1
35615.595,2,1029621,500,769000,1
35616.88,2,1025038,1000,769800,-1
35616.942,2,1029924,200,769010,1
35617.057,1,1036167,800,768520,1
35617.713,2,1036167,800,768520,1
35617.819,1,1036551,800,768420,1
35619.69,2,1036551,800,768420,1
35619.801,1,1037417,800,768320,1
35622.559,5,1036228,429,769200,-1
35622.559,4,1028123,71,769800,-1
35622.65,1,1038713,200,768810,1
35624.394,2,1037417,800,768320,1
35625.882,2,1008782,700,770200,-1
35625.884,2,1007956,700,770300,-1
35625.886,2,1007148,700,770400,-1
35625.887,2,1004810,700,770400,-1
35625.983,1,1040225,500,770390,-1
35626.006,1,1040239,800,770280,-1
35626.312,2,1034668,400,769110,1
35626.554,1,1040484,800,768220,1
35628.389,2,1040225,500,770390,-1
35628.799,1,1041881,500,770190,-1
35628.87,2,1038713,200,768810,1
35628.885,2,1040484,800,768220,1
35628.887,2,1040239,800,770280,-1
35628.904,1,1041968,800,769980,-1
35628.92,1,1041986,500,768300,1
35628.963,2,1041881,500,770190,-1
35629.407,1,1042440,500,770090,-1
35630.221,2,1042440,500,770090,-1
35630.234,1,1043414,500,769990,-1
35630.721,2,1041968,800,769980,-1
35630.732,1,1043963,800,769780,-1
35630.841,2,1031894,1000,768100,1
35630.846,1,1044083,1000,767800,1
35631.193,2,1043963,800,769780,-1
35631.399,1,1044762,800,769780,-1
35631.403,2,1031419,200,770190,-1
35631.414,1,1044772,200,768310,1
35631.855,1,1045197,200,769980,-1
35632.276,1,1045596,1000,769200,-1
35632.837,2,968320,600,773200,-1
35632.849,1,1046165,900,771700,-1
35633.181,5,1045724,500,769160,-1
35633.794,2,1043414,500,769990,-1
35634.129,2,1041986,500,768300,1
35634.2,5,1045749,100,769160,-1
35634.2,4,1045596,200,769200,-1
35634.286,2,1044762,800,769780,-1
35634.326,1,1047307,800,767920,1
35634.35,1,1047330,500,769890,-1
35634.407,2,1045596,800,769200,-1
35634.834,2,1047307,800,767920,1
35634.951,1,1047868,800,768020,1
35636.17,2,1047868,800,768020,1
35636.277,1,1048755,800,768120,1
35636.995,2,954133,400,772700,-1
35636.998,1,1049217,400,771600,-1
35638.169,1,1049871,500,769900,-1
35639.058,1,1050317,800,769800,-1
35639.139,2,1049871,500,769900,-1
35639.32,2,1045197,200,769980,-1
35639.322,2,1048755,800,768120,1
35639.424,1,1050491,200,769790,-1
35639.428,1,1050493,800,770280,-1
35639.785,4,1028767,400,768800,1
35639.785,5,1042270,100,768800,1
35639.857,2,1050317,800,769800,-1
35639.989,1,1050757,800,768220,1
35640.449,1,1050960,700,768900,1
35640.488,1,1050976,800,769900,-1
35640.902,2,1047330,500,769890,-1
35641.014,1,1051220,500,769790,-1
35642.654,2,1051220,500,769790,-1
35642.678,2,1022166,100,770500,-1
35642.763,1,1052106,500,769900,-1
35644.19,2,1052106,500,769900,-1
35644.245,2,1050757,800,768220,1
35644.252,2,1050493,800,770280,-1
35644.254,1,1052902,800,768520,1
35644.358,2,1044772,200,768310,1
35644.361,2,1050491,200,769790,-1
35644.516,1,1053143,500,769990,-1
35644.585,2,1052902,800,768520,1
35644.721,1,1053316,800,768420,1
35644.78,1,1053394,200,768910,1
35644.948,2,1053143,500,769990,-1
35645.06,1,1053647,500,769900,-1
35645.231,1,1053738,800,770480,-1
35645.283,1,1053772,200,769890,-1
35645.332,2,1050976,800,769900,-1
35645.742,1,1054098,100,768400,1
35645.816,1,1054149,800,770000,-1
35645.844,2,1050960,700,768900,1
35645.991,2,1053647,500,769900,-1
35646.051,2,1053738,800,770480,-1
35646.058,2,1053316,800,768420,1
35646.097,1,1054324,500,770000,-1
35646.213,2,1054324,500,770000,-1
35646.216,1,1054410,800,768220,1
35646.595,1,1054695,500,770000,-1
35646.616,2,1053394,200,768910,1
35646.679,2,1054695,500,770000,-1
35646.9,1,1054898,700,768910,1
35647.138,1,1055036,500,770000,-1
35647.777,1,1055433,200,768410,1
35648.231,2,1055036,500,770000,-1
35648.343,1,1055779,500,771000,-1
35648.752,2,1054149,800,770000,-1
35648.957,1,1056140,800,770280,-1
35649.185,1,1056239,800,770010,-1
35649.583,2,1055779,500,771000,-1
35651.731,1,1057786,500,770010,-1
35651.94,1,1057927,200,769800,-1
35652.11,2,1057786,500,770010,-1
35652.154,2,1054410,800,768220,1
35652.156,2,1056140,800,770280,-1
35652.169,2,1053772,200,769890,-1
35652.238,1,1058102,800,768520,1
35652.28,1,1058141,500,770010,-1
35652.345,2,1056239,800,770010,-1
35652.959,1,1058722,800,770580,-1
35653.905,2,1058722,800,770580,-1
35653.911,2,1058102,800,768520,1
35653.945,1,1059466,800,768620,1
35654.036,2,1058141,500,770010,-1
35654.107,1,1059602,500,769790,-1
35654.318,2,1055433,200,768410,1
35654.384,1,1059843,800,770680,-1
35654.425,1,1059865,200,768630,1
35654.683,4,1059602,100,769790,-1
35654.786,2,1059602,400,769790,-1
35654.795,1,1060112,400,769890,-1
35654.983,4,1028123,29,769800,-1
35654.983,4,1057927,71,769800,-1
35655.12,2,1054898,700,768910,1
35655.342,1,1060445,100,768410,1
35655.522,2,1049217,400,771600,-1
35655.525,1,1060553,400,772100,-1
35655.67,2,1060112,400,769890,-1
35655.89,1,1060775,400,769990,-1
35655.986,2,1060445,100,768410,1
35656.434,1,1061054,100,768510,1
35657.54,4,1057927,100,769800,-1
35657.934,2,1061054,100,768510,1
35657.937,2,1060775,400,769990,-1
35657.94,1,1061774,400,769900,-1
35657.961,2,1059466,800,768620,1
35657.963,2,1059843,800,770680,-1
35657.983,1,1061818,800,770580,-1
35658.057,1,1061869,200,769980,-1
35658.095,2,1061818,800,770580,-1
35658.129,2,1061774,400,769900,-1
35658.506,1,1062130,800,770680,-1
35658.51,1,1062133,400,769990,-1
35658.579,2,1061869,200,769980,-1
35659.045,1,1062410,800,768620,1
35659.092,1,1062440,100,768510,1
35662.397,1,1064101,1,100,1
35662.916,2,1062133,400,769990,-1
35662.92,1,1064317,400,770090,-1
35663.39,2,1062440,100,768510,1
35663.598,2,1064317,400,770090,-1
35663.603,1,1064620,400,770190,-1
35663.882,2,1062410,800,768620,1
35663.885,2,1062130,800,770680,-1
35663.893,1,1064819,800,768820,1
35664.141,1,1064989,100,768710,1
35664.355,1,1065106,800,770880,-1
35665.099,2,1064819,800,768820,1
35665.11,1,1065618,200,770180,-1
35665.128,2,1064989,100,768710,1
35665.14,2,1065106,800,770880,-1
35665.144,1,1065641,800,770680,-1
35665.263,2,1065641,800,770680,-1
35665.31,2,1059865,200,768630,1
35665.476,1,1065866,100,768610,1
35665.649,1,1065980,800,768520,1
35665.747,1,1066073,200,768410,1
35665.774,2,1065866,100,768610,1
35665.994,2,1064620,400,770190,-1
35666.239,1,1066372,400,770090,-1
35666.243,1,1066376,800,770580,-1
35666.491,1,1066520,100,768510,1
35667.452,2,1064101,1,100,1
35667.84,1,1067145,1,9999900,-1
35667.844,1,1067148,100,100,1
35667.935,2,1066520,100,768510,1
35668.005,2,1066372,400,770090,-1
35668.009,1,1067268,400,769990,-1
35668.011,2,1065980,800,768520,1
35668.015,2,1066376,800,770580,-1
35668.119,2,1065618,200,770180,-1
35668.228,1,1067438,800,770380,-1
35668.542,1,1067675,100,768410,1
35668.801,4,1057927,29,769800,-1
35668.801,5,1067433,171,769810,-1
35668.86,1,1067955,800,768320,1
35668.873,1,1067964,200,769790,-1
35669.147,2,1067964,200,769790,-1
35669.619,1,1068497,200,770370,-1
35669.782,2,1067145,1,9999900,-1
35670.139,1,1068858,100,9999990,-1
35670.71,2,1067148,100,100,1
35670.715,2,1068858,100,9999990,-1
35670.978,1,1069382,100,100,1
35670.982,1,1069385,100,9999990,-1
35672.437,2,1067955,800,768320,1
35672.442,2,1067438,800,770380,-1
35672.455,1,1070233,800,768620,1
35672.517,2,1067675,100,768410,1
35672.539,2,1067268,400,769990,-1
35672.61,1,1070351,400,770090,-1
35672.633,2,1068497,200,770370,-1
35672.922,1,1070586,200,770360,-1
35672.978,1,1070638,800,770680,-1
35673.16,1,1070769,100,768610,1
35675.784,2,1070638,800,770680,-1
35675.786,2,1070233,800,768620,1
35675.919,1,1072364,800,770580,-1
35676.471,1,1072712,800,768520,1
35676.611,1,1072781,200,769900,-1
35676.815,2,1066073,200,768410,1
35677.034,1,1073007,200,768530,1
35679.023,2,1072781,200,769900,-1
35679.977,2,1070769,100,768610,1
35680.114,2,1070351,400,770090,-1
35680.118,1,1074901,400,769990,-1
35680.271,2,1072712,800,768520,1
35680.274,2,1072364,800,770580,-1
35680.308,1,1075064,800,770380,-1
35680.874,1,1075491,800,768320,1
35680.877,1,1075493,100,768510,1
35681.486,2,1075493,100,768510,1
35681.6,1,1076054,100,768410,1
35683.164,2,1074901,400,769990,-1
35683.17,1,1077275,400,769890,-1
35683.383,2,1073007,200,768530,1
35683.5,1,1077521,200,768420,1
35683.922,2,1076054,100,768410,1
35684.229,2,1077275,400,769890,-1
35684.242,1,1077922,400,769800,-1
35684.816,2,1069385,100,9999990,-1
35685.22,2,1046165,900,771700,-1
35685.235,1,1078478,600,771500,-1
35685.243,1,1078486,1200,769990,-1
35685.638,2,1075491,800,768320,1
35685.641,2,1075064,800,770380,-1
35685.703,2,1070586,200,770360,-1
35685.741,1,1078839,800,768420,1
35685.869,1,1078914,200,769980,-1
35685.927,1,1078942,100,768310,1
35686.038,2,1044083,1000,767800,1
35686.051,1,1078998,1000,767200,1
35686.269,2,1077922,400,769800,-1
35686.378,1,1079205,800,770480,-1
35686.542,1,1079324,400,769890,-1
35686.712,2,1078942,100,768310,1
35686.755,2,1079324,400,769890,-1
35687.076,2,1078839,800,768420,1
35687.082,2,1079205,800,770480,-1
35687.115,2,1078914,200,769980,-1
35687.142,1,1079721,800,768620,1
35687.146,2,1078486,1200,769990,-1
35687.148,1,1079730,400,770090,-1
35687.364,1,1079875,200,771490,-1
35687.53,1,1079988,100,9999990,-1
35687.683,1,1080154,100,768510,1
35687.716,1,1080196,800,770680,-1
35688.616,2,1080154,100,768510,1
35690.045,2,1079730,400,770090,-1
35690.05,1,1081740,400,770190,-1
35691.184,1,1082315,100,768610,1
35691.362,2,1079988,100,9999990,-1
35691.535,2,1082315,100,768610,1
35691.692,1,1082559,100,768710,1
35691.805,1,1082619,100,9999990,-1
35691.825,2,1077521,200,768420,1
35691.827,2,1079875,200,771490,-1
35691.923,1,1082695,200,768630,1
35691.927,2,1082559,100,768710,1
35692.262,1,1082868,100,768610,1
35692.474,1,1082971,200,770090,-1
35692.858,2,1082971,200,770090,-1
35693.065,1,1083298,200,770090,-1
35693.122,2,1083298,200,770090,-1
35693.248,2,1081740,400,770190,-1
35693.251,1,1083420,400,770090,-1
35693.62,1,1083631,200,770670,-1
35695.41,2,1079721,800,768620,1
35695.412,2,1080196,800,770680,-1
35695.522,1,1084738,800,770780,-1
35695.592,1,1084768,300,769800,1
35695.7,2,1082868,100,768610,1
35696.011,1,1084975,100,768510,1
35696.063,1,1084996,800,768720,1
35697.078,2,1083420,400,770090,-1
35697.081,1,1085543,400,769990,-1
35697.733,2,1084996,800,768720,1
35697.734,2,1084738,800,770780,-1
35697.898,1,1085984,800,770880,-1
35698.091,5,1084798,100,769840,1
35698.477,1,1086293,800,768820,1
35700.898,2,1084768,300,769800,1
35702.044,2,1086293,800,768820,1
35702.05,2,1085984,800,770880,-1
35702.159,1,1088257,800,768720,1
35702.793,1,1088516,800,770780,-1
35703.592,2,1082619,100,9999990,-1
35703.934,1,1089011,100,9999990,-1
35704.894,2,1069382,100,100,1
35704.897,2,1089011,100,9999990,-1
35705.005,4,1085543,400,769990,-1
35705.203,1,1089691,100,100,1
35705.205,1,1089692,100,9999990,-1
35705.206,1,1089693,500,770990,-1
35706.032,1,1090085,300,770000,1
35706.315,2,1088257,800,768720,1
35706.319,2,1088516,800,770780,-1
35706.432,1,1090250,800,770880,-1
35706.47,2,1054098,100,768400,1
35706.473,1,1090269,100,769100,1
35706.638,2,1089693,500,770990,-1
35706.747,1,1090397,500,771090,-1
35707.004,1,1090503,800,768820,1
35707.024,1,1090507,1000,770800,-1
35707.256,2,1090503,800,768820,1
35707.259,2,1090250,800,770880,-1
35707.592,1,1090876,800,770980,-1
35708.196,1,1091203,800,768920,1
35708.62,2,1091203,800,768920,1
35708.622,2,1090876,800,770980,-1
35708.628,2,1090397,500,771090,-1
35708.709,2,1084975,100,768510,1
35708.712,1,1091586,400,768810,1
35708.733,1,1091604,800,771280,-1
35709.258,2,1091586,400,768810,1
35709.26,1,1092055,100,768910,1
35709.366,1,1092156,800,769220,1
35710.639,2,1092156,800,769220,1
35710.641,2,1091604,800,771280,-1
35710.763,1,1093463,800,771380,-1
35710.826,1,1093504,500,771390,-1
35710.995,2,1078478,600,771500,-1
35711.015,1,1093671,600,771800,-1
35711.083,2,1093504,500,771390,-1
35711.389,1,1093995,800,769320,1
35711.419,2,1092055,100,768910,1
35711.423,1,1094013,400,769010,1
35713.19,2,1083631,200,770670,-1
35713.326,2,1082695,200,768630,1
35713.332,1,1095581,200,770790,-1
35713.523,2,1094013,400,769010,1
35713.912,1,1096000,200,769330,1
35714.064,2,1090507,1000,770800,-1
35714.069,1,1096108,1000,770000,1
35714.204,1,1096178,500,771390,-1
35714.318,2,1096108,1000,770000,1
35715.365,2,1096178,500,771390,-1
35715.468,1,1096991,500,771390,-1
35715.735,2,1096991,500,771390,-1
35716.062,1,1097386,500,771290,-1
35717.3,2,1090085,300,770000,1
35718.019,2,1078998,1000,767200,1
35718.022,1,1098737,1000,767900,1
35718.239,5,1098200,550,770450,-1
35718.239,4,1095581,50,770790,-1
35718.388,2,1097386,500,771290,-1
35718.498,1,1099025,500,771390,-1
35719.083,2,1093995,800,769320,1
35719.086,2,1093463,800,771380,-1
35719.194,1,1099523,800,769220,1
35719.232,1,1099548,500,768910,1
35719.802,1,1099891,800,771280,-1
35720.887,2,1095581,150,770790,-1
35720.9,2,1099548,500,768910,1
35720.902,2,1099025,500,771390,-1
35720.97,1,1100568,500,771490,-1
35721.085,1,1100646,200,770790,-1
35721.26,2,1100646,200,770790,-1
35721.476,2,1099523,800,769220,1
35721.479,2,1099891,800,771280,-1
35721.591,1,1100966,500,769010,1
35721.622,1,1100990,800,769120,1
35721.648,1,1101005,200,770790,-1
35721.72,4,1101005,100,770790,-1
35721.724,2,1101005,100,770790,-1
35721.956,2,1100990,800,769120,1
35722.198,1,1101432,200,771480,-1
35722.34,1,1101564,800,769420,1
35722.428,2,1100966,500,769010,1
35722.43,2,1100568,500,771490,-1
35722.647,1,1101821,500,771590,-1
35722.846,1,1101956,800,771480,-1
35723.019,2,1101432,200,771480,-1
35723.16,2,1101956,800,771480,-1
35723.166,2,1101564,800,769420,1
35723.307,1,1102419,200,771580,-1
35723.335,1,1102451,500,769110,1
35723.404,1,1102523,800,769320,1
35723.915,1,1102994,800,771380,-1
35724.236,2,1060553,400,772100,-1
35724.239,1,1103289,400,772700,-1
35725.474,2,1102451,500,769110,1
35725.477,2,1101821,500,771590,-1
35725.58,1,1104225,500,769210,1
35725.717,2,1089692,100,9999990,-1
35725.958,1,1104578,100,9999990,-1
35726.098,1,1104690,500,771690,-1
35727.817,2,1104225,500,769210,1
35727.82,2,1104690,500,771690,-1
35728.091,1,1106125,500,771790,-1
35728.277,2,1106125,500,771790,-1
35728.312,2,1102523,800,769320,1
35728.322,2,1102994,800,771380,-1
35728.331,1,1106353,800,769520,1
35728.472,2,1096000,200,769330,1
35728.479,2,1102419,200,771580,-1
35728.598,1,1106573,150,769530,1
35728.609,1,1106581,500,771890,-1
35728.999,1,1106902,800,771580,-1
35729.225,2,1093671,600,771800,-1
35729.227,1,1107104,600,772200,-1
35729.25,1,1107129,200,771790,-1
35729.329,1,1107180,500,769410,1
35730.355,2,1089691,100,100,1
35730.358,2,1104578,100,9999990,-1
35730.74,1,1108309,100,100,1
35730.744,1,1108316,100,9999990,-1
35732.134,2,1023154,600,766800,1
35732.147,1,1109387,600,767700,1
35732.619,1,1109702,200,771200,-1
35732.797,2,1108316,100,9999990,-1
35732.846,2,1107129,200,771790,-1
35732.955,1,1109935,200,771570,-1
35733.233,1,1110158,100,9999990,-1
35733.302,2,1107180,500,769410,1
35733.305,2,1106581,500,771890,-1
35733.412,1,1110280,1000,770100,1
35733.518,1,1110363,500,769510,1
35733.715,2,1106353,800,769520,1
35733.718,2,1106902,800,771580,-1
35733.759,1,1110607,800,769720,1
35733.843,2,1110363,500,769510,1
35734.064,1,1110890,500,772090,-1
35734.264,1,1111056,800,771780,-1
35734.656,1,1111490,500,769610,1
35734.89,2,1098737,1000,767900,1
35734.898,1,1111740,1000,768400,1
35735.064,1,1111892,800,769820,1
35735.067,2,1110607,800,769720,1
35735.071,2,1111056,800,771780,-1
35735.801,1,1112602,800,771880,-1
35736.334,2,1111490,500,769610,1
35736.342,2,1110890,500,772090,-1
35736.491,1,1113245,500,769710,1
35740.627,2,1111892,800,769820,1
35740.631,2,1112602,800,771880,-1
35740.636,1,1117129,800,770020,1
35740.646,2,1113245,500,769710,1
35740.775,2,1117129,800,770020,1
35740.907,2,1109935,200,771570,-1
35740.986,1,1117483,500,769710,1
35741.12,1,1117607,800,769820,1
35741.269,2,1107104,600,772200,-1
35741.286,1,1117754,600,772600,-1
35741.487,1,1117915,500,772190,-1
35741.659,1,1118064,800,771880,-1
35741.905,1,1118238,200,771570,-1
35741.986,2,1117483,500,769710,1
35741.998,2,1117915,500,772190,-1
35742.115,1,1118391,500,769610,1
35744.295,2,1117607,800,769820,1
35744.299,2,1118064,800,771880,-1
35744.402,1,1120007,800,769720,1
35744.606,1,1120149,500,772090,-1
35744.946,1,1120375,800,771780,-1
35747.67,2,1118391,500,769610,1
35747.675,2,1120149,500,772090,-1
35747.782,1,1122426,500,769710,1
35748.941,2,1122426,500,769710,1
35749.108,1,1123470,500,769710,1
35749.171,2,1123470,500,769710,1
35749.719,1,1123892,500,769610,1
35750.366,2,1123892,500,769610,1
35750.636,1,1124631,500,769710,1
35750.69,1,1124673,1000,770800,1
35750.695,2,1110280,1000,770100,1
35750.87,2,1120007,800,769720,1
35750.877,2,1120375,800,771780,-1
35750.945,2,1106573,150,769530,1
35750.995,1,1124916,800,771880,-1
35751.161,1,1125032,150,770110,1
35751.584,1,1125291,800,769820,1
35752.166,2,1108309,100,100,1
35752.396,1,1125848,200,770610,1
35752.78,1,1126144,1000,770900,1
35752.794,2,1124673,1000,770800,1
35753.45,2,1124631,500,769710,1
35753.459,2,1125032,150,770110,1
35753.465,2,1118238,200,771570,-1
35753.486,2,1125291,800,769820,1
35753.489,2,1124916,800,771880,-1
35753.564,1,1126685,500,772290,-1
35753.576,1,1126693,150,770810,1
35753.647,1,1126770,800,772180,-1
35753.808,1,1126909,200,772200,-1
35754.118,2,1126144,1000,770900,1
35754.185,1,1127182,500,769810,1
35754.207,1,1127200,800,770120,1
35754.265,1,1127242,200,772170,-1
35754.491,2,1126693,150,770810,1
35755.395,1,1128113,150,770810,1
35755.81,1,1128459,1000,770900,1
35756.025,2,1128113,150,770810,1
35756.746,5,1124321,600,771000,1
35756.746,5,1124345,100,771000,1
35757.231,4,1109702,200,771200,-1
35757.314,1,1129529,150,770620,1
35758.232,2,1129529,150,770620,1
35758.246,2,1127200,800,770120,1
35758.253,2,1126770,800,772180,-1
35758.289,1,1130185,800,771880,-1
35758.579,2,1130185,800,771880,-1
35758.724,2,1127182,500,769810,1
35758.729,2,1126685,500,772290,-1
35758.811,1,1130606,800,771980,-1
35758.828,1,1130619,500,772190,-1
35758.978,2,1130619,500,772190,-1
35759.166,2,1128459,1000,770900,1
35759.513,1,1131126,800,769920,1
35759.552,1,1131160,500,772190,-1
35759.968,1,1131500,500,769710,1
35760.113,1,1131597,800,771880,-1
35760.119,2,1131126,800,769920,1
35760.246,2,1130606,800,771980,-1
35760.66,1,1131979,800,769820,1
35762.477,1,1133298,1100,771100,1
35765.627,1,1135516,150,770620,1
35765.719,2,1131979,800,769820,1
35765.722,2,1131597,800,771880,-1
35765.724,1,1135633,800,771980,-1
35765.732,2,1131500,500,769710,1
35765.739,2,1131160,500,772190,-1
35765.936,2,1135633,800,771980,-1
35766.088,1,1135943,500,772290,-1
35766.156,1,1136019,800,772180,-1
35766.786,2,1135943,500,772290,-1
35768.229,5,1136210,500,771200,1
35769.755,2,1110158,100,9999990,-1
35770.367,1,1139555,100,9999990,-1
35771.34,2,1135516,150,770620,1
35771.388,2,1136019,800,772180,-1
35771.468,1,1140272,800,770320,1
35771.474,1,1140277,150,770630,1
35771.481,1,1140283,500,770110,1
35771.991,2,1140272,800,770320,1
35772.065,1,1140713,500,772590,-1
35772.068,1,1140718,800,772180,-1
35772.176,2,1140718,800,772180,-1
35772.569,1,1141120,900,771000,1
35772.681,1,1141208,800,772380,-1
35773.13,2,1141208,800,772380,-1
35773.248,2,1140283,500,770110,1
35773.256,2,1140713,500,772590,-1
35773.275,2,1141120,900,771000,1
35773.306,1,1141820,800,772180,-1
35774.218,2,1141820,800,772180,-1
35774.333,2,1103289,400,772700,-1
35774.349,1,1142845,400,773400,-1
35774.474,1,1142997,500,772590,-1
35774.527,1,1143038,800,772480,-1
35775.371,2,1142997,500,772590,-1
35778.744,2,1139555,100,9999990,-1
35778.92,2,1117754,600,772600,-1
35778.925,1,1146326,600,773000,-1
35779.114,1,1146447,100,9999990,-1
35779.987,2,1143038,800,772480,-1
35780.145,2,1140277,150,770630,1
35780.201,1,1147137,500,770310,1
35780.323,1,1147228,150,771110,1
35780.444,1,1147318,800,772680,-1
35780.991,2,1147137,500,770310,1
35781.026,5,1141732,500,772100,-1
35782.001,4,1127242,200,772170,-1
35782.001,4,1126909,200,772200,-1
35782.112,1,1148520,500,772890,-1
35782.389,1,1148683,50,772990,-1
35782.684,2,1146447,100,9999990,-1
35782.69,2,1125848,200,770610,1
35782.763,1,1148931,500,770410,1
35782.793,1,1148950,800,770620,1
35782.932,1,1149039,200,771690,-1
35782.937,1,1149041,100,100,1
35783.223,2,1148683,50,772990,-1
35783.335,1,1149278,50,772670,-1
35783.408,2,1146326,600,773000,-1
35783.41,2,1111740,1000,768400,1
35783.442,1,1149367,900,773700,-1
35783.444,1,1149369,1000,769700,1
35784.191,2,1149367,900,773700,-1
35784.193,1,1149941,1000,775200,-1
35784.424,4,1149039,200,771690,-1
35784.839,2,1148950,800,770620,1
35784.843,2,1147318,800,772680,-1
35784.944,1,1150459,100,772690,-1
35785.01,1,1150493,800,770520,1
35785.593,1,1150853,800,772580,-1
35785.909,1,1151039,100,772700,-1
35786.767,2,1148931,500,770410,1
35786.77,2,1148520,500,772890,-1
35788.958,2,1150493,800,770520,1
35788.961,2,1150853,800,772580,-1
35788.994,1,1153208,800,770720,1
35789.49,2,1153208,800,770720,1
35789.627,1,1153673,500,770510,1
35789.755,1,1153797,800,770720,1
35790.047,2,1153797,800,770720,1
35790.375,1,1154380,800,772580,-1
35790.74,2,1154380,800,772580,-1
35790.89,1,1154816,800,772480,-1
35791.476,1,1155241,1000,771200,1
35792.659,2,1153673,500,770510,1
35794.376,2,1149041,100,100,1
35794.797,1,1157861,300,100,1
35798.223,2,1157861,300,100,1
35798.227,2,1150459,100,772690,-1
35798.543,1,1160137,100,100,1
35798.546,1,1160138,100,9999990,-1
35800.003,2,1160137,100,100,1
35800.467,1,1161263,300,100,1
35800.888,2,1154816,800,772480,-1
35801.037,1,1161707,800,772480,-1
35801.044,1,1161715,500,772890,-1
35803.273,2,1161715,500,772890,-1
35803.349,1,1163350,500,772200,-1
35804.225,1,1163946,100,771200,1
35805.469,2,1149278,50,772670,-1
35805.544,2,1149941,1000,775200,-1
35805.546,1,1164818,900,773900,-1
35805.761,1,1164966,50,772470,-1
35808.887,2,1161707,800,772480,-1
35808.976,1,1167200,800,772680,-1
35810.329,2,1147228,150,771110,1
