34224.864,2,62298,200,777300,-1
34228.533,2,118366,300,766000,1
34230.057,1,139564,1000,771500,-1
34235.535,1,142643,1000,770200,-1
34237.254,2,139564,1000,771500,-1
34237.562,2,142643,1000,770200,-1
34252.521,2,98567,300,780500,-1
34260.903,1,156485,300,763300,1
34268.723,1,161854,30,780500,-1
34296.372,2,117899,1000,774900,-1
34301.11,1,179410,300,774900,-1
34308.616,1,182965,1000,768500,1
34310.39,2,182965,1000,768500,1
34323.049,2,161854,30,780500,-1
34374.799,1,213020,100,765200,1
34383.824,2,156485,300,763300,1
34398.536,2,105143,10,777100,-1
34406.416,1,228891,1000,770100,-1
34407.097,2,228891,1000,770100,-1
34408.201,1,229712,1000,770100,-1
34410.881,1,230871,1000,770000,-1
34411.045,2,229712,1000,770100,-1
34416.575,2,230871,1000,770000,-1
34417.818,1,233993,1000,770000,-1
34420.621,2,233993,1000,770000,-1
34423.742,1,237528,1000,768000,1
34423.775,1,237551,300,765200,1
34424.088,1,237815,800,769810,-1
34424.125,1,237841,1100,762600,1
34425.076,1,238584,1000,769700,-1
34425.893,2,237815,800,769810,-1
34425.899,1,239178,800,769700,-1
34430.446,1,242606,1000,769600,-1
34430.449,2,238584,1000,769700,-1
34430.565,2,239178,800,769700,-1
34430.569,1,242708,800,769600,-1
34432.725,1,244521,30,780500,-1
34436.861,2,242708,800,769600,-1
34436.866,1,247519,400,769510,-1
34437.22,2,242606,1000,769600,-1
34438.577,2,247519,400,769510,-1
34438.591,1,248806,400,769600,-1
34439.916,1,249750,1000,769600,-1
34443.573,2,248806,400,769600,-1
34443.583,1,252512,400,769700,-1
34445.953,2,237551,300,765200,1
34446.686,2,237841,1100,762600,1
34446.694,1,254543,1100,764700,1
34446.993,1,254766,800,768620,1
34447.028,2,254766,800,768620,1
34447.593,2,244521,30,780500,-1
34447.602,1,255239,800,768520,1
34447.831,2,255239,800,768520,1
34448.149,1,255676,800,768320,1
34448.429,2,255676,800,768320,1
34448.709,1,256178,800,768220,1
34449.243,1,256659,800,769880,-1
34449.658,2,252512,400,769700,-1
34449.669,1,257041,400,769600,-1
34451.221,2,256178,800,768220,1
34451.223,2,256659,800,769880,-1
34451.327,1,258345,800,768120,1
34451.78,2,258345,800,768120,1
34451.871,1,258805,800,767920,1
34452.414,1,259198,800,769600,-1
34453.979,1,260338,30,780500,-1
34454.014,2,258805,800,767920,1
34454.019,2,259198,800,769600,-1
34454.115,1,260501,800,767820,1
34454.51,1,260787,800,769480,-1
34454.704,1,260969,1000,769500,-1
34454.705,2,249750,1000,769600,-1
34455.029,2,260969,1000,769500,-1
34455.649,2,257041,400,769600,-1
34455.654,1,261690,400,769500,-1
34459.323,1,264525,1000,768800,-1
34459.713,2,261690,400,769500,-1
34459.734,1,264787,800,769600,-1
34460.971,2,260501,800,767820,1
34460.974,2,260787,800,769480,-1
34461.088,1,265662,800,767720,1
34461.507,2,265662,800,767720,1
34461.628,1,266070,800,767820,1
34462.164,1,266602,800,769480,-1
34463.831,2,264525,1000,768800,-1
34464.16,2,254543,1100,764700,1
34464.184,1,267906,1200,766700,1
34464.733,2,266070,800,767820,1
34464.739,2,266602,800,769480,-1
34464.79,1,268365,800,769180,-1
34465.058,2,268365,800,769180,-1
34465.337,1,268835,800,769280,-1
34465.892,1,269263,800,767620,1
34466.924,2,267906,1200,766700,1
34466.93,1,270012,800,766500,1
34469.054,1,271637,1000,768600,-1
34469.212,2,269263,800,767620,1
34469.217,2,268835,800,769280,-1
34469.287,1,271803,800,767720,1
34469.511,2,271803,800,767720,1
34469.834,1,272258,800,767620,1
34470.327,2,272258,800,767620,1
34470.388,1,272632,800,767820,1
34470.514,2,272632,800,767820,1
34470.953,1,273090,800,767720,1
34471.09,2,273090,800,767720,1
34471.534,1,273581,800,767620,1
34472.111,1,274008,800,769280,-1
34473.601,4,271637,200,768600,-1
34473.981,4,271637,500,768600,-1
34477.63,2,271637,300,768600,-1
34478.696,1,278347,1000,769000,-1
34479.689,2,273581,800,767620,1
34479.69,2,274008,800,769280,-1
34479.791,1,279047,800,769380,-1
34480.355,1,279388,800,767720,1
34482.347,2,279388,800,767720,1
34482.348,2,279047,800,769380,-1
34482.446,1,280637,800,769480,-1
34482.991,1,280988,800,767820,1
34484.137,2,280988,800,767820,1
34484.138,2,280637,800,769480,-1
34484.149,1,281824,800,768020,1
34484.65,1,282179,800,769680,-1
34487.505,2,278347,1000,769000,-1
34487.582,2,264787,800,769600,-1
34487.624,1,284226,800,769900,-1
34487.796,1,284306,300,763700,1
34488.67,2,281824,800,768020,1
34488.672,2,282179,800,769680,-1
34488.686,1,284813,800,769780,-1
34488.874,2,284813,800,769780,-1
34489.239,1,285163,800,768020,1
34489.694,2,270012,800,766500,1
34489.723,1,285466,800,767300,1
34489.785,1,285498,800,769680,-1
34491.396,2,284226,800,769900,-1
34491.421,2,285163,800,768020,1
34491.424,2,285498,800,769680,-1
34491.431,1,286483,800,767920,1
34491.433,1,286486,800,770400,-1
34491.647,2,286483,800,767920,1
34491.969,1,286951,800,768020,1
34492.533,1,287351,800,769680,-1
34496.921,2,286951,800,768020,1
34496.923,2,287351,800,769680,-1
34496.98,1,289928,800,769380,-1
34497.552,2,289928,800,769380,-1
34497.557,1,290227,800,769480,-1
34498.119,1,290553,800,767820,1
34498.949,2,290553,800,767820,1
34498.951,2,290227,800,769480,-1
34498.997,1,291007,800,769680,-1
34499.15,2,291007,800,769680,-1
34499.541,1,291344,800,769780,-1
34500.086,1,291707,800,768120,1
34502.154,2,291707,800,768120,1
34502.16,2,291344,800,769780,-1
34502.164,1,292993,800,769580,-1
34502.195,2,260338,30,780500,-1
34502.327,2,292993,800,769580,-1
34502.696,1,293409,800,769580,-1
34502.854,2,293409,800,769580,-1
34503.259,1,293776,800,769580,-1
34503.389,2,293776,800,769580,-1
34503.805,1,294130,800,769880,-1
34504.351,1,294521,800,768220,1
34504.693,2,286486,800,770400,-1
34504.699,1,294741,1200,770800,-1
34504.724,1,294764,30,780500,-1
34504.735,2,285466,800,767300,1
34504.742,1,294776,800,767700,1
34506.477,2,294521,800,768220,1
34506.484,2,294130,800,769880,-1
34506.489,1,295953,800,768420,1
34506.697,2,295953,800,768420,1
34506.731,2,294764,30,780500,-1
34507.028,1,296373,800,768420,1
34507.377,1,296584,30,780500,-1
34507.588,1,296700,800,770080,-1
34508.448,2,296373,800,768420,1
34508.454,2,296700,800,770080,-1
34508.464,1,297173,800,769780,-1
34508.5,2,296584,30,780500,-1
34508.687,2,297173,800,769780,-1
34509.01,1,297541,800,768420,1
34509.135,1,297601,30,780500,-1
34509.558,1,297837,800,770080,-1
34510.561,1,298386,800,768320,1
34510.563,2,297541,800,768420,1
34510.565,2,297837,800,770080,-1
34510.605,2,298386,800,768320,1
34510.625,2,297601,30,780500,-1
34510.943,2,294776,800,767700,1
34510.952,1,298623,800,768000,1
34510.994,2,294741,1200,770800,-1
34511.006,1,298664,1100,771300,-1
34511.141,1,298742,800,768320,1
34511.683,1,299046,800,769980,-1
34512.781,1,299612,30,780500,-1
34513.015,2,298742,800,768320,1
34513.016,2,299046,800,769980,-1
34513.022,1,299748,800,769780,-1
34513.049,2,299612,30,780500,-1
34513.542,1,300074,800,768120,1
34513.59,1,300112,30,780500,-1
34513.91,2,300112,30,780500,-1
34521.63,2,300074,800,768120,1
34521.634,2,299748,800,769780,-1
34521.64,1,304675,800,768320,1
34521.791,2,304675,800,768320,1
34521.97,2,298623,800,768000,1
34521.983,1,304998,800,768300,1
34522.15,1,305195,800,768320,1
34522.42,2,305195,800,768320,1
34522.681,1,305618,800,769780,-1
34522.812,2,305618,800,769780,-1
34523.242,1,306011,800,768320,1
34523.79,1,306326,800,769980,-1
34524.313,2,306011,800,768320,1
34524.315,2,306326,800,769980,-1
34524.337,1,306667,800,768220,1
34524.534,2,306667,800,768220,1
34524.89,1,307048,800,769780,-1
34525.429,1,307349,800,768120,1
34525.74,1,307589,600,769000,1
34525.922,2,304998,800,768300,1
34525.941,1,307742,800,768100,1
34525.987,1,307782,30,780500,-1
34526.534,2,307349,800,768120,1
34526.536,2,307048,800,769780,-1
34526.634,1,308191,800,769880,-1
34527.178,1,308547,800,768220,1
34528.749,2,308547,800,768220,1
34528.751,2,308191,800,769880,-1
34528.85,1,309531,800,769980,-1
34529.413,1,309841,800,768320,1
34532.102,2,307742,800,768100,1
34532.112,1,311455,800,768400,1
34533.98,5,307599,105,769050,1
34535.015,2,309841,800,768320,1
34535.017,2,309531,800,769980,-1
34535.108,1,313175,800,770080,-1
34535.618,1,313546,800,768420,1
34535.84,2,313546,800,768420,1
34535.844,2,313175,800,770080,-1
34536.182,1,314034,800,768620,1
34536.727,1,314466,800,770280,-1
34537.731,5,307599,95,769050,1
34537.731,4,307589,5,769000,1
34537.892,4,307589,595,769000,1
34538.049,2,311455,800,768400,1
34538.062,1,315359,800,768500,1
34538.397,2,314034,800,768620,1
34538.399,2,314466,800,770280,-1
34538.517,2,307782,30,780500,-1
34538.59,1,315652,800,768520,1
34539.022,2,315652,800,768520,1
34539.133,1,316097,800,768320,1
34539.69,1,316407,800,769980,-1
34539.696,2,316097,800,768320,1
34539.727,2,298664,1100,771300,-1
34539.76,2,316407,800,769980,-1
34539.764,1,316464,1100,771900,-1
34539.902,1,316568,30,780500,-1
34540.283,1,316827,800,768520,1
34540.593,2,316827,800,768520,1
34540.804,1,317287,800,768420,1
34541.36,1,317736,800,770080,-1
34543.512,2,315359,800,768500,1
34543.536,2,316568,30,780500,-1
34543.539,1,319272,800,768300,1
34543.69,2,317287,800,768420,1
34543.691,2,317736,800,770080,-1
34543.79,1,319447,800,768320,1
34544.338,1,319793,800,769980,-1
34544.382,2,319447,800,768320,1
34544.384,2,319793,800,769980,-1
34544.883,1,320145,800,768220,1
34545.443,1,320475,800,769880,-1
34545.51,2,320145,800,768220,1
34545.513,2,320475,800,769880,-1
34545.991,1,320865,800,768120,1
34546.541,1,321307,800,769780,-1
34547.089,2,320865,800,768120,1
34547.094,2,321307,800,769780,-1
34547.203,1,321852,800,768020,1
34547.746,1,322216,800,769680,-1
34548.886,2,319272,800,768300,1
34548.892,1,322918,800,768200,1
34553.462,2,321852,800,768020,1
34553.475,2,322216,800,769680,-1
34553.529,1,325710,800,769480,-1
34554.071,1,326073,800,767820,1
34554.594,2,322918,800,768200,1
34554.602,1,326462,800,768400,1
34555.178,2,326462,800,768400,1
34555.186,1,326844,800,768200,1
34555.293,2,326073,800,767820,1
34555.294,2,325710,800,769480,-1
34555.401,1,326967,800,769580,-1
34555.974,1,327363,800,767920,1
34556.583,2,327363,800,767920,1
34556.586,2,326967,800,769580,-1
34556.599,1,327772,800,769280,-1
34557.017,2,327772,800,769280,-1
34557.149,1,328091,800,769380,-1
34557.721,2,328091,800,769380,-1
34557.725,1,328448,800,769580,-1
34558.219,2,328448,800,769580,-1
34558.26,1,328822,800,769680,-1
34558.866,1,329185,800,768020,1
34559.122,2,329185,800,768020,1
34559.125,2,328822,800,769680,-1
34559.469,1,329583,800,769680,-1
34559.527,2,329583,800,769680,-1
34560.009,1,329923,800,769580,-1
34560.173,2,326844,800,768200,1
34560.191,1,330077,800,767900,1
34560.554,1,330335,800,767920,1
34561.745,2,316464,1100,771900,-1
34561.747,2,330077,800,767900,1
34561.764,1,331086,800,770400,-1
34561.77,1,331092,800,767400,1
34561.888,2,330335,800,767920,1
34561.89,2,329923,800,769580,-1
34561.994,1,331231,800,769680,-1
34562.538,1,331556,800,768020,1
34563.008,2,331092,800,767400,1
34563.021,1,331857,1200,766700,1
34563.148,2,331556,800,768020,1
34563.15,2,331231,800,769680,-1
34563.211,1,331989,800,769780,-1
34563.757,1,332288,800,768120,1
34564.422,2,332288,800,768120,1
34564.426,2,331989,800,769780,-1
34564.553,1,332760,800,769880,-1
34564.754,1,332876,1000,769400,-1
34564.784,2,332760,800,769880,-1
34564.92,5,332881,200,769350,-1
34564.92,4,332876,300,769400,-1
34565.166,1,333246,800,770080,-1
34565.438,1,333423,100,769110,-1
34565.762,1,333672,800,768420,1
34566.1,2,333672,800,768420,1
34566.111,2,333246,800,770080,-1
34566.31,1,334057,800,769980,-1
34566.9,1,334440,800,768320,1
34566.994,2,333423,100,769110,-1
34568.194,1,335252,100,769400,-1
34568.898,2,331086,800,770400,-1
34568.917,1,335714,800,770000,-1
34569.016,2,334440,800,768320,1
34569.021,2,334057,800,769980,-1
34569.137,1,335867,800,768220,1
34569.682,1,336221,800,769880,-1
34570.663,2,335867,800,768220,1
34570.669,2,336221,800,769880,-1
34570.673,1,336964,800,768420,1
34570.707,2,331857,1200,766700,1
34570.73,1,337018,800,767100,1
34570.759,2,335252,100,769400,-1
34570.76,1,337063,100,767700,1
34571.022,2,332876,700,769400,-1
34571.168,1,337527,800,770080,-1
34572.359,2,335714,800,770000,-1
34572.375,1,338510,800,770400,-1
34576.049,2,336964,800,768420,1
34576.05,2,337527,800,770080,-1
34576.15,1,340855,800,768320,1
34576.711,1,341220,800,769980,-1
34576.796,2,337018,800,767100,1
34576.8,1,341284,800,767700,1
34577.106,2,340855,800,768320,1
34577.108,2,341220,800,769980,-1
34577.235,1,341567,100,768000,1
34577.322,1,341628,800,768620,1
34577.719,2,337063,100,767700,1
34577.899,1,342072,800,770280,-1
34577.986,2,338510,800,770400,-1
34578.024,1,342174,800,770800,-1
34578.457,2,341628,800,768620,1
34578.459,2,342072,800,770280,-1
34578.569,1,342591,800,768520,1
34579.164,1,342985,800,770180,-1
34579.486,2,342591,800,768520,1
34579.487,2,342985,800,770180,-1
34579.552,2,341567,100,768000,1
34579.553,1,343239,100,767800,1
34579.699,1,343320,800,768320,1
34580.245,1,343712,800,769980,-1
34583.939,2,343320,800,768320,1
34583.942,2,343712,800,769980,-1
34583.945,1,346379,800,768520,1
34584.088,1,346496,100,768000,1
34584.485,1,346764,800,770180,-1
34584.515,2,343239,100,767800,1
34585.144,2,341284,800,767700,1
34585.149,1,347197,800,768100,1
34587.481,2,346379,800,768520,1
34587.482,2,346764,800,770180,-1
34587.579,1,348937,800,768420,1
34588.116,1,349332,800,770080,-1
34589.589,2,342174,800,770800,-1
34589.623,1,350361,800,771300,-1
34589.746,2,348937,800,768420,1
34589.748,2,349332,800,770080,-1
34589.781,1,350512,800,768720,1
34590.073,2,350512,800,768720,1
34590.15,1,350775,100,768300,1
34590.194,2,346496,100,768000,1
34590.272,1,350875,800,768620,1
34590.867,1,351395,800,770280,-1
34591.052,2,347197,800,768100,1
34591.061,1,351513,800,768500,1
34591.717,2,350361,800,771300,-1
34591.737,1,352021,1100,772000,-1
34594.093,2,350875,800,768620,1
34594.096,2,351395,800,770280,-1
34594.196,1,354058,800,768520,1
34594.765,1,354438,800,770180,-1
34595.254,2,354058,800,768520,1
34595.256,2,354438,800,770180,-1
34595.327,1,354836,800,768320,1
34595.355,2,350775,100,768300,1
34595.358,1,354862,100,768100,1
34595.551,2,354836,800,768320,1
34595.866,1,355241,800,768520,1
34595.938,2,355241,800,768520,1
34595.984,1,355334,100,768300,1
34595.986,2,354862,100,768100,1
34596.358,2,355334,100,768300,1
34596.435,1,355778,800,768320,1
34596.515,1,355840,100,768100,1
34596.616,2,355778,800,768320,1
34596.992,1,356229,800,768320,1
34597.145,2,351513,800,768500,1
34597.181,1,356402,400,768800,1
34597.488,2,356229,800,768320,1
34597.546,1,356720,800,770080,-1
34597.726,2,356720,800,770080,-1
34597.76,1,356910,100,768300,1
34598.116,1,357200,800,768520,1
34598.123,1,357208,500,768900,1
34598.14,2,355840,100,768100,1
34598.67,1,357688,800,770180,-1
34598.79,1,357779,30,780500,-1
34599.161,1,357988,500,769200,1
34602.214,2,357200,800,768520,1
34602.216,2,357688,800,770180,-1
34602.282,1,360251,800,768820,1
34602.356,1,360291,100,768600,1
34602.481,2,356910,100,768300,1
34602.833,1,360599,800,770480,-1
34603.013,2,356402,400,768800,1
34603.017,1,360723,400,768900,1
34604.334,2,360251,800,768820,1
34604.339,2,360599,800,770480,-1
34604.432,1,361834,800,768720,1
34605.019,1,362265,800,770380,-1
34605.649,2,361834,800,768720,1
34605.653,2,362265,800,770380,-1
34605.685,1,362793,800,769020,1
34605.8,2,360291,100,768600,1
34605.803,1,362870,100,768800,1
34605.904,2,362793,800,769020,1
34606.054,2,362870,100,768800,1
34606.228,1,363190,800,768920,1
34606.441,1,363343,100,768800,1
34606.747,2,352021,1100,772000,-1
34606.756,1,363579,1100,772900,-1
34606.831,1,363647,800,770580,-1
34607.231,2,363190,800,768920,1
34607.233,2,363647,800,770580,-1
34607.342,2,363343,100,768800,1
34607.369,1,364043,800,770380,-1
34607.415,1,364092,100,768600,1
34608.048,2,364043,800,770380,-1
34608.05,1,364569,800,768820,1
34608.216,2,364569,800,768820,1
34608.482,1,364911,800,768720,1
34608.888,2,364911,800,768720,1
34608.953,1,365271,100,768800,1
34608.993,1,365293,800,770380,-1
34609.061,2,365293,800,770380,-1
34609.146,2,364092,100,768600,1
34609.239,2,365271,100,768800,1
34609.437,1,365625,100,768800,1
34609.606,1,365723,800,768920,1
34609.862,1,365897,1000,769200,1
34610.148,1,366077,800,770580,-1
34610.434,2,365723,800,768920,1
34610.436,2,366077,800,770580,-1
34610.457,2,365625,100,768800,1
34610.646,1,366389,100,768800,1
34610.725,1,366443,800,768820,1
34610.81,2,366443,800,768820,1
34610.867,2,366389,100,768800,1
34611.294,1,366764,100,768600,1
34611.321,1,366784,800,768620,1
34611.512,2,365897,1000,769200,1
34611.87,1,367133,800,770280,-1
34615.937,2,366784,800,768620,1
34615.939,2,367133,800,770280,-1
34616.155,1,369628,800,770180,-1
34617.738,1,370504,1000,769200,1
34618.677,2,357988,500,769200,1
34625.29,2,369628,800,770180,-1
34625.293,1,374961,800,768720,1
34625.382,1,375039,100,768800,1
34625.791,2,366764,100,768600,1
34625.824,1,375369,800,770380,-1
34628.829,1,377151,1000,769300,1
34628.978,2,360723,400,768900,1
34628.984,1,377239,400,769100,1
34629.968,2,374961,800,768720,1
34629.971,2,375369,800,770380,-1
34629.976,1,377778,800,770580,-1
34630.026,1,377800,100,769000,1
34630.256,2,375039,100,768800,1
34632.119,1,379106,500,768200,1
34632.121,1,379109,250,769800,-1
34632.721,2,379106,500,768200,1
34632.722,2,379109,250,769800,-1
34632.751,1,379446,250,768600,1
34632.754,1,379450,500,770200,-1
34633.068,1,379712,100,768800,1
34633.072,2,377800,100,769000,1
34633.115,2,379446,250,768600,1
34633.126,2,377778,800,770580,-1
34633.14,1,379768,800,770280,-1
34633.145,1,379774,500,768600,1
34633.79,2,379774,500,768600,1
34633.82,1,380251,250,768600,1
34633.949,2,377151,1000,769300,1
34634.536,1,380693,100,769000,1
34634.618,2,379768,800,770280,-1
34634.625,1,380770,800,770480,-1
34634.669,2,380770,800,770480,-1
34634.737,2,379712,100,768800,1
34634.738,2,380693,100,769000,1
34634.778,2,380251,250,768600,1
34634.778,2,379450,500,770200,-1
34634.808,1,380893,500,768200,1
34634.81,1,380894,250,769800,-1
34635.154,2,377239,400,769100,1
34635.172,1,381239,800,770080,-1
34635.176,1,381243,400,768900,1
34635.254,1,381304,100,769800,-1
34635.608,2,380894,250,769800,-1
34635.639,1,381624,500,769800,-1
34635.726,1,381689,800,768420,1
34636.172,2,381689,800,768420,1
34636.176,2,381239,800,770080,-1
34636.207,2,381304,100,769800,-1
34636.207,1,381998,100,768700,1
34636.299,1,382060,800,770180,-1
34636.492,2,382060,800,770180,-1
34636.839,1,382414,800,770280,-1
34637.186,2,382414,800,770280,-1
34637.369,1,382792,100,769000,1
34637.38,1,382796,800,768820,1
34637.478,2,381998,100,768700,1
34637.704,2,382796,800,768820,1
34637.86,2,382792,100,769000,1
34637.947,1,383233,100,768800,1
34637.969,1,383254,800,770480,-1
34638.06,2,381624,500,769800,-1
34638.067,2,383254,800,770480,-1
34638.094,1,383333,250,769800,-1
34638.449,1,383593,100,769000,1
34638.513,1,383645,800,770480,-1
34638.765,2,383233,100,768800,1
34638.932,2,383645,800,770480,-1
34638.994,2,383593,100,769000,1
34639.038,1,384044,800,770280,-1
34639.143,1,384101,100,768800,1
34639.589,2,384044,800,770280,-1
34639.664,1,384420,800,770180,-1
34639.996,2,383333,250,769800,-1
34640.026,1,384610,500,769800,-1
34640.482,2,384610,500,769800,-1
34640.526,1,384899,250,769800,-1
34641.195,2,381243,400,768900,1
34641.221,1,385276,400,769100,1
34642.433,1,386077,500,769200,1
34642.462,2,384420,800,770180,-1
34642.497,1,386130,800,769980,-1
34642.576,1,386185,100,769800,-1
34642.579,2,384101,100,768800,1
34643.015,2,386077,500,769200,1
34643.016,2,384899,250,769800,-1
34643.046,1,386494,500,769800,-1
34643.384,2,363579,1100,772900,-1
34643.387,2,385276,400,769100,1
34643.405,1,386730,800,771300,-1
34643.408,1,386732,800,768800,1
34643.506,1,386804,800,768320,1
34644.239,2,386804,800,768320,1
34644.242,2,386130,800,769980,-1
34644.286,1,387337,800,768820,1
34644.338,2,386185,100,769800,-1
34644.34,1,387377,100,769000,1
34644.681,2,387337,800,768820,1
34644.795,1,387751,800,769980,-1
34644.831,2,387377,100,769000,1
34644.923,2,387751,800,769980,-1
34644.974,1,387882,100,769800,-1
34645.189,2,387882,100,769800,-1
34645.35,1,388136,800,770180,-1
34645.393,1,388164,1000,769300,1
34645.504,1,388251,100,768800,1
34646.005,2,388164,1000,769300,1
34647.097,2,386732,800,768800,1
34647.101,1,389199,800,768600,1
34648.59,2,380893,500,768200,1
34648.591,2,386494,500,769800,-1
34648.62,1,389946,500,767800,1
34648.623,1,389951,250,769400,-1
34648.666,4,389951,250,769400,-1
34648.798,1,390090,250,769400,-1
34648.833,4,390090,250,769400,-1
34648.974,1,390206,250,769400,-1
34649.049,2,389946,500,767800,1
34649.051,2,390206,250,769400,-1
34649.198,1,390345,400,769300,1
34649.267,1,390395,250,767840,1
34649.269,1,390396,250,769400,-1
34649.271,2,390395,250,767840,1
34649.272,2,390396,250,769400,-1
34649.3,1,390420,500,767840,1
34649.303,1,390422,500,770200,-1
34649.529,2,388136,800,770180,-1
34649.605,2,390345,400,769300,1
34649.642,1,390639,800,770280,-1
34649.648,2,357779,30,780500,-1
34650.013,2,390639,800,770280,-1
34650.091,2,388251,100,768800,1
34650.094,1,390916,100,769800,-1
34650.212,1,391045,800,770080,-1
34650.643,1,391413,800,769800,-1
34651.363,2,391045,800,770080,-1
34651.39,1,392041,800,768920,1
34651.49,2,390916,100,769800,-1
34651.49,1,392133,100,769000,1
34651.634,2,392041,800,768920,1
34651.843,2,392133,100,769000,1
34651.929,1,392469,800,770080,-1
34652.061,1,392576,100,769800,-1
34653.186,2,392469,800,770080,-1
34653.217,1,393510,800,768720,1
34653.249,2,392576,100,769800,-1
34653.25,1,393533,100,768800,1
34653.774,1,393960,800,770380,-1
34654.848,2,391413,800,769800,-1
34657.541,2,393510,800,768720,1
34657.543,2,393960,800,770380,-1
34657.654,1,396096,800,770480,-1
34658.192,1,396405,800,768820,1
34658.292,2,396405,800,768820,1
34658.294,2,396096,800,770480,-1
34658.356,2,393533,100,768800,1
34658.358,1,396532,100,769800,-1
34658.62,2,396532,100,769800,-1
34658.712,1,396740,800,770380,-1
34658.974,2,396740,800,770380,-1
34658.995,1,396960,100,770000,-1
34659.258,1,397159,800,770280,-1
34659.447,2,397159,800,770280,-1
34659.53,2,396960,100,770000,-1
34659.531,1,397355,100,768800,1
34659.835,1,397564,800,770480,-1
34660.401,1,397967,800,768820,1
34660.645,2,397967,800,768820,1
34660.647,2,397564,800,770480,-1
34660.781,1,398238,100,769000,1
34660.959,1,398365,800,769120,1
34661.217,2,397355,100,768800,1
34661.525,1,398800,800,770780,-1
34661.644,2,390420,500,767840,1
34661.646,2,390422,500,770200,-1
34661.676,1,398927,500,768240,1
34661.678,1,398929,500,770600,-1
34663.726,2,398929,500,770600,-1
34663.757,1,400670,250,770600,-1
34663.813,2,398927,500,768240,1
34663.813,2,400670,250,770600,-1
34663.843,1,400712,500,768640,1
34663.846,1,400715,500,771000,-1
34663.973,1,400858,100,769300,1
34663.983,2,398365,800,769120,1
34663.984,2,398800,800,770780,-1
34664.035,1,400930,800,769320,1
34664.502,2,398238,100,769000,1
34664.515,1,401323,800,770980,-1
34664.641,2,400930,800,769320,1
34664.649,2,401323,800,770980,-1
34664.758,1,401525,1000,769900,1
34664.788,2,400858,100,769300,1
34664.789,1,401546,100,769000,1
34665.025,1,401776,30,780500,-1
34665.105,1,401851,800,770780,-1
34665.648,2,401525,1000,769900,1
34665.649,1,402238,800,769120,1
34665.722,2,401776,30,780500,-1
34666.968,2,402238,800,769120,1
34666.973,2,401851,800,770780,-1
34666.986,2,401546,100,769000,1
34666.989,1,403162,100,770100,-1
34667.008,1,403169,800,770580,-1
34667.568,1,403576,800,768920,1
34667.876,2,400712,500,768640,1
34667.906,1,403844,250,768640,1
34667.944,2,403844,250,768640,1
34667.975,1,403904,500,768640,1
34668.531,2,403904,500,768640,1
34668.56,1,404274,250,768640,1
34669.431,2,403162,100,770100,-1
34669.433,1,404873,100,769000,1
34669.444,2,403576,800,768920,1
34669.448,2,403169,800,770580,-1
34669.451,1,404891,800,770780,-1
34669.99,2,404274,250,768640,1
34669.992,2,400715,500,771000,-1
34670.02,1,405297,500,768240,1
34670.026,1,405310,500,770600,-1
34670.052,1,405333,800,769120,1
34671.503,1,406312,1000,769800,1
34671.618,2,406312,1000,769800,1
34672.572,2,405310,500,770600,-1
34672.602,1,407093,250,770600,-1
34673.071,2,407093,250,770600,-1
34673.102,1,407405,500,770600,-1
34673.3,2,405297,500,768240,1
34673.336,1,407532,250,768240,1
34673.36,2,407532,250,768240,1
34673.362,2,407405,500,770600,-1
34673.391,1,407574,500,768640,1
34673.395,1,407577,500,771000,-1
34674.041,2,407574,500,768640,1
34674.07,1,408041,250,768640,1
34674.387,2,405333,800,769120,1
34674.39,2,404891,800,770780,-1
34674.401,1,408252,800,770580,-1
34674.484,2,404873,100,769000,1
34674.647,1,408405,100,770100,-1
34674.925,2,408252,800,770580,-1
34674.947,1,408603,800,770780,-1
34675.104,2,408405,100,770100,-1
34675.135,2,408603,800,770780,-1
34675.374,1,408898,100,770100,-1
34675.475,1,408951,800,770580,-1
34675.573,2,408041,250,768640,1
34675.603,1,409033,500,768640,1
34675.645,2,409033,500,768640,1
34675.646,2,407577,500,771000,-1
34675.677,1,409080,500,768240,1
34675.684,1,409087,500,770600,-1
34676.027,1,409342,800,768920,1
34680.295,2,409087,500,770600,-1
34680.328,1,411730,250,770600,-1
34681.731,2,411730,250,770600,-1
34681.763,1,412423,500,771000,-1
34682.807,2,412423,500,771000,-1
34682.841,1,412981,500,770600,-1
34683.571,2,409342,800,768920,1
34683.573,2,408951,800,770580,-1
34683.678,1,413420,800,768820,1
34684.229,1,413675,800,770480,-1
34684.679,1,413931,100,770000,-1
34684.786,2,412981,500,770600,-1
34684.818,1,414002,250,770600,-1
34685.44,2,409080,500,768240,1
34685.441,2,414002,250,770600,-1
34685.47,1,414345,250,768640,1
34685.472,1,414346,500,771000,-1
34685.96,2,413420,800,768820,1
34685.962,2,413675,800,770480,-1
34685.966,1,414690,800,769020,1
34686.029,2,408898,100,770100,-1
34686.033,1,414745,100,769100,1
34686.034,2,414345,250,768640,1
34686.035,2,414346,500,771000,-1
34686.063,1,414769,500,768240,1
34686.066,1,414771,250,770600,-1
34686.507,1,415055,800,770680,-1
34687.076,2,414771,250,770600,-1
34687.106,1,415369,500,771000,-1
34687.143,2,414769,500,768240,1
34687.173,1,415423,250,768640,1
34687.286,2,414690,800,769020,1
34687.292,2,415055,800,770680,-1
34687.298,1,415525,800,770380,-1
34687.322,2,414745,100,769100,1
34687.323,1,415546,100,770100,-1
34687.408,1,415597,300,769800,-1
34687.833,1,415882,800,768720,1
34688.346,2,415423,250,768640,1
34688.348,2,415369,500,771000,-1
34688.377,1,416122,500,768240,1
34688.381,1,416125,250,770600,-1
34690.009,2,415882,800,768720,1
34690.01,2,415525,800,770380,-1
34690.02,4,415597,300,769800,-1
34690.038,1,416974,800,768920,1
34690.248,2,415546,100,770100,-1
34690.249,1,417094,100,769100,1
34690.585,1,417294,800,770580,-1
34690.964,2,416974,800,768920,1
34690.966,2,417294,800,770580,-1
34691.063,2,417094,100,769100,1
34691.177,1,417671,800,768720,1
34691.337,1,417779,100,770100,-1
34691.572,2,417671,800,768720,1
34691.749,2,417779,100,770100,-1
34691.759,1,418061,800,768720,1
34691.888,2,416125,250,770600,-1
34691.918,1,418148,500,770600,-1
34692.042,1,418223,100,770100,-1
34692.304,1,418365,800,770380,-1
34692.51,2,418148,500,770600,-1
34692.542,1,418507,250,770600,-1
34693.407,2,418061,800,768720,1
34693.409,2,418365,800,770380,-1
34693.415,1,418981,800,770180,-1
34693.569,1,419106,100,769900,-1
34693.738,2,418507,250,770600,-1
34693.768,1,419240,500,770600,-1
34693.884,1,419304,1000,769900,-1
34694.052,2,418223,100,770100,-1
34694.218,2,419240,500,770600,-1
34694.248,1,419517,250,770600,-1
34694.565,2,416122,500,768240,1
34694.594,1,419691,250,768240,1
34694.62,2,419517,250,770600,-1
34694.65,1,419722,500,770600,-1
34694.725,2,419691,250,768240,1
34694.756,1,419811,500,768240,1
34695.332,2,389199,800,768600,1
34695.337,1,420135,800,768300,1
34695.384,1,420158,800,768520,1
34695.927,2,419811,500,768240,1
34695.958,1,420528,250,768240,1
34696.43,2,420528,250,768240,1
34696.46,1,420842,500,768240,1
34697.634,1,421610,100,768900,1
34697.641,2,419106,100,769900,-1
34697.936,2,421610,100,768900,1
34698.217,2,420158,800,768520,1
34698.219,2,418981,800,770180,-1
34698.222,1,421961,100,769900,-1
34698.286,1,422002,800,768720,1
34698.528,2,421961,100,769900,-1
34698.841,1,422319,100,768900,1
34698.878,1,422335,800,770380,-1
34699.137,1,422451,30,780500,-1
34699.688,2,422451,30,780500,-1
34700.632,2,419304,1000,769900,-1
34701.795,2,422002,800,768720,1
34701.797,2,422335,800,770380,-1
34701.918,1,423575,800,768820,1
34702.46,1,423896,800,770480,-1
34708.18,2,420842,500,768240,1
34708.182,2,419722,500,770600,-1
34708.216,1,426451,500,767840,1
34708.22,1,426457,250,770200,-1
34708.329,2,426457,250,770200,-1
34708.359,1,426552,500,770600,-1
34708.47,2,423575,800,768820,1
34708.472,2,423896,800,770480,-1
34708.502,1,426660,800,770180,-1
34708.596,2,422319,100,768900,1
34708.598,1,426744,100,770000,-1
34709.023,1,427070,800,768520,1
34709.33,2,426552,500,770600,-1
34709.36,1,427244,250,770200,-1
34709.959,2,427070,800,768520,1
34709.966,2,426660,800,770180,-1
34710.002,1,427610,800,770280,-1
34710.228,2,427244,250,770200,-1
34710.259,1,427814,500,770200,-1
34710.271,1,427826,800,768620,1
34710.352,2,386730,800,771300,-1
34710.384,1,427921,800,770700,-1
34710.39,2,427814,500,770200,-1
34710.421,1,427943,250,770200,-1
34710.853,1,428270,30,780500,-1
34711.054,2,427943,250,770200,-1
34711.085,1,428410,500,770200,-1
34711.104,2,428410,500,770200,-1
34711.134,1,428437,250,770200,-1
34711.627,2,420135,800,768300,1
34711.648,2,427826,800,768620,1
34711.651,2,427610,800,770280,-1
34711.676,1,428790,800,768000,1
34711.726,1,428845,100,769700,-1
34711.744,1,428863,800,769980,-1
34712.028,2,426744,100,770000,-1
34712.305,1,429262,800,768320,1
34712.475,2,428437,250,770200,-1
34712.506,1,429352,500,770200,-1
34712.646,2,429262,800,768320,1
34712.652,2,428863,800,769980,-1
34712.806,2,428845,100,769700,-1
34712.868,1,429616,800,770080,-1
34713.192,1,429862,100,769800,-1
34713.413,1,429997,800,768420,1
34715.752,2,429862,100,769800,-1
34716.999,1,432383,100,769900,-1
34717.228,2,427921,800,770700,-1
34717.232,1,432532,800,770200,-1
34717.405,2,426451,500,767840,1
34717.407,2,429352,500,770200,-1
34717.438,1,432654,500,767440,1
34717.442,1,432658,250,769900,-1
34717.459,2,432658,250,769900,-1
34717.49,1,432707,500,769900,-1
34717.587,2,429997,800,768420,1
34717.59,2,429616,800,770080,-1
34717.652,1,432873,800,768520,1
34717.797,2,432873,800,768520,1
34717.877,2,432383,100,769900,-1
34717.88,1,433053,100,770000,-1
34718.194,1,433348,800,768720,1
34719.105,2,432707,500,769900,-1
34719.156,1,434140,500,769800,-1
34719.178,1,434156,800,770380,-1
34719.184,2,432532,800,770200,-1
34719.189,1,434164,800,770400,-1
34720.466,2,433348,800,768720,1
34720.471,2,434156,800,770380,-1
34720.515,1,435226,100,769800,-1
34720.518,1,435232,800,770180,-1
34720.834,2,433053,100,770000,-1
34721.045,1,435690,800,768520,1
34721.86,2,370504,1000,769200,1
34721.894,2,428270,30,780500,-1
34722.295,2,432654,500,767440,1
34722.296,2,434140,500,769800,-1
34722.331,1,436951,500,767040,1
34722.334,1,436956,500,769510,-1
34723.645,2,435690,800,768520,1
34723.646,2,435232,800,770180,-1
34723.703,2,435226,100,769800,-1
34723.704,1,438184,100,769600,-1
34723.709,1,438189,800,769980,-1
34724.26,1,438652,800,768320,1
34724.601,1,438951,1000,769510,-1
34725.358,4,357208,500,768900,1
34726.15,2,438652,800,768320,1
34726.156,2,438189,800,769980,-1
34726.182,1,440272,100,769510,-1
34726.187,1,440277,800,769780,-1
34726.392,2,438184,100,769600,-1
34726.746,1,440770,800,768120,1
34727.286,2,428790,800,768000,1
34727.293,2,434164,800,770400,-1
34727.3,1,441187,800,767600,1
34727.308,1,441193,800,770100,-1
34727.993,2,436951,500,767040,1
34727.994,2,436956,500,769510,-1
34728.057,1,441767,500,767840,1
34728.074,1,441780,500,770200,-1
34728.301,2,441767,500,767840,1
34728.33,2,438951,1000,769510,-1
34728.331,1,441955,250,767840,1
34728.342,2,440272,100,769510,-1
34728.712,2,441955,250,767840,1
34728.714,2,441780,500,770200,-1
34728.743,1,442288,500,767440,1
34728.747,1,442294,250,769800,-1
34729.285,1,442845,800,769880,-1
34729.287,2,440770,800,768120,1
34729.29,2,440277,800,769780,-1
34729.342,2,442294,250,769800,-1
34729.373,1,442923,500,769800,-1
34729.491,2,442845,800,769880,-1
34729.722,1,443295,100,769600,-1
34729.824,1,443403,800,769600,-1
34729.929,2,443403,800,769600,-1
34730.424,2,441187,800,767600,1
34730.424,1,443925,800,769680,-1
34730.435,1,443935,800,767000,1
34730.912,1,444331,800,768020,1
34731.016,2,444331,800,768020,1
34731.024,2,443925,800,769680,-1
34731.471,1,444850,800,769980,-1
34731.913,2,442288,500,767440,1
34731.943,1,445244,250,767440,1
34732.012,1,445329,800,768320,1
34732.37,2,445244,250,767440,1
34732.373,2,442923,500,769800,-1
34732.401,1,445689,500,767040,1
34732.404,1,445693,250,769400,-1
34732.464,2,445693,250,769400,-1
34732.496,1,445805,500,769400,-1
34733.057,2,445805,500,769400,-1
34733.087,1,446331,250,769400,-1
34733.13,2,446331,250,769400,-1
34733.161,1,446405,500,769400,-1
34733.482,2,443295,100,769600,-1
34734.129,2,446405,500,769400,-1
34734.195,2,441193,800,770100,-1
34734.199,1,447284,800,769700,-1
34734.224,1,447309,250,770600,-1
34734.457,2,445689,500,767040,1
34734.458,2,447309,250,770600,-1
34734.488,1,447512,500,767440,1
34734.492,1,447516,500,771000,-1
34734.801,1,447834,1000,769500,-1
34734.866,1,447900,100,769400,-1
34735.018,2,445329,800,768320,1
34735.021,2,444850,800,769980,-1
34735.03,1,448062,800,768620,1
34735.146,2,447900,100,769400,-1
34735.214,2,447834,1000,769500,-1
34735.44,1,448438,100,769700,-1
34735.539,1,448518,800,770280,-1
34735.766,1,448730,1000,769500,-1
34735.998,2,448062,800,768620,1
34736.001,2,448518,800,770280,-1
34736.097,1,449024,800,768620,1
34736.463,2,449024,800,768620,1
34736.481,1,449353,1000,769400,-1
34736.547,2,448438,100,769700,-1
34736.548,1,449420,100,769400,-1
34736.713,1,449570,800,768320,1
34737.036,1,449849,1000,769400,-1
34737.04,2,448730,1000,769500,-1
34737.271,1,450032,800,769980,-1
34737.603,2,449849,1000,769400,-1
34738.165,2,449420,100,769400,-1
34738.405,1,450830,100,769500,-1
34738.925,2,449570,800,768320,1
34738.928,2,450032,800,769980,-1
34739.073,1,451322,800,768420,1
34739.363,2,451322,800,768420,1
34739.618,1,451731,800,768320,1
34739.901,2,449353,1000,769400,-1
34740.662,2,451731,800,768320,1
34740.683,2,450830,100,769500,-1
34740.728,1,452502,800,768120,1
34740.781,2,452502,800,768120,1
34740.805,1,452559,100,769300,-1
34741.129,2,452559,100,769300,-1
34741.178,1,452873,800,768520,1
34741.188,1,452884,1000,769300,-1
34741.277,1,452976,100,769700,-1
34741.41,2,452873,800,768520,1
34741.452,2,452884,1000,769300,-1
34741.671,1,453372,1000,769300,-1
34741.759,1,453468,800,768320,1
34741.776,2,452976,100,769700,-1
34741.777,1,453493,100,769500,-1
34741.86,2,453372,1000,769300,-1
34742.049,2,453468,800,768320,1
34742.305,1,454009,800,768320,1
34742.892,1,454461,800,769980,-1
34746.028,2,454009,800,768320,1
34746.031,2,454461,800,769980,-1
34746.045,1,456644,800,768520,1
34746.074,2,453493,100,769500,-1
34746.074,1,456683,100,768400,1
34746.506,1,457008,30,780500,-1
34746.566,1,457062,800,770180,-1
34748.508,2,447284,800,769700,-1
34748.523,1,458378,800,769900,-1
34748.971,2,458378,800,769900,-1
34748.987,1,458690,800,770000,-1
34749.743,2,447516,500,771000,-1
34749.776,1,459199,250,771000,-1
34749.919,2,413931,100,770000,-1
34750.17,2,456644,800,768520,1
34750.22,2,459199,250,771000,-1
34750.223,2,457008,30,780500,-1
34750.252,1,459572,500,771400,-1
34750.271,2,457062,800,770180,-1
34750.278,1,459604,800,768620,1
34750.352,2,447512,500,767440,1
34750.382,1,459682,250,767840,1
34750.834,1,460061,800,770280,-1
34750.977,1,460151,400,769200,1
34751.021,1,460190,30,780500,-1
34751.182,2,459682,250,767840,1
34751.184,2,459572,500,771400,-1
34751.212,1,460353,500,767440,1
34751.215,1,460357,250,771000,-1
34751.358,2,443935,800,767000,1
34751.364,1,460514,800,767700,1
34751.417,1,460566,400,769200,1
34752.158,2,460151,400,769200,1
34752.228,2,459604,800,768620,1
34752.232,2,460061,800,770280,-1
34752.243,2,460566,400,769200,1
34752.264,1,461225,800,769980,-1
34752.301,2,460190,30,780500,-1
34752.331,2,456683,100,768400,1
34752.332,1,461288,100,769500,-1
34752.38,2,461225,800,769980,-1
34752.794,1,461678,800,769980,-1
34753.282,2,461288,100,769500,-1
34753.29,2,460357,250,771000,-1
34753.302,1,462113,800,768320,1
34753.321,1,462131,500,771000,-1
34753.523,1,462287,100,769500,-1
34753.529,2,460353,500,767440,1
34753.558,1,462312,250,767440,1
34754.062,2,462113,800,768320,1
34754.068,2,461678,800,769980,-1
34754.102,1,462796,800,768620,1
34754.185,2,462287,100,769500,-1
34754.272,1,462908,100,768500,1
34754.65,1,463257,800,770280,-1
34754.859,1,463399,30,780500,-1
34756.016,2,462312,250,767440,1
34756.018,2,462131,500,771000,-1
34756.019,1,464222,400,769100,1
34756.048,1,464242,500,767040,1
34756.057,1,464248,250,770600,-1
34756.252,1,464452,100,769500,-1
34756.27,2,462908,100,768500,1
34756.295,2,462796,800,768620,1
34756.298,2,463257,800,770280,-1
34756.302,1,464501,800,769980,-1
34756.727,1,464917,800,768320,1
34756.943,2,464248,250,770600,-1
34756.975,1,465169,500,771000,-1
34757.131,2,465169,500,771000,-1
34757.164,1,465346,250,770600,-1
34757.67,2,464242,500,767040,1
34757.672,2,465346,250,770600,-1
34757.7,1,465847,250,767440,1
34757.703,1,465854,250,771000,-1
34757.808,2,465847,250,767440,1
34757.84,1,465997,500,767440,1
34757.905,2,465854,250,771000,-1
34757.936,1,466096,500,771000,-1
34758.143,2,464452,100,769500,-1
34758.447,1,466475,100,769600,-1
34758.999,2,464917,800,768320,1
34759.0,2,464501,800,769980,-1
34759.015,1,466907,800,768620,1
34759.068,2,466475,100,769600,-1
34759.069,1,466961,100,768500,1
34759.437,2,464222,400,769100,1
34759.532,1,467278,800,770280,-1
34759.73,2,466096,500,771000,-1
34759.762,1,467478,250,771000,-1
34759.96,2,465997,500,767440,1
34759.961,2,467478,250,771000,-1
34759.99,1,467616,250,767840,1
34759.992,1,467617,500,771400,-1
34760.851,2,467616,250,767840,1
34760.881,1,468394,500,767440,1
34760.923,2,467617,500,771400,-1
34760.953,1,468476,250,771000,-1
34761.054,2,468476,250,771000,-1
34761.085,1,468599,500,771400,-1
34761.287,2,468599,500,771400,-1
34761.317,1,468791,250,771000,-1
34762.222,2,468394,500,767440,1
34762.225,2,468791,250,771000,-1
34762.257,1,469613,500,767040,1
34762.261,1,469616,250,770600,-1
34762.448,2,463399,30,780500,-1
34762.703,2,469613,500,767040,1
34762.704,2,469616,250,770600,-1
34762.733,1,470116,250,767440,1
34762.737,1,470118,250,771000,-1
34763.381,2,470116,250,767440,1
34763.411,1,470726,500,767440,1
34764.498,2,458690,800,770000,-1
34764.524,1,471528,800,770300,-1
34765.253,2,470118,250,771000,-1
34765.288,1,472015,500,771000,-1
34765.295,2,466907,800,768620,1
34765.304,2,467278,800,770280,-1
34765.315,1,472046,800,768820,1
34765.323,1,472053,100,768700,1
34765.458,2,472015,500,771000,-1
34765.491,1,472188,250,771000,-1
34765.583,2,466961,100,768500,1
34765.797,1,472437,800,770480,-1
34766.717,2,460514,800,767700,1
34766.732,1,473039,800,768300,1
34768.252,2,471528,800,770300,-1
34768.266,1,473880,800,770600,-1
34768.592,2,472046,800,768820,1
34768.595,2,472437,800,770480,-1
34768.694,1,474166,800,768720,1
34768.704,2,470726,500,767440,1
34768.705,2,472188,250,771000,-1
34768.741,1,474199,500,767840,1
34768.743,1,474202,500,771400,-1
34769.098,1,474505,500,769100,1
34769.271,1,474625,800,770380,-1
34769.527,1,474832,30,780500,-1
34769.93,2,474505,500,769100,1
34769.964,2,474832,30,780500,-1
34770.11,2,473880,800,770600,-1
34770.118,1,475281,800,771000,-1
34772.289,2,474202,500,771400,-1
34772.319,1,476732,250,771400,-1
34772.514,1,476861,400,769100,1
34772.791,1,477074,30,780500,-1
34773.003,2,474199,500,767840,1
34773.005,2,476732,250,771400,-1
34773.033,1,477246,250,768240,1
34773.035,1,477251,500,771800,-1
34773.35,2,477074,30,780500,-1
34774.39,2,477246,250,768240,1
34774.421,1,478303,500,768240,1
34774.621,2,478303,500,768240,1
34774.651,1,478442,250,768240,1
34774.726,2,478442,250,768240,1
34774.755,1,478515,500,768240,1
34775.084,2,474166,800,768720,1
34775.086,2,474625,800,770380,-1
34775.105,1,478857,800,769020,1
34775.207,1,478947,100,769000,1
34775.287,2,473039,800,768300,1
34775.317,1,479044,800,768700,1
34775.365,2,477251,500,771800,-1
34775.38,2,478947,100,769000,1
34775.395,1,479118,250,771800,-1
34775.449,2,475281,800,771000,-1
34775.482,1,479202,800,771500,-1
34775.601,2,472053,100,768700,1
34775.616,1,479334,800,770680,-1
34775.691,1,479409,100,768900,1
34775.755,2,476861,400,769100,1
34775.839,2,478515,500,768240,1
34775.84,2,479118,250,771800,-1
34775.869,1,479546,250,768640,1
34775.873,1,479549,500,772200,-1
34775.957,2,479546,250,768640,1
34775.988,1,479665,500,768640,1
34776.827,1,480408,1000,769100,1
34777.107,2,478857,800,769020,1
34777.207,2,479334,800,770680,-1
34777.215,1,480753,800,768920,1
34777.71,2,479202,800,771500,-1
34777.714,1,481182,1100,772100,-1
34777.777,1,481231,800,770580,-1
34777.843,1,481281,1000,769300,1
34777.845,2,480408,1000,769100,1
34777.936,2,481281,1000,769300,1
34778.737,1,481938,500,769300,1
34780.207,2,481938,500,769300,1
34780.915,1,483402,400,769300,1
34781.588,2,479549,500,772200,-1
34781.618,1,484006,250,772200,-1
34781.98,2,479044,800,768700,1
34781.983,1,484321,400,769100,1
34782.519,2,479665,500,768640,1
34782.521,2,484006,250,772200,-1
34782.567,1,484770,500,768240,1
34782.569,1,484771,500,771800,-1
34782.638,2,484771,500,771800,-1
34782.67,1,484875,250,771800,-1
34783.069,2,484770,500,768240,1
34783.072,2,484875,250,771800,-1
34783.101,1,485237,250,768640,1
34783.104,1,485242,500,772200,-1
34783.108,1,485246,100,769200,1
34783.133,2,480753,800,768920,1
34783.139,2,481231,800,770580,-1
34783.197,1,485354,800,769120,1
34783.24,2,485237,250,768640,1
34783.242,2,485242,500,772200,-1
34783.27,1,485441,500,768240,1
34783.274,1,485447,250,771800,-1
34783.593,1,485743,800,770780,-1
34783.697,2,485441,500,768240,1
34783.699,2,485447,250,771800,-1
34783.738,2,479409,100,768900,1
34783.755,1,485873,250,768640,1
34783.758,1,485877,500,772200,-1
34784.846,2,485873,250,768640,1
34784.886,1,486807,500,768640,1
34785.334,2,485354,800,769120,1
34785.34,2,485743,800,770780,-1
34785.479,1,487174,800,770680,-1
34785.715,2,486807,500,768640,1
34785.716,2,485877,500,772200,-1
34785.746,1,487313,250,768640,1
34785.748,1,487316,250,772200,-1
34785.87,2,487316,250,772200,-1
34785.9,1,487410,500,772200,-1
34786.169,2,487410,500,772200,-1
34786.201,1,487609,250,772200,-1
34786.292,2,487313,250,768640,1
34786.294,2,487609,250,772200,-1
34786.322,1,487694,500,768240,1
34786.327,1,487699,250,771800,-1
34786.788,2,487699,250,771800,-1
34786.82,1,488078,500,772200,-1
34787.011,2,487694,500,768240,1
34787.042,1,488275,250,768640,1
34787.761,2,484321,400,769100,1
34787.791,1,488804,400,769400,1
34788.074,2,488078,500,772200,-1
34788.106,2,483402,400,769300,1
34788.106,1,489010,250,772200,-1
34788.253,1,489120,800,769020,1
34788.71,1,489446,30,780500,-1
34789.223,2,488275,250,768640,1
34789.225,2,489010,250,772200,-1
34789.253,1,489812,500,769040,1
34789.257,1,489814,500,772600,-1
34789.868,2,489812,500,769040,1
34789.898,1,490372,250,769040,1
34790.001,2,490372,250,769040,1
34790.031,1,490491,500,769040,1
34790.079,2,489120,800,769020,1
34790.081,2,487174,800,770680,-1
34790.121,2,490491,500,769040,1
34790.151,1,490598,250,769040,1
34790.176,1,490611,800,768920,1
34790.434,2,485246,100,769200,1
34790.545,1,490888,100,769600,-1
34790.581,4,490888,100,769600,-1
34790.697,1,490996,100,769100,1
34790.729,1,491005,800,770580,-1
34791.072,2,490598,250,769040,1
34791.073,2,489814,500,772600,-1
34791.102,1,491266,500,768640,1
34791.105,1,491269,250,772200,-1
34791.207,2,491269,250,772200,-1
34791.237,1,491372,500,772200,-1
34791.392,2,491372,500,772200,-1
34791.422,1,491520,250,772200,-1
34791.444,2,491266,500,768640,1
34791.476,1,491565,250,768640,1
34791.617,2,491565,250,768640,1
34791.647,1,491686,500,768640,1
34793.995,2,489446,30,780500,-1
34794.018,2,488804,400,769400,1
34794.022,1,493310,400,769500,1
34794.44,1,493529,30,780500,-1
34794.456,2,491686,500,768640,1
34794.458,2,491520,250,772200,-1
34794.487,1,493542,500,768240,1
34794.49,1,493546,250,771800,-1
34795.63,2,493542,500,768240,1
34795.632,2,493546,250,771800,-1
34795.66,1,494448,250,768640,1
34795.672,1,494460,500,772200,-1
34796.63,2,490611,800,768920,1
34796.633,2,491005,800,770580,-1
34796.654,1,495196,100,769400,1
34796.708,1,495242,800,769120,1
34797.155,2,490996,100,769100,1
34797.179,1,495610,800,770780,-1
34797.381,2,494460,500,772200,-1
34797.415,1,495775,250,772200,-1
34798.054,2,494448,250,768640,1
34798.057,2,495775,250,772200,-1
34798.087,1,496297,250,769040,1
34798.09,1,496299,500,772600,-1
34798.591,2,496297,250,769040,1
34798.593,2,496299,500,772600,-1
34798.601,2,495196,100,769400,1
34798.623,1,496686,500,768640,1
34798.626,1,496687,250,772200,-1
34798.756,2,496686,500,768640,1
34798.758,2,496687,250,772200,-1
34798.786,1,496856,250,769040,1
34798.791,1,496861,500,772600,-1
34799.118,1,497146,100,769300,1
34799.415,2,495242,800,769120,1
34799.421,2,495610,800,770780,-1
34799.43,1,497388,800,770480,-1
34799.477,2,496856,250,769040,1
34799.479,2,496861,500,772600,-1
34799.508,1,497449,500,768640,1
34799.513,1,497454,500,772200,-1
34799.528,2,497146,100,769300,1
34799.694,1,497606,100,769100,1
34799.981,1,497821,800,768820,1
34801.447,2,493310,400,769500,1
34801.452,1,498800,400,769400,1
34801.477,2,493529,30,780500,-1
34804.721,1,500836,100,769300,1
34804.777,2,497821,800,768820,1
34804.782,2,497388,800,770480,-1
34804.784,1,500879,800,769020,1
34805.064,2,497606,100,769100,1
34805.323,1,501239,800,770680,-1
34806.787,1,502145,1000,769600,1
34807.251,1,502397,30,780500,-1
34808.144,2,500879,800,769020,1
34808.147,2,501239,800,770680,-1
34808.153,1,502910,800,770880,-1
34808.25,2,500836,100,769300,1
34808.25,1,502963,100,769500,1
34808.355,2,498800,400,769400,1
34808.364,1,503039,400,769600,1
34808.755,1,503308,800,769220,1
34808.791,2,502397,30,780500,-1
34809.457,2,497454,500,772200,-1
34809.489,1,503846,250,772200,-1
34809.772,2,497449,500,768640,1
34809.775,2,503846,250,772200,-1
34809.803,1,504074,250,769040,1
34809.807,1,504078,500,772600,-1
34810.427,2,481182,1100,772100,-1
34810.441,1,504583,1100,772700,-1
34810.659,1,504898,1000,769300,1
34811.036,2,503308,800,769220,1
34811.04,2,502910,800,770880,-1
34811.235,2,504074,250,769040,1
34811.239,1,505484,800,770780,-1
34811.264,1,505502,500,769040,1
34811.363,2,505484,800,770780,-1
34811.786,1,505845,800,770880,-1
34811.816,1,505856,500,771590,-1
34812.269,2,505856,500,771590,-1
34812.582,1,506304,500,771590,-1
34812.785,2,505845,800,770880,-1
34812.9,1,506519,800,769320,1
34813.09,2,505502,500,769040,1
34813.092,2,504078,500,772600,-1
34813.12,1,506673,500,768640,1
34813.122,1,506674,250,772200,-1
34813.165,2,506304,500,771590,-1
34813.296,1,506838,500,771590,-1
34813.454,1,506986,800,770980,-1
34813.784,2,506838,500,771590,-1
34813.893,1,507320,500,771490,-1
34813.912,2,506674,250,772200,-1
34813.943,1,507354,500,772600,-1
34813.97,2,507320,500,771490,-1
34814.148,2,507354,500,772600,-1
34814.177,1,507574,250,772600,-1
34814.21,2,507574,250,772600,-1
34814.24,1,507612,250,772200,-1
34814.441,1,507822,500,771490,-1
34814.72,2,506673,500,768640,1
34814.721,2,507612,250,772200,-1
34814.75,1,508059,250,769040,1
34814.752,1,508061,500,772600,-1
34815.12,2,508061,500,772600,-1
34815.138,2,508059,250,769040,1
34815.156,1,508434,250,772600,-1
34815.169,1,508444,500,769040,1
34815.374,2,508434,250,772600,-1
34815.406,1,508615,500,772600,-1
34816.393,2,507822,500,771490,-1
34816.433,1,509303,500,771290,-1
34816.438,2,506519,800,769320,1
34816.439,2,506986,800,770980,-1
34816.464,1,509328,800,770780,-1
34816.513,2,502963,100,769500,1
34816.514,1,509366,100,769300,1
34817.195,1,509845,100,770800,-1
34818.159,2,509303,500,771290,-1
34818.271,1,510571,500,771190,-1
34818.376,2,510571,500,771190,-1
34818.49,1,510719,800,769120,1
34818.815,1,510930,500,771290,-1
34819.399,2,503039,400,769600,1
34819.428,1,511302,400,769500,1
34820.391,2,508444,500,769040,1
34820.421,1,511945,250,769040,1
34820.74,2,511945,250,769040,1
34820.771,1,512172,500,768640,1
34820.808,2,508615,500,772600,-1
34820.842,1,512232,250,772200,-1
34820.918,2,510930,500,771290,-1
34821.009,1,512370,500,771290,-1
34821.587,2,512370,500,771290,-1
34821.623,2,510719,800,769120,1
34821.627,2,509328,800,770780,-1
34821.664,1,512882,800,770980,-1
34821.755,1,512974,100,769500,1
34821.769,1,512985,500,771390,-1
34822.084,2,512985,500,771390,-1
34822.096,2,512882,800,770980,-1
34822.192,1,513320,800,769320,1
34822.192,2,512974,100,769500,1
34822.28,2,509366,100,769300,1
34822.301,2,512232,250,772200,-1
34822.32,1,513440,500,771390,-1
34822.331,1,513453,500,772200,-1
34822.372,1,513480,100,769500,1
34822.419,2,513440,500,771390,-1
34822.656,2,504583,1100,772700,-1
34822.661,2,511302,400,769500,1
34822.716,1,513782,800,771900,-1
34822.721,1,513784,400,769400,1
34822.774,1,513843,800,770980,-1
34822.865,1,513938,500,771490,-1
34822.902,2,513938,500,771490,-1
34823.215,2,513453,500,772200,-1
34823.245,1,514151,250,772200,-1
34823.412,1,514258,500,771390,-1
34823.935,2,512172,500,768640,1
34823.937,2,514151,250,772200,-1
34823.965,1,514596,250,769040,1
34823.968,1,514599,500,772600,-1
34824.447,2,514596,250,769040,1
34824.477,1,514989,500,769040,1
34826.074,1,516014,1000,769800,1
34826.078,2,502145,1000,769600,1
34826.287,2,514989,500,769040,1
34826.318,1,516166,250,769040,1
34826.771,2,516166,250,769040,1
34826.772,2,514599,500,772600,-1
34826.777,1,516420,30,780500,-1
34826.801,1,516429,500,768640,1
34826.803,1,516431,250,772200,-1
34827.206,2,516431,250,772200,-1
34827.236,1,516714,500,772200,-1
34827.783,2,514258,500,771390,-1
34827.883,2,516420,30,780500,-1
34828.002,1,517198,500,771490,-1
34828.036,2,517198,500,771490,-1
34828.549,1,517523,500,771490,-1
34828.665,2,517523,500,771490,-1
34829.098,1,517871,500,771390,-1
34829.169,2,517871,500,771390,-1
34829.445,2,513784,400,769400,1
34829.462,1,518101,400,769700,1
34829.476,2,516714,500,772200,-1
34829.509,1,518143,250,772200,-1
34829.646,1,518245,500,771490,-1
34830.248,2,518245,500,771490,-1
34830.32,2,516429,500,768640,1
34830.321,2,518143,250,772200,-1
34830.349,1,518698,250,769040,1
34830.352,1,518701,500,772600,-1
34830.432,1,518779,500,771390,-1
34830.465,2,518698,250,769040,1
34830.498,1,518831,500,769040,1
34830.565,2,518101,400,769700,1
34830.583,1,518908,400,769500,1
34831.216,2,518779,500,771390,-1
34831.288,1,519450,500,771390,-1
34832.156,2,519450,500,771390,-1
34832.19,2,513320,800,769320,1
34832.268,1,519974,500,771490,-1
34832.406,1,520068,800,769320,1
34832.77,2,513843,800,770980,-1
34832.999,2,520068,800,769320,1
34833.011,2,519974,500,771490,-1
34833.055,1,520444,800,769520,1
34833.06,1,520447,500,771590,-1
34833.127,1,520483,100,769700,1
34833.299,2,513480,100,769500,1
34833.405,2,520447,500,771590,-1
34833.539,1,520763,800,771180,-1
34833.599,1,520805,500,771690,-1
34833.733,2,518701,500,772600,-1
34833.765,1,520937,250,772600,-1
34833.886,1,521034,30,780500,-1
34833.919,2,520805,500,771690,-1
34834.147,1,521273,500,771690,-1
34834.173,2,518831,500,769040,1
34834.173,2,520937,250,772600,-1
34834.202,1,521309,250,769440,1
34834.207,1,521318,500,773000,-1
34834.229,2,521309,250,769440,1
34834.264,1,521361,500,769440,1
34835.237,2,521273,500,771690,-1
34835.348,1,522246,500,771590,-1
34835.704,1,522477,1000,770000,1
34835.871,2,516014,1000,769800,1
34836.441,2,522246,500,771590,-1
34836.56,1,523048,500,771690,-1
34836.734,2,523048,500,771690,-1
34836.855,2,518908,400,769500,1
34836.86,1,523247,400,769800,1
34837.098,1,523393,500,771590,-1
34838.351,2,523247,400,769800,1
34838.372,1,524168,400,769700,1
34838.9,2,521318,500,773000,-1
34838.93,1,524530,250,773000,-1
34838.942,2,521361,500,769440,1
34838.943,2,524530,250,773000,-1
34838.973,1,524561,500,769840,1
34838.976,1,524566,500,773400,-1
34840.207,2,524561,500,769840,1
34840.208,2,524566,500,773400,-1
34840.236,1,525610,500,770240,1
34840.238,1,525611,500,773800,-1
34840.93,2,522477,1000,770000,1
34842.894,2,523393,500,771590,-1
34842.902,2,520444,800,769520,1
34842.905,2,520763,800,771180,-1
34842.99,1,528208,800,769720,1
34843.004,1,528218,500,771690,-1
34843.041,2,528218,500,771690,-1
34843.175,1,528347,100,769900,1
34843.266,2,520483,100,769700,1
34843.568,1,528641,500,771790,-1
34843.599,1,528679,800,771380,-1
34844.308,2,528641,500,771790,-1
34844.427,1,529289,500,771690,-1
34844.54,2,509845,100,770800,-1
34844.546,2,529289,500,771690,-1
34844.677,2,524168,400,769700,1
34844.695,1,529504,400,769900,1
34844.972,1,529703,500,771790,-1
34846.176,2,529703,500,771790,-1
34846.262,2,528208,800,769720,1
34846.266,2,528679,800,771380,-1
34846.284,1,530492,500,771590,-1
34846.333,1,530529,800,771180,-1
34846.355,2,528347,100,769900,1
34846.355,1,530543,100,769700,1
34846.587,2,530492,500,771590,-1
34846.731,2,525610,500,770240,1
34846.735,2,525611,500,773800,-1
34846.763,1,530879,500,770640,1
34846.775,2,521034,30,780500,-1
34846.784,1,530903,500,774200,-1
34846.814,1,530933,30,780500,-1
34846.941,2,530879,500,770640,1
34846.944,1,531058,500,771490,-1
34846.97,1,531087,250,770640,1
34847.098,1,531204,800,769520,1
34847.149,2,531087,250,770640,1
34847.178,1,531271,500,770240,1
34847.208,2,531271,500,770240,1
34847.239,1,531334,250,770640,1
34847.33,2,531058,500,771490,-1
34847.406,1,531512,500,771490,-1
34847.664,2,531334,250,770640,1
34847.665,2,530903,500,774200,-1
34847.687,2,530933,30,780500,-1
34847.695,1,531822,500,770240,1
34847.699,1,531826,500,773800,-1
34847.932,2,531512,500,771490,-1
34848.034,1,532096,500,771590,-1
34848.152,2,532096,500,771590,-1
34848.211,2,531204,800,769520,1
34848.217,2,530529,800,771180,-1
34848.243,1,532295,800,769720,1
34848.324,2,284306,300,763700,1
34848.358,1,532382,100,769900,1
34848.368,2,529504,400,769900,1
34848.406,1,532432,800,769700,1
34848.532,2,532295,800,769720,1
34848.581,1,532629,500,771590,-1
34848.633,2,532382,100,769900,1
34848.773,1,532784,800,771180,-1
34848.955,2,179410,300,774900,-1
34848.991,1,532944,30,780500,-1
34849.038,2,532784,800,771180,-1
34849.073,2,532629,500,771590,-1
34849.077,2,532432,800,769700,1
34849.099,1,533041,800,769500,1
34849.129,1,533075,500,771690,-1
34849.233,1,533158,100,769900,1
34849.317,1,533214,800,769720,1
34849.512,2,530543,100,769700,1
34849.866,1,533679,800,771380,-1
34851.664,2,531826,500,773800,-1
34851.696,1,534882,250,773800,-1
34851.718,2,533214,800,769720,1
34851.72,2,533679,800,771380,-1
34851.927,1,535028,800,771280,-1
34852.377,2,531822,500,770240,1
34852.379,2,534882,250,773800,-1
34852.411,1,535414,250,770640,1
34852.413,1,535417,500,774200,-1
34852.422,2,532944,30,780500,-1
34852.603,1,535619,800,769620,1
34852.874,2,535619,800,769620,1
34852.876,2,535028,800,771280,-1
34853.061,1,535941,30,780500,-1
34853.072,1,535951,800,771380,-1
34853.619,1,536393,800,769720,1
34855.054,2,535414,250,770640,1
34855.056,2,535417,500,774200,-1
34855.092,1,537389,500,770240,1
34855.093,2,535941,30,780500,-1
34855.094,1,537392,250,773800,-1
34855.102,2,537389,500,770240,1
34855.104,2,537392,250,773800,-1
34855.132,1,537428,500,770640,1
34855.135,1,537433,500,774200,-1
34855.558,1,537807,30,780500,-1
34859.948,1,540379,300,765200,1
34860.384,2,533075,500,771690,-1
34860.45,2,536393,800,769720,1
34860.453,2,535951,800,771380,-1
34860.457,1,540759,800,771180,-1
34860.536,1,540826,500,771490,-1
34860.546,2,533158,100,769900,1
34860.659,1,540917,100,771000,-1
34860.857,2,537428,500,770640,1
34860.886,1,541083,250,770640,1
34860.893,2,537807,30,780500,-1
34860.93,1,541114,30,780500,-1
34860.988,1,541155,800,769520,1
34861.08,2,541083,250,770640,1
34861.082,2,537433,500,774200,-1
34861.113,1,541270,500,770240,1
34861.116,1,541273,500,773800,-1
34861.207,2,541114,30,780500,-1
34861.485,2,533041,800,769500,1
34861.522,1,541658,800,769000,1
34862.43,1,542524,300,775300,-1
34862.505,2,513782,800,771900,-1
34862.552,1,542619,800,771100,-1
34863.043,2,541270,500,770240,1
34863.074,1,543037,250,770240,1
34863.16,2,540826,500,771490,-1
34863.381,2,541155,800,769520,1
34863.385,2,540759,800,771180,-1
34863.518,1,543381,800,769420,1
34863.596,1,543446,500,771390,-1
34863.837,1,543642,500,770800,-1
34864.054,1,543772,800,771080,-1
34864.25,2,543446,500,771390,-1
34864.269,1,543896,500,770600,-1
34864.804,2,543037,250,770240,1
34864.835,1,544373,500,769840,1
34865.218,2,541273,500,773800,-1
34865.248,1,544777,250,773400,-1
34866.083,1,545531,500,770400,-1
34866.117,2,544777,250,773400,-1
34866.148,1,545600,500,773400,-1
34866.892,2,543896,500,770600,-1
34869.538,2,544373,500,769840,1
34869.568,1,548126,250,769840,1
34869.787,2,548126,250,769840,1
34869.788,2,545600,500,773400,-1
34869.833,1,548280,500,769440,1
34869.892,1,548356,500,773000,-1
34870.113,5,545582,100,770360,-1
34870.113,4,545531,200,770400,-1
34871.758,2,543381,800,769420,1
34871.761,2,543772,800,771080,-1
34871.771,1,549878,800,770780,-1
34871.909,1,550008,500,769010,1
34871.949,2,550008,500,769010,1
34871.994,1,550066,100,770700,-1
34872.127,2,540917,100,771000,-1
34872.272,1,550263,800,769120,1
34872.455,2,542619,800,771100,-1
34872.46,1,550384,800,771200,-1
34872.805,1,550645,30,780500,-1
34872.877,2,549878,800,770780,-1
34872.883,2,550263,800,769120,1
34872.941,1,550746,800,770780,-1
34872.983,2,550066,100,770700,-1
34872.983,1,550792,100,769900,1
34873.098,4,545531,300,770400,-1
34873.135,2,550792,100,769900,1
34873.223,1,550987,500,771090,-1
34873.228,2,550645,30,780500,-1
34873.342,2,550746,800,770780,-1
34873.375,2,550987,500,771090,-1
34873.478,1,551206,100,770700,-1
34873.484,1,551213,800,770880,-1
34873.767,1,551449,500,769010,1
34873.83,2,551449,500,769010,1
34873.849,2,551213,800,770880,-1
34873.975,2,551206,100,770700,-1
34874.025,1,551663,800,769420,1
34874.07,1,551709,100,771000,-1
34874.575,1,552078,800,771080,-1
34874.662,2,551663,800,769420,1
34874.665,2,552078,800,771080,-1
34874.752,1,552201,500,769110,1
34875.119,1,552446,800,771180,-1
34875.298,2,552201,500,769110,1
34875.408,1,552644,500,769210,1
34875.659,1,552797,800,769520,1
34875.679,1,552814,600,770600,1
34876.557,1,553334,30,780500,-1
34876.817,2,540379,300,765200,1
34876.944,4,552814,100,770600,1
34877.155,2,542524,300,775300,-1
34877.384,2,504898,1000,769300,1
34877.575,2,552797,800,769520,1
34877.581,2,552446,800,771180,-1
34877.676,2,552644,500,769210,1
34877.679,1,553955,800,769620,1
34877.814,1,554013,500,769310,1
34877.851,2,554013,500,769310,1
34878.279,2,548356,500,773000,-1
34878.304,2,553955,800,769620,1
34878.318,1,554302,250,773000,-1
34878.347,1,554327,800,771180,-1
34878.37,1,554354,500,769210,1
34878.48,1,554436,100,770800,-1
34878.545,2,551709,100,771000,-1
34878.646,2,554436,100,770800,-1
34878.695,2,550384,800,771200,-1
34878.701,1,554677,800,771000,-1
34878.771,2,554354,500,769210,1
34878.805,2,554327,800,771180,-1
34878.891,1,554842,100,769900,1
34878.913,1,554860,500,771690,-1
34878.93,1,554879,800,771580,-1
34879.097,2,548280,500,769440,1
34879.102,2,554302,250,773000,-1
34879.146,1,555098,250,769840,1
34879.149,1,555100,500,773400,-1
34879.318,2,555098,250,769840,1
34879.32,2,555100,500,773400,-1
34879.348,1,555341,500,769440,1
34879.353,1,555348,250,773000,-1
34879.537,1,555595,500,769510,1
34879.57,1,555630,800,769920,1
34879.829,2,554860,500,771690,-1
34879.84,2,555341,500,769440,1
34879.841,2,555348,250,773000,-1
34879.872,1,555885,250,769840,1
34879.874,1,555888,500,773400,-1
34879.917,2,543642,500,770800,-1
34879.96,1,555967,100,771300,-1
34880.003,1,556016,500,771690,-1
34880.067,2,555885,250,769840,1
34880.069,2,555888,500,773400,-1
34880.097,1,556096,500,769440,1
34880.101,1,556105,250,773000,-1
34880.174,2,556105,250,773000,-1
34880.204,1,556209,500,773400,-1
34880.327,2,554677,800,771000,-1
34880.331,1,556323,800,771100,-1
34880.478,2,556096,500,769440,1
34880.517,1,556494,250,769840,1
34880.671,5,555174,500,770640,1
34880.685,2,556323,800,771100,-1
34880.695,1,556691,800,771200,-1
34880.703,2,556016,500,771690,-1
34881.627,2,555630,800,769920,1
34881.629,2,554879,800,771580,-1
34881.741,1,557516,800,771680,-1
34881.752,1,557528,500,771690,-1
34881.896,1,557594,5,771000,1
34882.08,2,555595,500,769510,1
34882.292,1,557853,800,770020,1
34882.432,2,556691,800,771200,-1
34882.436,1,557956,800,771400,-1
34882.772,2,556494,250,769840,1
34882.803,1,558186,500,769840,1
34882.837,2,558186,500,769840,1
34882.868,1,558229,250,769840,1
34883.617,2,558229,250,769840,1
34883.647,1,558698,500,769840,1
34883.788,2,557853,800,770020,1
34883.79,2,557516,800,771680,-1
34883.895,1,558850,800,770120,1
34885.017,4,557594,5,771000,1
34885.469,2,557528,500,771690,-1
34885.566,1,559812,800,771780,-1
34885.581,1,559824,500,771790,-1
34885.93,2,559824,500,771790,-1
34886.127,1,560154,500,771690,-1
34886.172,2,560154,500,771690,-1
34886.884,2,558850,800,770120,1
34886.887,2,559812,800,771780,-1
34886.988,1,560577,800,770020,1
34887.004,1,560593,500,771790,-1
34887.328,2,560593,500,771790,-1
34887.543,1,560922,800,771680,-1
34887.554,1,560929,500,771690,-1
34887.589,2,560929,500,771690,-1
34888.371,2,560577,800,770020,1
34888.373,2,560922,800,771680,-1
34888.424,1,561482,500,771590,-1
34888.466,1,561513,800,771480,-1
34888.53,2,554842,100,769900,1
34888.531,1,561552,100,771000,-1
34888.569,2,558698,500,769840,1
34888.6,1,561618,250,769840,1
34888.727,2,561618,250,769840,1
34888.729,2,556209,500,773400,-1
34888.764,1,561717,500,769440,1
34888.767,1,561720,250,773000,-1
34888.932,2,561482,500,771590,-1
34888.95,2,561513,800,771480,-1
34888.996,2,561552,100,771000,-1
34889.028,1,561958,500,769510,1
34889.06,1,561994,800,770020,1
34889.12,2,561958,500,769510,1
34889.154,2,561994,800,770020,1
34889.285,2,561720,250,773000,-1
34889.321,1,562232,500,773000,-1
34889.327,1,562238,100,770000,1
34889.471,2,557956,800,771400,-1
34889.478,1,562354,800,771200,-1
34889.52,1,562398,500,771690,-1
34889.561,2,562398,500,771690,-1
34889.614,2,562232,500,773000,-1
34889.619,1,562482,800,771680,-1
34889.711,1,562547,250,773000,-1
34889.929,2,562547,250,773000,-1
34889.961,1,562713,500,773000,-1
34890.064,1,562780,500,769610,1
34890.191,1,562844,800,770020,1
34890.221,2,541658,800,769000,1
34890.234,1,562867,800,768600,1
34891.323,2,562713,500,773000,-1
34891.353,1,563489,250,773000,-1
34892.144,2,562780,500,769610,1
34892.542,2,561717,500,769440,1
34892.544,2,563489,250,773000,-1
34892.572,1,564236,250,769840,1
34892.576,1,564240,500,773400,-1
34894.683,2,553334,30,780500,-1
34894.747,2,562844,800,770020,1
34894.749,2,562482,800,771680,-1
34894.803,1,565630,800,770220,1
34894.84,1,565663,100,770200,1
34894.882,1,565695,500,771990,-1
34895.309,2,562238,100,770000,1
34895.365,1,566032,800,771880,-1
34895.711,2,564236,250,769840,1
34895.742,1,566335,500,769840,1
34895.897,2,564240,500,773400,-1
34895.927,1,566481,250,773400,-1
34896.135,2,566481,250,773400,-1
34896.148,2,566335,500,769840,1
34896.168,1,566679,500,773800,-1
34896.18,1,566691,250,770240,1
34896.498,2,562354,800,771200,-1
34896.503,1,566987,800,771400,-1
34896.852,2,566691,250,770240,1
34896.884,1,567345,500,770240,1
34897.395,2,565695,500,771990,-1
34897.553,2,562867,800,768600,1
34897.558,1,567924,800,769100,1
34897.817,2,567345,500,770240,1
34897.847,1,568120,250,770240,1
34898.211,2,565630,800,770220,1
34898.218,2,566032,800,771880,-1
34898.248,1,568491,800,770420,1
34898.267,1,568509,100,770500,1
34898.278,1,568516,500,772190,-1
34898.346,2,568516,500,772190,-1
34898.777,2,568509,100,770500,1
34898.777,2,565663,100,770200,1
34898.816,1,569058,500,772290,-1
34898.855,1,569107,800,772080,-1
34899.042,1,569293,100,770400,1
34899.358,2,568120,250,770240,1
34899.389,1,569578,500,769840,1
34899.482,2,566679,500,773800,-1
34899.514,1,569717,250,773400,-1
34899.739,2,566987,800,771400,-1
34899.745,1,569961,800,771600,-1
34899.796,2,555967,100,771300,-1
34899.799,1,569993,30,780500,-1
34899.803,2,568491,800,770420,1
34899.805,2,569107,800,772080,-1
34899.91,1,570089,500,770210,1
34899.912,2,569058,500,772290,-1
34899.94,1,570118,800,770320,1
34900.089,2,570089,500,770210,1
34900.296,2,569578,500,769840,1
34900.298,2,569717,250,773400,-1
34900.327,1,570416,250,770240,1
34900.332,1,570421,500,773800,-1
34900.344,2,569993,30,780500,-1
34900.528,1,570609,500,772190,-1
34900.557,1,570638,800,771980,-1
34900.829,2,569961,800,771600,-1
34900.849,1,570902,1100,773700,-1
34900.862,2,570416,250,770240,1
34900.893,1,570941,500,770240,1
34901.156,2,570941,500,770240,1
34901.185,1,571160,250,770240,1
34901.55,2,570609,500,772190,-1
34901.661,1,571487,500,772290,-1
34901.697,2,571487,500,772290,-1
34902.069,2,571160,250,770240,1
34902.07,2,570421,500,773800,-1
34902.098,1,571753,500,769840,1
34902.101,1,571756,500,773400,-1
34902.297,1,571926,500,772190,-1
34902.357,2,571926,500,772190,-1
34902.752,1,572272,500,772290,-1
34903.174,2,572272,500,772290,-1
34903.264,2,570118,800,770320,1
34903.267,2,570638,800,771980,-1
34903.301,1,572640,100,770700,1
34903.307,1,572641,800,770520,1
34903.345,1,572686,500,772390,-1
34903.636,2,569293,100,770400,1
34903.659,2,552814,500,770600,1
34903.84,1,573156,800,772180,-1
34903.852,2,571756,500,773400,-1
34903.859,1,573182,500,770310,1
34903.884,1,573200,250,773400,-1
34904.11,1,573356,30,780500,-1
34904.346,2,567924,800,769100,1
34904.35,1,573531,800,770000,1
34904.409,1,573573,100,769800,1
34904.416,2,573200,250,773400,-1
34904.449,1,573609,500,773800,-1
34904.52,2,571753,500,769840,1
34904.55,1,573731,500,770240,1
34905.539,2,572640,100,770700,1
34905.558,2,573356,30,780500,-1
34905.706,2,572641,800,770520,1
34905.709,2,573156,800,772180,-1
34905.795,1,574736,800,770420,1
34905.869,1,574807,100,770600,1
34906.373,1,575109,800,772080,-1
34906.667,2,573731,500,770240,1
34906.674,2,573609,500,773800,-1
34906.697,1,575316,500,770640,1
34906.705,1,575322,500,774200,-1
34908.451,2,575322,500,774200,-1
34908.482,1,577237,250,774200,-1
34908.654,2,575316,500,770640,1
34908.658,2,577237,250,774200,-1
34908.694,1,577431,250,771040,1
34908.695,1,577436,500,774600,-1
34908.822,2,577431,250,771040,1
34908.853,1,577608,500,771040,1
34909.379,2,577608,500,771040,1
34909.409,1,578174,250,771040,1
34909.702,2,578174,250,771040,1
34909.735,1,578479,500,771040,1
34910.002,1,578695,30,780500,-1
34911.201,2,573182,500,770310,1
34911.214,2,572686,500,772390,-1
34911.219,2,573531,800,770000,1
34911.225,1,579717,400,770200,1
34911.255,2,574736,800,770420,1
34911.259,2,575109,800,772080,-1
34911.262,2,574807,100,770600,1
34911.263,1,579756,100,770400,1
34911.281,1,579781,500,772190,-1
34911.3,1,579795,800,771780,-1
34911.43,2,579795,800,771780,-1
34911.565,2,579781,500,772190,-1
34911.793,1,580271,100,770900,1
34911.799,1,580278,500,770510,1
34911.848,1,580350,800,770620,1
34912.069,2,578479,500,771040,1
34912.072,2,577436,500,774600,-1
34912.1,1,580567,500,770640,1
34912.105,1,580576,500,774200,-1
34912.109,2,579756,100,770400,1
34912.168,2,580271,100,770900,1
34912.302,2,580278,500,770510,1
34912.314,2,580350,800,770620,1
34912.409,2,578695,30,780500,-1
34912.451,1,580973,100,770600,1
34912.491,1,581019,500,772390,-1
34912.695,1,581257,800,770420,1
34912.89,1,581493,500,770310,1
34913.122,1,581698,800,772080,-1
34913.254,2,581257,800,770420,1
34913.26,2,581698,800,772080,-1
34913.721,1,582253,800,771980,-1
34914.897,2,581493,500,770310,1
34914.899,2,581019,500,772390,-1
34914.907,1,583165,500,772490,-1
34915.036,2,583165,500,772490,-1
34915.068,2,582253,800,771980,-1
34915.069,1,583316,800,770520,1
34915.105,1,583346,100,770800,1
34915.213,2,583316,800,770520,1
34915.276,2,580973,100,770600,1
34915.321,2,580567,500,770640,1
34915.348,2,583346,100,770800,1
34915.352,1,583543,250,770640,1
34915.457,1,583625,500,770310,1
34915.613,1,583764,800,770320,1
34915.704,2,583543,250,770640,1
34915.707,2,580576,500,774200,-1
34915.735,1,583868,500,770240,1
34915.739,1,583871,250,773800,-1
34915.746,1,583879,100,770600,1
34915.862,2,583871,250,773800,-1
34915.893,1,584012,500,773800,-1
34916.008,1,584113,500,772390,-1
34916.197,1,584270,800,771980,-1
34916.53,2,583764,800,770320,1
34916.534,2,584270,800,771980,-1
34916.863,1,584835,800,771880,-1
34917.193,2,579717,400,770200,1
34917.202,1,585127,400,770100,1
34917.661,2,584835,800,771880,-1
34917.665,2,583625,500,770310,1
34917.668,2,584113,500,772390,-1
34917.683,1,585545,500,770510,1
34917.726,1,585603,800,770420,1
34917.791,1,585653,100,770800,1
34918.082,2,583879,100,770600,1
34918.188,1,585949,500,772590,-1
34918.302,1,586037,800,772080,-1
34918.404,2,584012,500,773800,-1
34918.435,1,586161,250,773800,-1
34918.535,2,585545,500,770510,1
34918.537,2,585949,500,772590,-1
34918.646,2,585603,800,770420,1
34918.654,2,586037,800,772080,-1
34918.734,2,585653,100,770800,1
34918.735,1,586442,100,770600,1
34918.741,1,586447,500,770310,1
34918.869,1,586532,800,771880,-1
34919.283,1,586836,500,772390,-1
34919.459,2,583868,500,770240,1
34919.461,2,586161,250,773800,-1
34919.497,1,587017,250,770640,1
34919.5,1,587022,500,774200,-1
34919.606,2,587017,250,770640,1
34919.609,2,587022,500,774200,-1
34919.617,1,587130,800,770220,1
34919.638,1,587148,500,770240,1
34919.642,1,587152,500,773800,-1
34919.724,2,587152,500,773800,-1
34919.755,1,587281,250,773800,-1
34919.868,2,586447,500,770310,1
34919.869,2,586836,500,772390,-1
34919.959,1,587469,500,772290,-1
34920.381,2,587281,250,773800,-1
34920.412,1,587833,500,773800,-1
34921.076,2,587130,800,770220,1
34921.141,1,588432,500,770210,1
34921.174,2,586532,800,771880,-1
34921.181,1,588456,800,770120,1
34921.76,1,588888,800,771780,-1
34922.408,2,587148,500,770240,1
34922.44,2,585127,400,770100,1
34922.441,1,589420,250,770240,1
34922.445,1,589423,800,770000,1
34922.643,2,589420,250,770240,1
34922.646,2,587833,500,773800,-1
34922.673,1,589604,500,769840,1
34922.676,1,589606,250,773400,-1
34922.95,2,589606,250,773400,-1
34922.982,1,589902,500,773400,-1
34923.741,2,570902,1100,773700,-1
34923.744,2,589423,800,770000,1
34923.769,1,590612,1200,772800,-1
34923.773,1,590615,800,769900,1
34924.159,2,573573,100,769800,1
34924.603,1,591466,100,771400,-1
34925.315,2,588432,500,770210,1
34925.323,2,587469,500,772290,-1
34925.355,2,588456,800,770120,1
34925.363,2,588888,800,771780,-1
34925.366,1,592208,800,770320,1
34925.388,1,592232,500,770410,1
34925.418,1,592258,100,770800,1
34925.486,2,592232,500,770410,1
34925.758,2,586442,100,770600,1
34925.772,1,592667,500,770900,-1
34925.811,4,592667,200,770900,-1
34925.854,1,592728,500,770410,1
34925.86,1,592735,800,771980,-1
34925.993,4,592667,100,770900,-1
34926.765,2,592728,500,770410,1
34926.819,2,592208,800,770320,1
34926.823,2,592735,800,771980,-1
34926.868,1,593512,500,770210,1
34926.888,1,593527,800,770120,1
34926.898,2,592258,100,770800,1
34926.899,1,593537,100,770500,1
34927.156,2,593512,500,770210,1
34927.38,1,593865,500,770210,1
34927.396,1,593878,800,771780,-1
34927.449,4,592667,100,770900,-1
34927.559,4,592667,100,770900,-1
34927.573,2,593865,500,770210,1
34927.679,2,593527,800,770120,1
34927.682,2,593878,800,771780,-1
34927.911,1,594263,800,770020,1
34927.924,1,594268,500,770110,1
34928.018,2,594268,500,770110,1
34928.472,1,594741,500,770110,1
34928.488,1,594750,800,771680,-1
34928.918,2,589604,500,769840,1
34928.919,2,589902,500,773400,-1
34928.95,1,595126,500,769440,1
34928.952,1,595129,500,773000,-1
34929.066,1,595273,500,772190,-1
34929.677,2,595129,500,773000,-1
34929.708,1,595873,250,773000,-1
34929.914,1,596081,30,780500,-1
34931.053,2,595126,500,769440,1
34931.054,2,595873,250,773000,-1
34931.102,1,596955,250,769840,1
34931.106,1,596961,500,773400,-1
34931.538,2,596955,250,769840,1
34931.568,1,597325,500,769840,1
34932.318,2,594741,500,770110,1
34932.34,2,594263,800,770020,1
34932.343,2,594750,800,771680,-1
34932.345,2,595273,500,772190,-1
34932.409,1,598114,500,770010,1
34932.421,1,598132,800,769920,1
34932.429,2,590612,1200,772800,-1
34932.436,1,598155,800,772600,-1
34932.456,1,598169,100,771700,-1
34932.458,2,593537,100,770500,1
34932.508,2,596081,30,780500,-1
34932.511,2,598114,500,770010,1
34932.519,2,598132,800,769920,1
34932.954,1,598621,500,769910,1
34932.959,1,598624,800,771380,-1
34933.0,2,591466,100,771400,-1
34933.002,1,598657,100,771000,-1
34933.675,2,590615,800,769900,1
34933.707,1,599194,800,769700,1
34933.722,1,599204,800,769720,1
34934.346,2,599194,800,769700,1
34934.369,1,599673,800,769100,1
34935.465,2,599673,800,769100,1
34935.492,1,600451,1200,768400,1
34936.128,2,598621,500,769910,1
34936.234,1,600906,500,769810,1
34936.319,2,600906,500,769810,1
34936.784,1,601309,500,769910,1
34936.819,2,601309,500,769910,1
34937.165,2,597325,500,769840,1
34937.21,1,601624,250,769840,1
34937.225,2,599204,800,769720,1
34937.227,2,598624,800,771380,-1
34937.294,1,601692,800,771080,-1
34937.33,1,601712,500,771790,-1
34937.352,1,601728,100,771300,-1
34937.634,2,601624,250,769840,1
34937.637,2,596961,500,773400,-1
34937.666,1,601980,500,769440,1
34937.67,1,601983,250,773000,-1
34937.759,2,598169,100,771700,-1
34937.852,1,602170,800,769420,1
34937.878,1,602192,500,769710,1
34937.929,2,601983,250,773000,-1
34937.963,1,602261,500,773000,-1
34938.54,2,598155,800,772600,-1
34938.547,1,602750,800,771200,-1
34939.402,2,602170,800,769420,1
34939.404,2,601692,800,771080,-1
34939.509,1,603439,800,771180,-1
34939.824,2,602192,500,769710,1
34939.826,2,601712,500,771790,-1
34939.841,2,603439,800,771180,-1
34939.939,2,601728,100,771300,-1
34939.947,1,603774,100,771600,-1
34939.957,1,603777,500,769810,1
34940.065,1,603843,800,769720,1
34940.138,2,603777,500,769810,1
34940.169,2,603843,800,769720,1
34940.506,1,604271,500,769710,1
34940.546,2,603774,100,771600,-1
34940.546,1,604302,100,771300,-1
34940.613,1,604367,800,771180,-1
34941.191,1,604704,800,769520,1
34944.103,2,602261,500,773000,-1
34944.133,1,606573,250,773000,-1
34944.963,2,601980,500,769440,1
34944.965,2,606573,250,773000,-1
34944.993,1,607095,500,769840,1
34944.997,1,607100,500,773400,-1
34945.76,1,607723,30,780500,-1
34945.777,2,602750,800,771200,-1
34945.79,2,607095,500,769840,1
34945.797,1,607758,800,771100,-1
34945.821,1,607792,250,769840,1
34945.843,2,607723,30,780500,-1
34945.872,1,607853,30,780500,-1
34946.257,1,608144,400,772400,-1
34946.259,1,608145,400,769500,1
34946.742,2,607792,250,769840,1
34946.743,2,607100,500,773400,-1
34946.781,2,607853,30,780500,-1
34946.796,1,608594,500,769440,1
34946.798,1,608600,250,773000,-1
34947.4,2,608600,250,773000,-1
34947.431,1,609219,500,773000,-1
34947.613,2,604271,500,769710,1
34947.724,1,609486,500,769610,1
34947.786,2,609486,500,769610,1
34947.821,2,604704,800,769520,1
34947.828,2,604367,800,771180,-1
34947.891,1,609620,800,771000,-1
34947.966,1,609696,100,771100,-1
34948.267,1,609965,500,769510,1
34948.358,2,604302,100,771300,-1
34948.816,1,610395,500,771590,-1
34948.86,2,609965,500,769510,1
34948.898,2,610395,500,771590,-1
34948.905,2,609620,800,771000,-1
34948.932,1,610509,800,771280,-1
34948.957,2,609696,100,771100,-1
34948.958,1,610528,100,771300,-1
34949.211,2,610509,800,771280,-1
34949.36,1,610896,500,769610,1
34949.51,2,608145,400,769500,1
34949.515,1,611026,800,771280,-1
34949.52,1,611031,400,769200,1
34949.714,2,598657,100,771000,-1
34949.715,1,611195,100,770100,-1
34949.986,2,608594,500,769440,1
34950.017,1,611391,250,769440,1
34950.05,1,611418,800,769620,1
34950.093,2,611026,800,771280,-1
34950.109,2,611418,800,769620,1
34950.64,2,213020,100,765200,1
34950.7,1,611853,800,769520,1
34950.828,1,611930,30,780500,-1
34950.848,2,611391,250,769440,1
34950.851,2,609219,500,773000,-1
34950.882,1,611985,500,769040,1
34950.885,1,611990,250,772600,-1
34950.968,2,611990,250,772600,-1
34950.975,2,611985,500,769040,1
34950.998,1,612096,500,773000,-1
34950.999,2,611930,30,780500,-1
34951.005,1,612103,250,769440,1
34951.239,1,612309,800,771180,-1
34951.52,5,611213,500,770060,-1
34951.52,4,611195,100,770100,-1
34951.572,2,611853,800,769520,1
34951.574,2,612309,800,771180,-1
34951.608,2,612103,250,769440,1
34951.61,2,612096,500,773000,-1
34951.64,1,612610,500,769040,1
34951.645,1,612611,250,772600,-1
34951.681,1,612645,500,771690,-1
34951.789,1,612739,800,771080,-1
34951.911,2,612739,800,771080,-1
34952.365,1,613294,800,771180,-1
34952.663,2,612610,500,769040,1
34952.666,2,612611,250,772600,-1
34952.695,1,613644,250,769440,1
34952.699,1,613650,500,773000,-1
34952.891,1,613820,800,769520,1
34953.377,2,613644,250,769440,1
34953.409,1,614214,500,769440,1
34953.659,2,614214,500,769440,1
34953.691,1,614453,250,769440,1
34953.824,2,613820,800,769520,1
34953.825,2,613294,800,771180,-1
34953.946,1,614640,800,771280,-1
34954.065,2,610896,500,769610,1
34954.067,2,612645,500,771690,-1
34954.175,1,614788,500,769610,1
34954.514,1,615006,800,769620,1
34955.704,2,614788,500,769610,1
34955.814,1,615870,500,769510,1
34956.021,2,600451,1200,768400,1
34956.024,1,615972,800,768200,1
34956.344,2,607758,800,771100,-1
34956.348,1,616150,800,771000,-1
34956.36,2,615870,500,769510,1
34956.47,1,616211,500,769610,1
34956.633,2,616211,500,769610,1
34956.756,2,615006,800,769620,1
34956.758,2,614640,800,771280,-1
34956.847,1,616448,800,771380,-1
34957.025,1,616559,1000,770600,1
34957.027,1,616561,500,769510,1
34957.062,2,616561,500,769510,1
34957.399,1,616782,800,769720,1
34957.531,2,616150,800,771000,-1
34957.565,1,616882,800,771200,-1
34957.588,1,616905,500,769610,1
34957.676,2,614453,250,769440,1
34957.679,2,613650,500,773000,-1
34957.728,1,616986,500,769040,1
34957.73,1,616990,250,772600,-1
34957.909,1,617123,30,780500,-1
34958.106,2,616990,250,772600,-1
34958.136,1,617299,500,772600,-1
34958.57,2,616905,500,769610,1
34958.621,2,616782,800,769720,1
34958.623,2,616448,800,771380,-1
34958.675,1,617697,500,769510,1
34958.68,1,617701,500,770100,1
34958.74,1,617735,800,771480,-1
34959.283,1,618068,800,769820,1
34960.915,2,617697,500,769510,1
34961.219,2,616986,500,769040,1
34961.251,1,619204,250,769040,1
34962.012,2,619204,250,769040,1
34962.014,2,617299,500,772600,-1
34962.052,1,619815,500,768640,1
34962.054,1,619818,250,772200,-1
34962.214,1,620020,100,771100,-1
34962.278,2,618068,800,769820,1
34962.285,2,617735,800,771480,-1
34962.313,2,610528,100,771300,-1
34962.363,1,620179,800,771280,-1
34962.633,1,620519,500,769410,1
34962.666,2,619815,500,768640,1
34962.667,2,619818,250,772200,-1
34962.705,1,620611,250,769040,1
34962.709,1,620616,500,772600,-1
34962.995,1,620985,800,769620,1
34963.243,5,621011,200,770620,1
34963.243,5,616558,300,770610,1
34963.384,2,620611,250,769040,1
34963.414,1,621389,500,769040,1
34963.524,5,616558,500,770610,1
34963.677,2,616882,800,771200,-1
34963.695,1,621689,800,770900,-1
34963.865,2,616559,1000,770600,1
34963.885,2,617123,30,780500,-1
34965.607,2,620985,800,769620,1
34965.614,2,620179,800,771280,-1
34965.943,1,623555,800,769720,1
34966.014,1,623621,500,771490,-1
34966.382,1,623877,1000,771000,-1
34966.835,2,623877,1000,771000,-1
34966.87,1,624224,30,780500,-1
34966.922,1,624260,800,771380,-1
34967.181,1,624452,1000,771000,-1
34967.585,2,617701,500,770100,1
34967.948,2,621389,500,769040,1
34967.949,2,624452,1000,771000,-1
34967.95,2,620616,500,772600,-1
34967.993,1,625002,500,769440,1
34967.996,1,625004,500,773000,-1
34969.613,2,621689,400,770900,-1
34969.714,2,608144,400,772400,-1
34969.718,2,611031,400,769200,1
34969.763,1,626376,400,771500,-1
34969.766,1,626377,400,768600,1
34970.185,2,624224,30,780500,-1
34971.229,2,625002,500,769440,1
34971.258,1,627381,250,769440,1
34971.615,2,620519,500,769410,1
34971.618,2,623621,500,771490,-1
34971.722,1,627706,500,769510,1
34972.048,2,627706,500,769510,1
34972.163,2,627381,250,769440,1
34972.165,2,625004,500,773000,-1
34972.196,1,628000,500,769040,1
34972.199,1,628003,250,772600,-1
34972.345,1,628138,500,769410,1
34972.768,5,623420,500,770860,-1
34972.768,5,627839,200,770890,-1
34972.841,2,626377,400,768600,1
34972.867,1,628590,600,764400,1
34972.973,2,628003,250,772600,-1
34973.002,1,628698,500,772600,-1
34973.158,2,628138,500,769410,1
34973.269,1,628910,500,769510,1
34973.651,2,621689,400,770900,-1
34973.684,1,629180,400,771100,-1
34974.562,2,628910,500,769510,1
34974.792,1,629873,500,769610,1
34974.83,2,623555,800,769720,1
34974.832,2,624260,800,771380,-1
34974.833,1,629899,800,770020,1
34974.848,2,620020,100,771100,-1
34974.879,2,629873,500,769610,1
34975.017,1,630019,100,770000,1
34975.268,1,630194,500,771790,-1
34975.332,1,630244,800,771680,-1
34975.599,2,628698,500,772600,-1
34975.629,1,630442,250,772600,-1
34975.758,1,630539,30,780500,-1
34975.818,2,628000,500,769040,1
34975.819,2,630442,250,772600,-1
34975.848,1,630635,250,769440,1
34975.852,1,630641,500,773000,-1
34975.901,2,630635,250,769440,1
34975.981,1,630768,500,769710,1
34976.15,1,630884,500,769440,1
34976.548,2,629180,400,771100,-1
34976.581,1,631226,400,771200,-1
34976.753,2,626376,400,771500,-1
34976.789,1,631384,200,770900,-1
34976.864,2,630768,500,769710,1
34976.866,2,630194,500,771790,-1
34976.97,1,631529,500,769810,1
34977.057,2,615972,800,768200,1
34977.139,1,631674,800,769100,1
34977.247,2,629899,800,770020,1
34977.249,2,630244,800,771680,-1
34977.254,2,631226,400,771200,-1
34977.273,1,631786,800,771700,-1
34977.317,2,631529,500,769810,1
34977.326,1,631815,800,769920,1
34977.535,1,631961,100,770600,1
34977.564,1,631987,500,771790,-1
34977.593,1,632007,2000,769820,1
34977.617,2,631961,100,770600,1
34977.83,1,632142,800,771580,-1
34978.14,2,630539,30,780500,-1
34978.14,1,632336,2000,771180,-1
34979.694,2,631987,500,771790,-1
34979.73,2,631815,800,769920,1
34979.733,2,632142,800,771580,-1
34979.746,1,633405,800,771380,-1
34979.823,2,630019,100,770000,1
34979.83,1,633480,500,769610,1
34979.896,2,632007,2000,769820,1
34979.96,1,633598,100,771100,-1
34979.999,1,633632,2000,769720,1
34980.285,1,633825,800,769720,1
34981.98,2,633480,500,769610,1
34981.99,2,633825,800,769720,1
34981.994,2,633405,800,771380,-1
34982.0,1,635029,500,769810,1
34982.003,2,633598,100,771100,-1
34982.005,1,635034,800,769920,1
34982.135,1,635124,100,770000,1
34982.158,2,631384,200,770900,-1
34982.197,1,635189,600,780000,-1
34982.52,1,635415,800,771580,-1
34982.801,2,628590,600,764400,1
34982.815,1,635640,200,770200,1
34982.953,2,632336,2000,771180,-1
34983.068,1,635812,2000,771480,-1
34983.072,1,635816,500,771890,-1
34985.335,2,630884,500,769440,1
34985.337,2,630641,500,773000,-1
34985.374,1,637053,500,769040,1
34985.381,1,637063,500,772600,-1
34987.184,2,635029,500,769810,1
34987.286,2,635816,500,771890,-1
34987.619,2,635034,800,769920,1
34987.622,2,635415,800,771580,-1
34987.671,2,635124,100,770000,1
34987.675,1,638793,800,771380,-1
34987.721,1,638837,500,771690,-1
34987.822,1,638903,100,771100,-1
34988.255,1,639145,800,769720,1
34988.265,1,639149,500,769610,1
34988.71,1,639450,30,780500,-1
34988.922,2,639450,30,780500,-1
34988.973,2,639149,500,769610,1
34988.979,2,638837,500,771690,-1
34988.983,2,639145,800,769720,1
34988.986,2,638793,800,771380,-1
34989.048,1,639697,100,770000,1
34989.05,2,638903,100,771100,-1
34989.054,1,639701,800,770020,1
34989.072,1,639714,500,769710,1
34989.247,2,639714,500,769710,1
34989.612,1,640062,800,771680,-1
34989.617,1,640068,500,771790,-1
34989.947,2,640068,500,771790,-1
34989.975,2,637053,500,769040,1
34989.976,2,637063,500,772600,-1
34990.006,2,633632,2000,769720,1
34990.019,1,640343,250,769440,1
34990.023,1,640345,500,773000,-1
34990.088,2,640343,250,769440,1
34990.119,1,640442,500,769440,1
34990.152,1,640470,2000,770020,1
34990.663,2,635640,200,770200,1
34990.677,1,640910,200,770400,1
34990.941,2,640470,2000,770020,1
34990.943,2,635812,2000,771480,-1
34991.048,1,641144,2000,771680,-1
34991.085,1,641162,500,771790,-1
34991.197,2,640910,200,770400,1
34991.222,1,641249,200,770300,1
34991.593,1,641459,2000,770020,1
34992.055,2,641459,2000,770020,1
34992.099,2,641162,500,771790,-1
34992.122,2,639701,800,770020,1
34992.125,2,640062,800,771680,-1
34992.174,1,641820,2000,769920,1
34992.194,1,641838,500,771690,-1
34992.204,1,641845,800,771380,-1
34992.222,2,639697,100,770000,1
34992.222,1,641856,100,771100,-1
34992.736,1,642214,500,769610,1
34992.772,1,642247,800,769720,1
34994.244,2,631786,800,771700,-1
34994.274,1,643195,800,771300,-1
34995.04,2,635189,600,780000,-1
34995.058,1,643640,600,776200,-1
34995.546,2,642247,800,769720,1
34995.556,2,641845,800,771380,-1
34995.66,1,643930,800,771480,-1
34996.088,2,642214,500,769610,1
34996.09,2,641838,500,771690,-1
34996.097,2,643930,800,771480,-1
34996.172,2,641856,100,771100,-1
34996.205,1,644237,800,770020,1
34996.219,2,641249,200,770300,1
34996.257,1,644273,200,770100,1
34996.298,1,644303,500,771790,-1
34996.324,2,644237,800,770020,1
34996.354,1,644344,100,770000,1
34996.725,2,644303,500,771790,-1
34996.803,1,644677,800,770020,1
34996.844,1,644708,500,771890,-1
34997.348,1,644970,800,771680,-1
34998.628,2,640345,500,773000,-1
34998.659,1,645721,250,773000,-1
34998.861,2,644708,500,771890,-1
34998.893,2,640442,500,769440,1
34998.895,2,645721,250,773000,-1
34998.925,1,645936,250,769840,1
34998.929,1,645940,500,773400,-1
34998.944,1,645956,500,770010,1
34998.95,2,644677,800,770020,1
34998.954,2,644344,100,770000,1
34998.954,1,645971,100,770300,1
34998.959,2,644970,800,771680,-1
34998.964,1,645984,800,770220,1
34999.101,2,645936,250,769840,1
34999.132,1,646153,500,769440,1
34999.343,2,646153,500,769440,1
34999.38,1,646400,250,769840,1
34999.542,1,646585,500,772090,-1
34999.572,1,646618,800,771880,-1
34999.646,2,646400,250,769840,1
34999.677,1,646712,500,769840,1
34999.762,2,645984,800,770220,1
34999.764,2,646618,800,771880,-1
34999.778,2,645956,500,770010,1
34999.786,2,646585,500,772090,-1
34999.876,2,645971,100,770300,1
34999.923,2,646712,500,769840,1
34999.953,1,646975,250,769840,1
34999.964,1,646984,500,771890,-1
35000.023,1,647047,100,770000,1
35000.025,1,647052,800,770020,1
35000.315,2,646975,250,769840,1
35000.318,2,645940,500,773400,-1
35000.345,1,647330,500,769440,1
35000.351,1,647334,250,773000,-1
35000.549,2,647330,500,769440,1
35000.551,2,647334,250,773000,-1
35000.579,1,647576,250,769840,1
35000.581,1,647582,500,773400,-1
35000.619,1,647611,800,771680,-1
35001.046,2,641144,2000,771680,-1
35001.077,2,647052,800,770020,1
35001.08,2,647611,800,771680,-1
35001.123,1,648116,2000,771380,-1
35001.21,1,648190,800,771580,-1
35001.303,2,647576,250,769840,1
35001.305,2,647582,500,773400,-1
35001.311,2,643640,600,776200,-1
35001.314,2,644273,200,770100,1
35001.353,1,648307,400,772600,-1
35001.356,1,648309,400,769600,1
35001.374,1,648327,500,769440,1
35001.377,1,648330,250,773000,-1
35001.382,2,648330,250,773000,-1
35001.412,1,648369,500,773000,-1
35001.574,1,648520,500,769810,1
35001.649,1,648620,500,770900,-1
35001.827,1,648795,800,769920,1
35002.176,2,641820,2000,769920,1
35002.312,1,649191,2000,769920,1
35002.726,2,648795,800,769920,1
35002.73,2,648190,800,771580,-1
35003.157,2,648116,2000,771380,-1
35003.284,1,649861,800,771480,-1
35003.296,1,649869,2000,771480,-1
35005.471,2,649861,800,771480,-1
35005.567,1,651208,800,771380,-1
35005.849,2,648327,500,769440,1
35005.879,1,651397,250,769440,1
35005.894,2,651397,250,769440,1
35005.895,2,648369,500,773000,-1
35005.924,1,651416,500,769040,1
35005.926,1,651418,500,772600,-1
35007.212,2,651418,500,772600,-1
35007.242,1,652259,250,772600,-1
35007.638,2,651416,500,769040,1
35007.639,2,652259,250,772600,-1
35007.668,1,652495,250,769440,1
35007.725,1,652536,500,773000,-1
35008.038,2,648520,500,769810,1
35008.042,2,646984,500,771890,-1
35008.095,2,649191,2000,769920,1
35008.127,2,651208,800,771380,-1
35008.149,1,652786,800,771180,-1
35008.229,1,652842,500,769610,1
35008.234,1,652848,2000,769820,1
35008.251,2,647047,100,770000,1
35008.261,1,652869,100,771100,-1
35008.546,2,652848,2000,769820,1
35008.592,1,653066,1000,770300,1
35008.69,1,653150,800,769520,1
35008.764,1,653213,2000,769820,1
35008.962,1,653343,30,780500,-1
35009.027,2,653066,1000,770300,1
35009.054,2,653343,30,780500,-1
35009.091,2,653213,2000,769820,1
35009.194,1,653482,400,770300,-1
35009.217,2,648620,500,770900,-1
35009.312,1,653544,2000,769620,1
35009.351,2,653544,2000,769620,1
35009.484,2,652842,500,769610,1
35009.858,1,653899,2000,769320,1
35009.938,1,653966,500,769510,1
35010.29,2,653966,500,769510,1
35010.337,2,653150,800,769520,1
35010.342,2,652786,800,771180,-1
35010.447,1,654273,800,769420,1
35010.987,1,654581,800,771080,-1
35011.17,2,652495,250,769440,1
35011.173,2,652536,500,773000,-1
35011.173,2,653899,2000,769320,1
35011.201,1,654687,500,769040,1
35011.204,1,654689,250,772600,-1
35011.346,2,648309,400,769600,1
35011.363,2,654273,800,769420,1
35011.365,2,654581,800,771080,-1
35011.373,1,654850,400,769300,1
35011.393,1,654878,100,770800,-1
35011.4,2,652869,100,771100,-1
35011.432,1,654913,2000,769220,1
35011.529,2,654913,2000,769220,1
35011.546,1,655035,500,769210,1
35011.59,1,655092,800,770880,-1
35011.945,1,655425,2000,769120,1
35012.087,1,655528,500,771290,-1
35012.158,1,655591,800,769220,1
35012.224,2,654689,250,772600,-1
35012.255,1,655660,500,772600,-1
35012.259,2,655660,500,772600,-1
35012.289,1,655676,250,772600,-1
35012.484,2,655425,2000,769120,1
35012.496,2,655676,250,772600,-1
35012.527,1,655858,500,772600,-1
35012.577,5,655830,200,770250,-1
35012.577,4,653482,100,770300,-1
35013.296,2,649869,2000,771480,-1
35013.479,1,656536,2000,770580,-1
35013.654,2,631674,800,769100,1
35013.665,1,656659,800,768700,1
35013.739,4,653482,300,770300,-1
35013.739,1,656715,100,770500,1
35013.774,2,654878,100,770800,-1
35013.813,2,656715,100,770500,1
35013.822,1,656773,30,780500,-1
35013.823,2,656536,2000,770580,-1
35013.878,2,656773,30,780500,-1
35014.003,2,648307,400,772600,-1
35014.014,1,656919,400,771900,-1
35014.018,1,656922,2000,769220,1
35014.104,1,656976,100,770900,-1
35014.415,2,655035,500,769210,1
35014.419,2,655528,500,771290,-1
35014.424,2,655591,800,769220,1
35014.426,2,655092,800,770880,-1
35014.442,2,643195,800,771300,-1
35014.447,1,657188,800,770680,-1
35014.45,1,657190,800,771000,-1
35014.459,1,657197,500,771090,-1
35014.567,1,657275,2000,770580,-1
35014.705,2,657188,800,770680,-1
35014.707,2,656976,100,770900,-1
35014.708,1,657388,100,770600,-1
35014.714,2,657197,500,771090,-1
35014.892,2,656922,2000,769220,1
35014.906,2,657388,100,770600,-1
35014.988,1,657605,800,770980,-1
35015.006,1,657620,500,771290,-1
35015.112,1,657686,2000,769120,1
35015.278,1,657788,100,770900,-1
35015.57,1,658002,500,769210,1
35015.605,1,658034,800,769320,1
35016.015,2,654850,400,769300,1
35016.046,1,658403,400,768900,1
35016.473,2,654687,500,769040,1
35016.475,2,655858,500,772600,-1
35016.506,1,658733,500,768640,1
35016.508,1,658735,500,772200,-1
35018.1,2,658034,800,769320,1
35018.102,2,657605,800,770980,-1
35018.207,1,660041,800,769420,1
35019.768,1,661047,30,780500,-1
35019.871,2,657275,2000,770580,-1
35019.989,1,661178,800,771080,-1
35020.213,2,661047,30,780500,-1
35021.116,2,658002,500,769210,1
35021.124,2,657620,500,771290,-1
35021.248,2,660041,800,769420,1
35021.251,2,661178,800,771080,-1
35021.26,1,662125,800,769620,1
35021.263,2,658735,500,772200,-1
35021.282,2,657788,100,770900,-1
35021.285,1,662152,500,769410,1
35021.295,1,662167,250,772200,-1
35021.296,1,662168,100,769800,1
35021.785,1,662658,800,771280,-1
35021.831,1,662697,500,771490,-1
35021.867,1,662723,30,780500,-1
35021.936,1,662786,2000,770880,-1
35022.006,2,658733,500,768640,1
35022.008,2,662167,250,772200,-1
35022.036,1,662870,250,769040,1
35022.039,1,662873,500,772600,-1
35023.044,1,663717,1000,770300,1
35023.095,2,662786,2000,770880,-1
35023.204,1,663827,2000,771180,-1
35023.436,2,662152,500,769410,1
35023.44,2,662697,500,771490,-1
35023.442,2,662125,800,769620,1
35023.444,2,662658,800,771280,-1
35023.516,1,664058,500,771390,-1
35023.565,2,662168,100,769800,1
35023.566,1,664099,100,770900,-1
35023.583,1,664118,800,771080,-1
35023.824,2,664058,500,771390,-1
35024.024,1,664423,800,769420,1
35024.047,2,662870,250,769040,1
35024.064,1,664446,500,769210,1
35024.077,1,664452,500,768640,1
35024.283,2,662873,500,772600,-1
35024.314,1,664631,250,772200,-1
35024.419,2,664446,500,769210,1
35024.516,2,664631,250,772200,-1
35024.546,1,664828,500,772600,-1
35024.595,2,664452,500,768640,1
35024.625,1,664923,250,769040,1
35024.643,1,664943,500,769310,1
35024.697,2,663717,1000,770300,1
35024.803,2,662723,30,780500,-1
35025.116,2,657686,2000,769120,1
35025.17,1,665302,2000,769520,1
35025.372,1,665426,30,780500,-1
35025.484,2,665426,30,780500,-1
35025.508,2,665302,2000,769520,1
35025.717,1,665667,2000,769420,1
35025.921,2,664943,500,769310,1
35025.924,1,665772,500,769210,1
35026.058,2,665772,500,769210,1
35026.069,2,664923,250,769040,1
35026.071,2,664828,500,772600,-1
35026.099,1,665845,500,768640,1
35026.105,1,665853,250,772200,-1
35026.426,1,666114,500,769310,1
35026.479,2,666114,500,769310,1
35026.971,1,666467,500,769310,1
35027.469,2,665845,500,768640,1
35027.471,2,665853,250,772200,-1
35027.499,1,666730,250,769040,1
35027.502,1,666732,500,772600,-1
35028.056,2,666730,250,769040,1
35028.087,1,667165,500,769040,1
35032.766,1,669544,400,770300,1
35033.206,2,663827,2000,771180,-1
35033.374,1,669860,2000,771180,-1
35033.587,2,664118,800,771080,-1
35033.741,1,670079,30,780500,-1
35033.799,1,670119,800,771080,-1
35034.026,2,664423,800,769420,1
35034.346,1,670362,800,769420,1
35034.847,2,670362,800,769420,1
35034.85,2,670119,800,771080,-1
35034.945,1,670695,800,769520,1
35035.717,2,665667,2000,769420,1
35035.78,1,671092,2000,769420,1
35036.43,2,667165,500,769040,1
35036.46,1,671401,250,769040,1
35036.902,2,60,100,765100,1
35038.296,5,671038,100,770340,1
35040.74,2,671401,250,769040,1
35040.742,2,666732,500,772600,-1
35040.773,1,673383,500,768640,1
35040.779,1,673385,250,772200,-1
35042.406,2,669544,400,770300,1
35042.427,2,670079,30,780500,-1
35043.377,2,669860,2000,771180,-1
35043.436,1,674812,2000,770880,-1
35043.471,1,674829,500,771390,-1
35044.581,2,666467,500,769310,1
35044.584,2,674829,500,771390,-1
35044.701,1,675405,500,769210,1
35044.947,2,670695,800,769520,1
35045.063,1,675534,800,769520,1
35045.777,2,671092,2000,769420,1
35045.952,1,675965,2000,769520,1
35046.193,2,673383,500,768640,1
35046.194,2,673385,250,772200,-1
35046.225,1,676113,500,769040,1
35046.228,1,676116,500,772600,-1
35046.598,2,676113,500,769040,1
35046.628,1,676413,250,769040,1
35046.7,2,657190,800,771000,-1
35046.716,1,676467,800,770800,-1
35046.825,2,675405,500,769210,1
35046.848,2,675534,800,769520,1
35046.872,1,676591,500,769110,1
35046.878,1,676600,100,770700,-1
35046.895,2,675965,2000,769520,1
35046.939,1,676656,800,770880,-1
35046.952,1,676671,2000,769420,1
35046.983,2,676591,500,769110,1
35047.235,2,664099,100,770900,-1
35047.269,2,676413,250,769040,1
35047.299,1,676887,500,769040,1
35047.423,1,676967,500,769010,1
35047.459,1,676984,800,769220,1
35047.538,2,676967,500,769010,1
35047.694,2,676887,500,769040,1
35047.725,1,677176,250,769040,1
35047.934,2,677176,250,769040,1
35047.936,2,676116,500,772600,-1
35047.964,1,677322,500,768640,1
35047.968,1,677327,250,772200,-1
35048.037,1,677398,500,769110,1
35049.757,2,676984,800,769220,1
35049.759,2,676656,800,770880,-1
35049.861,1,678438,800,769320,1
35050.351,2,677322,500,768640,1
35050.352,2,677327,250,772200,-1
35050.38,1,678681,250,769040,1
35050.759,1,678937,30,780500,-1
35050.81,1,678986,500,772600,-1
35050.811,2,678681,250,769040,1
35050.843,1,679017,500,769040,1
35051.539,2,677398,500,769110,1
35051.595,2,678937,30,780500,-1
35051.61,1,679451,500,769310,1
35051.682,2,676600,100,770700,-1
35051.683,1,679498,100,769600,1
35051.747,2,678438,800,769320,1
35051.75,1,679551,800,769520,1
35052.175,1,679835,500,771390,-1
35052.221,1,679859,800,771180,-1
35052.225,2,679451,500,769310,1
35052.23,2,679835,500,771390,-1
35052.505,2,676467,800,770800,-1
35052.509,1,680018,800,770700,-1
35052.545,2,656659,800,768700,1
35052.549,1,680041,800,768300,1
35053.437,2,674812,2000,770880,-1
35053.503,1,680557,2000,770780,-1
35053.542,1,680580,500,771390,-1
35053.76,1,680679,30,780500,-1
35053.767,2,680018,800,770700,-1
35053.787,1,680693,800,770900,-1
35053.984,2,680679,30,780500,-1
35055.249,2,679017,500,769040,1
35055.28,1,681496,250,769040,1
35056.794,1,682334,30,780500,-1
35056.799,2,679551,800,769520,1
35056.801,2,679859,800,771180,-1
35056.805,1,682345,800,770880,-1
35056.823,2,680580,500,771390,-1
35056.847,1,682374,500,769110,1
35056.86,2,681496,250,769040,1
35056.892,1,682409,500,769040,1
35056.9,2,679498,100,769600,1
35056.902,1,682415,100,770700,-1
35056.925,2,682334,30,780500,-1
35056.957,2,676671,2000,769420,1
35057.013,1,682480,2000,769220,1
35057.346,1,682688,800,769220,1
35057.695,2,680557,2000,770780,-1
35057.719,2,682374,500,769110,1
35057.757,1,682932,500,769310,1
35057.761,2,682688,800,769220,1
35057.765,2,682345,800,770880,-1
35057.788,2,682415,100,770700,-1
35057.79,1,682961,100,769600,1
35057.807,1,682969,2000,770880,-1
35057.942,1,683051,800,769520,1
35057.967,2,682409,500,769040,1
35058.031,1,683102,250,769040,1
35058.297,1,683289,500,771390,-1
35058.52,1,683418,800,771180,-1
35058.656,2,682969,2000,770880,-1
35058.685,2,682932,500,769310,1
35058.687,2,683289,500,771390,-1
35058.733,1,683556,30,780500,-1
35058.764,1,683577,2000,770980,-1
35058.891,1,683652,500,769410,1
35058.917,2,683051,800,769520,1
35058.919,2,683418,800,771180,-1
35058.926,2,683102,250,769040,1
35058.955,1,683699,500,769040,1
35059.016,2,683652,500,769410,1
35059.116,1,683754,800,769420,1
35059.454,1,683929,500,769410,1
35059.643,1,684026,800,771080,-1
35059.769,2,683556,30,780500,-1
35060.019,2,683577,2000,770980,-1
35060.054,2,683754,800,769420,1
35060.055,2,684026,800,771080,-1
35060.057,2,683929,500,769410,1
35060.068,1,684253,100,769800,1
35060.14,1,684307,500,769510,1
35060.19,1,684359,2000,771080,-1
35060.229,1,684387,800,769720,1
35060.291,2,682961,100,769600,1
35060.575,2,684387,800,769720,1
35060.686,1,684673,500,771590,-1
35060.74,1,684713,30,780500,-1
35060.785,2,684359,2000,771080,-1
35060.818,1,684757,800,769620,1
