34200.01,2,118578,1000,839800,-1
34200.027,2,111124,1000,846800,-1
34201.377,2,111094,1000,846800,-1
34205.383,1,188330,400,832510,1
34205.389,1,188334,100,860510,-1
34205.402,2,188330,400,832510,1
34205.427,1,188362,400,832520,1
34205.443,2,188362,400,832520,1
34205.458,1,188374,400,832520,1
34205.492,2,188374,400,832520,1
34205.521,1,188432,400,832530,1
34205.537,2,188432,400,832530,1
34205.555,1,188459,400,832510,1
34205.569,2,188459,400,832510,1
34205.584,1,188482,400,832510,1
34205.604,2,188482,400,832510,1
34205.629,1,188526,400,832510,1
34205.648,2,188526,400,832510,1
34205.677,1,188567,400,832520,1
34205.693,2,188567,400,832520,1
34205.707,1,188583,400,832530,1
34205.725,2,188583,400,832530,1
34205.754,1,188623,400,832530,1
34205.769,2,188623,400,832530,1
34205.785,1,188646,400,832530,1
34205.801,2,188646,400,832530,1
34205.817,1,188666,400,832530,1
34205.834,2,188666,400,832530,1
34205.864,1,188699,400,832510,1
34205.882,2,188699,400,832510,1
34205.913,1,188722,400,832510,1
34205.947,2,188722,400,832510,1
34205.963,1,188754,400,832510,1
34205.997,2,188754,400,832510,1
34206.008,1,188790,400,832520,1
34206.02,2,188790,400,832520,1
34206.037,1,188812,400,832520,1
34206.051,2,188812,400,832520,1
34206.07,1,188827,400,832530,1
34206.087,2,188827,400,832530,1
34206.116,1,188857,400,832530,1
34206.13,2,188857,400,832530,1
34206.148,1,188874,400,832530,1
34206.179,2,188874,400,832530,1
34206.195,1,188912,400,832510,1
34206.209,2,188912,400,832510,1
34206.239,1,188941,400,832520,1
34206.254,2,188941,400,832520,1
34206.27,1,188978,400,832520,1
34206.285,2,188978,400,832520,1
34206.303,1,189003,400,832520,1
34206.318,2,189003,400,832520,1
34206.334,1,189023,400,832510,1
34206.365,2,189023,400,832510,1
34206.398,1,189063,400,832510,1
34206.412,2,189063,400,832510,1
34206.431,1,189095,400,832520,1
34206.443,2,189095,400,832520,1
34206.462,1,189118,400,832520,1
34206.474,2,189118,400,832520,1
34206.492,1,189147,400,832510,1
34206.521,2,189147,400,832510,1
34206.539,1,189181,400,832510,1
34206.552,2,189181,400,832510,1
34206.568,1,189199,400,832510,1
34206.584,2,189199,400,832510,1
34206.621,1,189231,400,832520,1
34206.629,2,189231,400,832520,1
34206.648,1,189255,400,832520,1
34206.675,2,189255,400,832520,1
34206.696,1,189287,400,832510,1
34206.712,2,189287,400,832510,1
34206.73,1,189320,400,832510,1
34206.74,2,189320,400,832510,1
34206.774,1,189357,400,832510,1
34206.802,2,189357,400,832510,1
34206.82,1,189391,400,832510,1
34206.856,2,189391,400,832510,1
34206.884,1,189468,400,832520,1
34206.894,2,189468,400,832520,1
34206.933,1,189507,400,832510,1
34206.965,2,189507,400,832510,1
34206.992,1,189548,400,832510,1
34207.005,2,189548,400,832510,1
34207.038,1,189584,400,832510,1
34207.053,2,189584,400,832510,1
34207.069,1,189614,400,832510,1
34207.083,2,189614,400,832510,1
34207.132,1,189656,400,832510,1
34207.146,2,189656,400,832510,1
34207.178,1,189708,400,832520,1
34207.208,2,189708,400,832520,1
34207.23,1,189757,400,832510,1
34207.242,2,189757,400,832510,1
34207.272,1,189788,400,832510,1
34207.287,2,189788,400,832510,1
34207.305,1,189815,400,832510,1
34207.334,2,189815,400,832510,1
34207.348,1,189867,400,832520,1
34207.365,2,189867,400,832520,1
34207.396,1,189906,400,832530,1
34207.414,2,189906,400,832530,1
34207.428,1,189933,400,832530,1
34207.442,2,189933,400,832530,1
34207.475,1,189974,400,832510,1
34207.498,2,189974,400,832510,1
34207.523,1,190011,400,832510,1
34207.537,2,190011,400,832510,1
34207.569,1,190059,400,832510,1
34207.591,2,190059,400,832510,1
34207.613,1,190084,400,832520,1
34207.632,2,190084,400,832520,1
34207.647,1,190109,400,832510,1
34207.664,2,190109,400,832510,1
34207.696,1,190158,400,832520,1
34207.71,2,190158,400,832520,1
34207.749,1,190209,400,832510,1
34207.76,2,190209,400,832510,1
34207.771,1,190231,400,832510,1
34207.788,2,190231,400,832510,1
34207.809,1,190266,400,832510,1
34207.833,2,190266,400,832510,1
34207.864,1,190334,400,832510,1
34207.88,2,190334,400,832510,1
34207.896,1,190363,400,832510,1
34207.926,2,190363,400,832510,1
34207.959,1,190404,400,832520,1
34207.975,2,190404,400,832520,1
34207.989,1,190424,400,832520,1
34208.008,2,190424,400,832520,1
34208.036,1,190474,400,832510,1
34208.052,2,190474,400,832510,1
34208.067,1,190500,400,832510,1
34208.1,2,190500,400,832510,1
34208.116,1,190541,400,832510,1
34208.132,2,190541,400,832510,1
34208.162,1,190585,400,832510,1
34208.177,2,190585,400,832510,1
34208.194,1,190622,400,832520,1
34208.208,2,190622,400,832520,1
34208.225,1,190640,400,832520,1
34208.248,2,190640,400,832520,1
34208.257,1,190664,400,832520,1
34208.285,2,190664,400,832520,1
34208.301,1,190703,400,832510,1
34208.316,2,190703,400,832510,1
34208.334,1,190722,400,832520,1
34208.367,2,190722,400,832520,1
34208.398,1,190780,400,832510,1
34208.412,2,190780,400,832510,1
34208.449,1,190811,400,832510,1
34208.459,2,190811,400,832510,1
34208.476,1,190824,400,832510,1
34208.49,2,190824,400,832510,1
34208.523,1,190857,400,832510,1
34208.553,2,190857,400,832510,1
34208.586,1,190911,400,832520,1
34208.6,2,190911,400,832520,1
34208.616,1,190946,400,832520,1
34208.634,2,190946,400,832520,1
34208.664,1,190990,400,832510,1
34208.678,2,190990,400,832510,1
34208.712,1,191029,400,832520,1
34208.723,2,191029,400,832520,1
34208.739,1,191054,400,832520,1
34208.755,2,191054,400,832520,1
34208.77,1,191097,400,832520,1
34208.788,2,191097,400,832520,1
34208.802,1,191134,400,832530,1
34208.829,2,191134,400,832530,1
34208.848,1,191178,400,832530,1
34208.867,2,191178,400,832530,1
34208.885,1,191220,400,832540,1
34208.895,2,191220,400,832540,1
34208.933,1,191256,400,832540,1
34208.948,2,191256,400,832540,1
34208.973,1,191291,400,832510,1
34209.005,2,191291,400,832510,1
34209.022,1,191324,400,832510,1
34209.036,2,191324,400,832510,1
34209.054,1,191349,400,832510,1
34209.069,2,191349,400,832510,1
34209.085,1,191377,400,832510,1
34209.114,2,191377,400,832510,1
34209.129,1,191417,400,832520,1
34209.145,2,191417,400,832520,1
34209.161,1,191446,400,832520,1
34209.176,2,191446,400,832520,1
34209.192,1,191468,400,832520,1
34209.207,2,191468,400,832520,1
34209.223,1,191483,400,832520,1
34209.239,2,191483,400,832520,1
34209.259,1,191506,400,832530,1
34209.272,2,191506,400,832530,1
34209.288,1,191534,400,832530,1
34209.303,2,191534,400,832530,1
34209.317,1,191558,400,832540,1
34209.332,2,191558,400,832540,1
34209.366,1,191610,400,832510,1
34209.38,2,191610,400,832510,1
34209.397,1,191625,400,832510,1
34209.411,2,191625,400,832510,1
34209.428,1,191644,400,832510,1
34209.446,2,191644,400,832510,1
34209.459,1,191670,400,832510,1
34209.496,2,191670,400,832510,1
34209.511,1,191701,400,832510,1
34209.535,2,191701,400,832510,1
34209.555,1,191736,400,832510,1
34209.569,2,191736,400,832510,1
34209.598,1,191777,400,832520,1
34209.613,2,191777,400,832520,1
34209.629,1,191801,400,832520,1
34209.648,2,191801,400,832520,1
34209.665,1,191837,400,832530,1
34209.676,2,191837,400,832530,1
34209.694,1,191859,400,832530,1
34209.708,2,191859,400,832530,1
34209.723,1,191885,400,832540,1
34209.745,2,191885,400,832540,1
34209.756,1,191917,400,832540,1
34209.769,2,191917,400,832540,1
34209.804,1,191975,400,832550,1
34209.818,2,191975,400,832550,1
34209.84,1,192005,400,832550,1
34209.854,2,192005,400,832550,1
34209.864,1,192025,400,832510,1
34209.879,2,192025,400,832510,1
34209.91,1,192057,400,832510,1
34209.926,2,192057,400,832510,1
34209.959,1,192095,400,832520,1
34209.973,2,192095,400,832520,1
34209.996,1,192126,400,832520,1
34210.023,2,192126,400,832520,1
34210.053,1,192162,400,832510,1
34210.084,2,192162,400,832510,1
34210.113,1,192212,400,832520,1
34210.144,2,192212,400,832520,1
34210.176,1,192258,400,832520,1
34210.194,2,192258,400,832520,1
34210.21,1,192283,400,832510,1
34210.224,2,192283,400,832510,1
34210.242,1,192315,400,832510,1
34210.271,2,192315,400,832510,1
34210.287,1,192352,400,832520,1
34210.301,2,192352,400,832520,1
34210.318,1,192374,400,832520,1
34210.332,2,192374,400,832520,1
34210.348,1,192398,400,832520,1
34210.363,2,192398,400,832520,1
34210.385,1,192436,400,832530,1
34210.397,2,192436,400,832530,1
34210.414,1,192464,400,832530,1
34210.43,2,192464,400,832530,1
34210.458,1,192499,400,832540,1
34210.474,2,192499,400,832540,1
34210.488,1,192517,400,832540,1
34210.504,2,192517,400,832540,1
34210.519,1,192536,400,832540,1
34210.537,2,192536,400,832540,1
34210.555,1,192561,400,832550,1
34210.568,2,192561,400,832550,1
34210.603,1,192596,400,832550,1
34210.631,2,192596,400,832550,1
34210.652,1,192621,400,832560,1
34210.661,2,192621,400,832560,1
34210.678,1,192641,400,832560,1
34210.691,2,192641,400,832560,1
34210.712,1,192671,400,832570,1
34210.747,2,192671,400,832570,1
34210.756,1,192725,400,832510,1
34210.773,2,192725,400,832510,1
34210.803,1,192775,400,832520,1
34210.82,2,192775,400,832520,1
34210.852,1,192811,400,832520,1
34210.881,2,192811,400,832520,1
34210.895,1,192858,400,832530,1
34210.926,2,192858,400,832530,1
34210.96,1,192917,400,832540,1
34210.995,2,192917,400,832540,1
34211.008,1,192958,400,832510,1
34211.04,2,192958,400,832510,1
34211.053,1,193009,400,832510,1
34211.067,2,193009,400,832510,1
34211.101,1,193045,400,832520,1
34211.118,2,193045,400,832520,1
34211.134,1,193068,400,832510,1
34211.147,2,193068,400,832510,1
34211.177,1,193114,400,832520,1
34211.193,2,193114,400,832520,1
34211.209,1,193148,400,832520,1
34211.223,2,193148,400,832520,1
34211.242,1,193175,400,832530,1
34211.255,2,193175,400,832530,1
34211.273,1,193193,400,832530,1
34211.308,2,193193,400,832530,1
34211.336,1,193243,400,832540,1
34211.352,2,193243,400,832540,1
34211.368,1,193279,400,832510,1
34211.382,2,193279,400,832510,1
34211.413,1,193317,400,832510,1
34211.43,2,193317,400,832510,1
34211.444,1,193354,400,832520,1
34211.458,2,193354,400,832520,1
34211.49,1,193390,400,832510,1
34211.51,2,193390,400,832510,1
34211.523,1,193413,400,832510,1
34211.552,2,193413,400,832510,1
34211.568,1,193455,400,832520,1
34211.571,2,174405,450,838000,-1
34211.584,2,193455,400,832520,1
34211.615,1,193495,400,832530,1
34211.646,2,193495,400,832530,1
34211.663,1,193526,400,832530,1
34211.704,2,193526,400,832530,1
34211.725,1,193578,400,832510,1
34211.74,2,193578,400,832510,1
34211.772,1,193606,400,832510,1
34211.788,2,193606,400,832510,1
34211.805,1,193639,400,832510,1
34211.818,2,193639,400,832510,1
34211.836,1,193666,400,832510,1
34211.865,2,193666,400,832510,1
34211.882,1,193686,400,832510,1
34211.896,2,193686,400,832510,1
34211.915,1,193710,400,832510,1
34211.947,2,193710,400,832510,1
34211.96,1,193754,400,832510,1
34211.992,2,193754,400,832510,1
34212.024,1,193832,400,832520,1
34212.038,2,193832,400,832520,1
34212.057,1,193872,400,832510,1
34212.076,2,193872,400,832510,1
34212.082,1,193900,400,832510,1
34212.102,2,193900,400,832510,1
34212.135,1,193957,400,832520,1
34212.17,2,193957,400,832520,1
34212.193,1,194010,400,832530,1
34212.213,2,194010,400,832530,1
34212.244,1,194061,400,832510,1
34212.257,2,194061,400,832510,1
34212.271,1,194082,400,832510,1
34212.286,2,194082,400,832510,1
34212.319,1,194120,400,832520,1
34212.333,2,194120,400,832520,1
34212.35,1,194140,400,832520,1
34212.365,2,194140,400,832520,1
34212.383,1,194167,400,832530,1
34212.395,2,194167,400,832530,1
34212.426,1,194202,400,832530,1
34212.46,2,194202,400,832530,1
34212.506,1,194248,400,832540,1
34212.521,2,194248,400,832540,1
34212.553,1,194273,400,832540,1
34212.583,2,194273,400,832540,1
34212.611,1,194315,400,832510,1
34212.614,2,194315,400,832510,1
34212.633,1,194334,400,832510,1
34212.647,2,194334,400,832510,1
34212.681,1,194371,400,832510,1
34212.713,2,194371,400,832510,1
34212.741,1,194421,400,832520,1
34212.754,2,194421,400,832520,1
34212.773,1,194449,400,832520,1
34212.786,2,194449,400,832520,1
34212.803,1,194476,400,832520,1
34212.834,2,194476,400,832520,1
34212.85,1,194509,400,832510,1
34212.866,2,194509,400,832510,1
34212.896,1,194540,400,832510,1
34212.91,2,194540,400,832510,1
34212.926,1,194550,400,832510,1
34212.943,2,194550,400,832510,1
34212.974,1,194586,400,832510,1
34212.988,2,194586,400,832510,1
34213.006,1,194606,400,832510,1
34213.022,2,194606,400,832510,1
34213.039,1,194630,400,832520,1
34213.052,2,194630,400,832520,1
34213.068,1,194640,400,832520,1
34213.085,2,194640,400,832520,1
34213.117,1,194680,400,832510,1
34213.146,2,194680,400,832510,1
34213.18,1,194716,400,832510,1
34213.194,2,194716,400,832510,1
34213.212,1,194738,400,832510,1
34213.225,2,194738,400,832510,1
34213.248,1,194760,400,832510,1
34213.275,2,194760,400,832510,1
34213.304,1,194814,400,832520,1
34213.319,2,194814,400,832520,1
34213.35,1,194846,400,832510,1
34213.362,1,194852,100,834300,1
34213.381,2,194846,400,832510,1
34213.399,1,194878,400,832510,1
34213.415,2,194878,400,832510,1
34214.132,1,195393,400,834310,1
34214.167,2,195393,400,834310,1
34214.181,1,195439,400,834310,1
34214.195,2,195439,400,834310,1
34214.208,1,195461,400,834310,1
34214.223,2,195461,400,834310,1
34214.239,1,195486,400,834310,1
34214.275,2,195486,400,834310,1
34214.304,1,195535,400,834320,1
34214.334,2,195535,400,834320,1
34214.351,1,195566,400,834330,1
34214.366,2,195566,400,834330,1
34214.38,1,195595,400,834330,1
34214.398,2,195595,400,834330,1
34214.411,1,195609,400,834340,1
34214.43,2,195609,400,834340,1
34214.457,1,195640,400,834310,1
34214.473,2,195640,400,834310,1
34214.489,1,195664,400,834310,1
34214.501,1,195674,200,860510,-1
34214.505,2,195664,400,834310,1
34214.511,1,195684,100,910000,-1
34214.513,1,195686,20,900000,-1
34214.515,1,195688,40,931500,-1
34214.518,1,195689,400,931500,-1
34214.52,1,195690,9,860510,-1
34214.52,1,195691,400,834310,1
34214.521,1,195693,1000,860510,-1
34214.538,2,195691,400,834310,1
34214.57,1,195734,400,834310,1
34214.582,2,195734,400,834310,1
34214.598,1,195749,400,834310,1
34214.614,2,195749,400,834310,1
34214.628,1,195764,400,834310,1
34214.645,2,195764,400,834310,1
34214.66,1,195786,400,834310,1
34214.681,2,195786,400,834310,1
34214.709,1,195822,400,834320,1
34214.733,2,195822,400,834320,1
34214.757,1,195877,400,834330,1
34214.77,2,195877,400,834330,1
34214.786,1,195905,400,834330,1
34214.801,2,195905,400,834330,1
34214.817,1,195932,400,834330,1
34214.832,2,195932,400,834330,1
34214.852,1,195955,400,834340,1
34214.881,2,195955,400,834340,1
34214.901,1,196008,400,834310,1
34214.912,2,196008,400,834310,1
34214.934,1,196047,400,834310,1
34214.944,2,196047,400,834310,1
34214.983,1,196093,400,834310,1
34214.99,2,196093,400,834310,1
34215.007,1,196108,400,834310,1
34215.023,2,196108,400,834310,1
34215.037,1,196126,400,834310,1
34215.053,2,196126,400,834310,1
34215.084,1,196171,400,834320,1
34215.097,2,196171,400,834320,1
34215.129,1,196205,400,834320,1
34215.145,2,196205,400,834320,1
34215.161,2,195674,200,860510,-1
34215.169,2,195684,100,910000,-1
34215.171,2,195686,20,900000,-1
34215.172,2,195688,40,931500,-1
34215.173,2,195689,400,931500,-1
34215.176,2,195690,9,860510,-1
34215.179,2,195693,1000,860510,-1
34215.18,1,196234,400,834310,1
34215.196,2,196234,400,834310,1
34215.228,1,196284,400,834310,1
34215.253,2,196284,400,834310,1
34215.288,1,196323,400,834310,1
34215.302,2,196323,400,834310,1
34215.333,1,196355,400,834320,1
34215.367,2,196355,400,834320,1
34215.396,1,196377,400,834310,1
34215.411,2,196377,400,834310,1
34215.444,1,196409,400,834310,1
34215.459,2,196409,400,834310,1
34215.476,1,196431,400,834310,1
34215.506,2,196431,400,834310,1
34215.538,1,196479,400,834320,1
34215.567,2,196479,400,834320,1
34215.598,1,196516,400,834320,1
34215.615,2,196516,400,834320,1
34215.633,1,196552,400,834310,1
34215.659,2,196552,400,834310,1
34215.679,1,196592,400,834310,1
34215.721,2,196592,400,834310,1
34215.741,1,196641,400,834310,1
34215.756,2,196641,400,834310,1
34215.771,1,196658,400,834320,1
34215.787,2,196658,400,834320,1
34215.817,1,196687,400,834310,1
34215.85,2,196687,400,834310,1
34215.867,1,196722,400,834310,1
34215.894,2,196722,400,834310,1
34215.91,1,196764,400,834310,1
34215.925,2,196764,400,834310,1
34215.944,1,196791,400,834310,1
34215.959,2,196791,400,834310,1
34215.979,1,196823,400,834310,1
34215.993,2,196823,400,834310,1
34216.02,1,196870,400,834320,1
34216.051,2,196870,400,834320,1
34216.083,1,196933,400,834330,1
34216.105,2,196933,400,834330,1
34216.116,1,196959,400,834330,1
34216.138,2,196959,400,834330,1
34216.161,1,197009,400,834310,1
34216.179,2,197009,400,834310,1
34216.21,1,197046,400,834320,1
34216.227,2,197046,400,834320,1
34216.24,1,197070,400,834320,1
34216.271,2,197070,400,834320,1
34216.287,1,197106,400,834330,1
34216.303,2,197106,400,834330,1
34216.319,1,197131,400,834330,1
34216.35,2,197131,400,834330,1
34216.381,1,197179,400,834340,1
34216.396,2,197179,400,834340,1
34216.414,1,197200,400,834340,1
34216.427,2,197200,400,834340,1
34216.457,1,197220,400,834350,1
34216.473,2,197220,400,834350,1
34216.488,1,197233,400,834350,1
34216.504,2,197233,400,834350,1
34216.52,1,197251,400,834350,1
34216.535,2,197251,400,834350,1
34216.57,1,197281,400,834360,1
34216.584,2,197281,400,834360,1
34216.615,1,197313,400,834360,1
34216.632,2,197313,400,834360,1
34216.646,1,197331,400,834360,1
34216.678,2,197331,400,834360,1
34216.692,1,197358,400,834310,1
34216.707,2,197358,400,834310,1
34216.723,1,197378,400,834310,1
34216.741,2,197378,400,834310,1
34216.758,1,197434,400,834310,1
34216.787,2,197434,400,834310,1
34216.817,1,197496,400,834320,1
34216.832,2,197496,400,834320,1
34216.848,1,197515,400,834320,1
34216.865,2,197515,400,834320,1
34216.88,1,197529,400,834320,1
34216.895,2,197529,400,834320,1
34216.928,1,197565,400,834330,1
34216.943,2,197565,400,834330,1
34216.959,1,197584,400,834330,1
34216.974,2,197584,400,834330,1
34216.99,1,197603,400,834310,1
34217.004,2,197603,400,834310,1
34217.037,1,197649,400,834310,1
34217.051,2,197649,400,834310,1
34217.07,1,197680,400,834310,1
34217.088,2,197680,400,834310,1
34217.099,1,197702,400,834310,1
34217.122,2,197702,400,834310,1
34217.129,1,197716,400,834320,1
34217.146,2,197716,400,834320,1
34217.165,1,197737,400,834320,1
34217.176,2,197737,400,834320,1
34217.196,1,197754,400,834320,1
34217.22,2,197754,400,834320,1
34217.241,1,197771,400,834330,1
34217.254,2,197771,400,834330,1
34217.289,1,197807,400,834330,1
34217.304,2,197807,400,834330,1
34217.321,1,197836,400,834340,1
34217.334,2,197836,400,834340,1
34217.35,1,197845,400,834340,1
34217.367,2,197845,400,834340,1
34217.405,1,197882,400,834310,1
34217.411,2,197882,400,834310,1
34217.426,1,197892,400,834310,1
34217.443,2,197892,400,834310,1
34217.482,1,197929,400,834310,1
34217.506,2,197929,400,834310,1
34217.522,1,197973,400,834310,1
34217.553,2,197973,400,834310,1
34217.582,1,198015,400,834320,1
34217.602,2,198015,400,834320,1
34217.631,1,198041,400,834310,1
34217.649,2,198041,400,834310,1
34217.677,1,198074,400,834320,1
34217.707,2,198074,400,834320,1
34217.723,1,198105,400,834310,1
34217.738,2,198105,400,834310,1
34217.762,1,198132,400,834310,1
34217.789,2,198132,400,834310,1
34217.803,1,198149,400,834310,1
34217.818,2,198149,400,834310,1
34217.833,1,198162,400,834310,1
34217.85,2,198162,400,834310,1
34217.881,1,198193,400,834310,1
34217.897,2,198193,400,834310,1
34217.911,1,198209,400,834320,1
34217.942,2,198209,400,834320,1
34217.957,1,198238,400,834320,1
34217.973,2,198238,400,834320,1
34218.006,1,198268,400,834310,1
34218.036,2,198268,400,834310,1
34218.068,1,198304,400,834310,1
34218.088,2,198304,400,834310,1
34218.105,1,198339,400,834320,1
34218.113,2,198339,400,834320,1
34218.129,1,198351,400,834320,1
34218.163,2,198351,400,834320,1
34218.193,1,198404,400,834330,1
34218.21,2,198404,400,834330,1
34218.24,1,198433,400,834330,1
34218.258,2,198433,400,834330,1
34218.287,1,198473,400,834310,1
34218.303,2,198473,400,834310,1
34218.334,1,198508,400,834320,1
34218.367,2,198508,400,834320,1
34218.405,1,198544,400,834320,1
34218.417,2,198544,400,834320,1
34218.444,1,198563,400,834330,1
34218.476,2,198563,400,834330,1
34218.506,1,198601,400,834330,1
34218.52,2,198601,400,834330,1
34218.552,1,198625,400,834310,1
34218.573,2,198625,400,834310,1
34218.601,1,198676,400,834310,1
34218.617,2,198676,400,834310,1
34218.629,1,198702,400,834310,1
34218.646,2,198702,400,834310,1
34218.666,1,198722,400,834310,1
34218.678,2,198722,400,834310,1
34218.693,1,198748,400,834310,1
34218.728,2,198748,400,834310,1
34218.757,1,198804,400,834320,1
34218.774,2,198804,400,834320,1
34218.79,1,198839,400,834320,1
34218.804,2,198839,400,834320,1
34218.818,1,198856,400,834310,1
34218.834,2,198856,400,834310,1
34218.85,1,198878,400,834310,1
34218.871,2,198878,400,834310,1
34218.881,1,198889,400,834310,1
34218.911,2,198889,400,834310,1
34218.928,1,198910,400,834310,1
34218.944,2,198910,400,834310,1
34218.956,1,198933,400,834320,1
34218.974,2,198933,400,834320,1
34219.004,1,198971,400,834320,1
34219.022,2,198971,400,834320,1
34219.036,1,198983,400,834310,1
34219.053,2,198983,400,834310,1
34219.067,1,198997,400,834310,1
34219.083,2,198997,400,834310,1
34219.099,1,199015,400,834310,1
34219.114,2,199015,400,834310,1
34219.15,1,199053,400,834310,1
34219.16,2,199053,400,834310,1
34219.176,1,199067,400,834310,1
34219.207,2,199067,400,834310,1
34219.223,1,199094,400,834310,1
34219.238,2,199094,400,834310,1
34219.245,1,199114,500,860510,-1
34219.255,1,199117,400,834320,1
34219.271,2,199117,400,834320,1
34219.288,1,199144,400,834320,1
34219.303,2,199144,400,834320,1
34219.332,1,199185,400,834330,1
34219.365,2,199185,400,834330,1
34219.382,1,199226,400,834340,1
34219.397,2,199226,400,834340,1
34219.412,1,199245,400,834340,1
34219.428,2,199245,400,834340,1
34219.459,1,199265,400,834310,1
34219.475,2,199265,400,834310,1
34219.493,1,199284,400,834310,1
34219.506,2,199284,400,834310,1
34219.521,1,199298,400,834310,1
34219.537,2,199298,400,834310,1
34219.569,1,199316,400,834320,1
34219.584,2,199316,400,834320,1
34219.602,1,199343,400,834320,1
34219.615,2,199343,400,834320,1
34219.629,1,199364,400,834330,1
34219.645,2,199364,400,834330,1
34219.683,1,199404,400,834330,1
34219.691,2,199404,400,834330,1
34219.707,1,199422,400,834330,1
34219.74,2,199422,400,834330,1
34219.755,1,199462,400,834340,1
34219.762,2,194852,100,834300,1
34219.773,2,199462,400,834340,1
34219.803,1,199505,400,834340,1
34219.82,2,199505,400,834340,1
34219.832,1,199530,400,834350,1
34219.864,2,199530,400,834350,1
34219.879,1,199562,400,834350,1
34219.894,2,199562,400,834350,1
34219.911,1,199587,400,834350,1
34219.928,2,199587,400,834350,1
34219.943,1,199609,400,832510,1
34219.968,2,199609,400,832510,1
34219.991,1,199636,400,832520,1
34220.005,2,199636,400,832520,1
34220.021,1,199646,400,832520,1
34220.037,2,199646,400,832520,1
34220.051,1,199659,400,832530,1
34220.069,2,199659,400,832530,1
34220.084,1,199685,400,832530,1
34220.103,2,199685,400,832530,1
34220.114,1,199707,400,832540,1
34220.13,2,199707,400,832540,1
34220.148,1,199732,400,832540,1
34220.161,2,199732,400,832540,1
34220.177,1,199754,400,832540,1
34220.194,2,199754,400,832540,1
34220.208,1,199771,400,832550,1
34220.24,2,199771,400,832550,1
34220.255,1,199795,400,832550,1
34220.272,2,199795,400,832550,1
34220.288,1,199815,400,832550,1
34220.301,2,199815,400,832550,1
34220.324,1,199829,400,832510,1
34220.348,2,199829,400,832510,1
34220.364,1,199846,400,832510,1
34220.379,2,199846,400,832510,1
34220.412,1,199873,400,832510,1
34220.427,2,199873,400,832510,1
34220.445,1,199887,400,832510,1
34220.459,2,199887,400,832510,1
34220.475,1,199901,400,832520,1
34220.488,2,199901,400,832520,1
34220.52,1,199921,400,832520,1
34220.536,2,199921,400,832520,1
34220.551,1,199930,400,832520,1
34220.582,2,199930,400,832520,1
34220.602,1,199958,400,832530,1
34220.615,2,199958,400,832530,1
34220.632,1,199979,400,832530,1
34220.653,2,199979,400,832530,1
34220.675,1,200019,400,832540,1
34220.693,2,200019,400,832540,1
34220.709,1,200056,400,832550,1
34220.724,2,200056,400,832550,1
34220.74,1,200084,400,832550,1
34220.76,2,200084,400,832550,1
34220.776,1,200121,400,832560,1
34220.786,2,200121,400,832560,1
34220.802,1,200141,400,832560,1
34220.817,2,200141,400,832560,1
34220.833,1,200161,400,832560,1
34220.85,2,200161,400,832560,1
34220.88,1,200193,400,832570,1
34220.896,2,200193,400,832570,1
34220.911,1,200208,400,832570,1
34220.928,2,200208,400,832570,1
34220.943,1,200226,400,832580,1
34220.959,2,200226,400,832580,1
34220.976,1,200245,400,832580,1
34220.989,2,200245,400,832580,1
34221.006,1,200275,400,832510,1
34221.02,2,200275,400,832510,1
34221.041,1,200301,400,832510,1
34221.068,2,200301,400,832510,1
34221.098,1,200331,400,832520,1
34221.129,2,200331,400,832520,1
34221.145,1,200362,400,832520,1
34221.161,2,200362,400,832520,1
34221.178,1,200385,400,832530,1
34221.192,2,200385,400,832530,1
34221.208,1,200399,400,832530,1
34221.224,2,200399,400,832530,1
34221.24,1,200415,400,832530,1
34221.255,2,200415,400,832530,1
34221.269,1,200430,400,832540,1
34221.285,2,200430,400,832540,1
34221.301,1,200441,400,832540,1
34221.317,2,200441,400,832540,1
34221.332,1,200460,400,832540,1
34221.347,2,200460,400,832540,1
34221.364,1,200478,400,832540,1
34221.395,2,200478,400,832540,1
34221.412,1,200500,400,832510,1
34221.428,2,200500,400,832510,1
34221.441,1,200518,400,832520,1
34221.459,2,200518,400,832520,1
34221.49,1,200559,400,832510,1
34221.507,2,200559,400,832510,1
34221.515,1,200579,521,837300,-1
34221.52,1,200585,400,832510,1
34221.553,2,200585,400,832510,1
34221.57,1,200616,400,832520,1
34221.583,2,200616,400,832520,1
34221.601,1,200638,400,832520,1
34221.624,2,200638,400,832520,1
34221.645,1,200668,400,832510,1
34221.662,2,200668,400,832510,1
34221.694,1,200704,400,832510,1
34221.71,2,200704,400,832510,1
34221.724,1,200727,400,832510,1
34221.74,2,200727,400,832510,1
34221.755,1,200748,400,832510,1
34221.771,2,200748,400,832510,1
34221.802,1,200785,400,832510,1
34221.831,2,200785,400,832510,1
34221.85,1,200815,400,832520,1
34221.864,2,200815,400,832520,1
34221.88,1,200829,400,832510,1
34221.895,2,200829,400,832510,1
34221.928,1,200864,400,832510,1
34221.941,2,200864,400,832510,1
34221.974,1,200905,400,832520,1
34221.989,2,200905,400,832520,1
34222.021,1,200932,400,832510,1
34222.036,2,200932,400,832510,1
34222.051,1,200945,400,832510,1
34222.066,2,200945,400,832510,1
34222.083,1,200958,400,832510,1
34222.098,2,200958,400,832510,1
34222.116,1,200986,400,832510,1
34222.132,2,200986,400,832510,1
34222.161,1,201022,400,832520,1
34222.178,2,201022,400,832520,1
34222.193,1,201038,400,832520,1
34222.21,2,201038,400,832520,1
34222.225,1,201070,400,832530,1
34222.24,2,201070,400,832530,1
34222.255,1,201105,400,832540,1
34222.272,2,201105,400,832540,1
34222.286,1,201127,400,832540,1
34222.303,2,201127,400,832540,1
34222.317,1,201146,400,832550,1
34222.334,2,201146,400,832550,1
34222.349,1,201166,400,832550,1
34222.365,2,201166,400,832550,1
34222.38,1,201185,400,832550,1
34222.399,2,201185,400,832550,1
34222.412,1,201202,400,832560,1
34222.427,2,201202,400,832560,1
34222.443,1,201219,400,832560,1
34222.458,2,201219,400,832560,1
34222.474,1,201235,400,832560,1
34222.503,2,201235,400,832560,1
34222.52,1,201256,400,832510,1
34222.551,2,201256,400,832510,1
34222.567,1,201287,400,832510,1
34222.584,2,201287,400,832510,1
34222.599,1,201308,400,832510,1
34222.616,2,201308,400,832510,1
34222.647,1,201338,400,832510,1
34222.661,2,201338,400,832510,1
34222.68,1,201353,400,832510,1
34222.692,2,201353,400,832510,1
34222.71,1,201370,400,832510,1
34222.723,2,201370,400,832510,1
34222.756,1,201399,400,832510,1
34222.786,2,201399,400,832510,1
34222.824,1,201455,400,832520,1
34222.832,2,201455,400,832520,1
34222.863,1,201475,400,832520,1
34222.879,2,201475,400,832520,1
34222.897,1,201500,400,832530,1
34222.932,2,201500,400,832530,1
34222.944,1,201526,400,832530,1
34222.959,2,201526,400,832530,1
34222.975,1,201550,400,832540,1
34222.988,2,201550,400,832540,1
34223.004,1,201576,400,832540,1
34223.019,2,201576,400,832540,1
34223.054,1,201608,400,832550,1
34223.07,2,201608,400,832550,1
34223.084,1,201623,400,832550,1
34223.122,2,201623,400,832550,1
34223.131,1,201647,400,832560,1
34223.146,2,201647,400,832560,1
34223.161,1,201664,400,832560,1
34223.185,2,201664,400,832560,1
34223.193,1,201685,400,832570,1
34223.209,2,201685,400,832570,1
34223.239,1,201705,400,832570,1
34223.256,2,201705,400,832570,1
34223.287,1,201732,400,832580,1
34223.301,2,201732,400,832580,1
34223.316,1,201751,400,832580,1
34223.332,2,201751,400,832580,1
34223.35,1,201778,400,832590,1
34223.364,2,201778,400,832590,1
34223.381,1,201792,400,832590,1
34223.396,2,201792,400,832590,1
34223.414,1,201809,400,832590,1
34223.434,2,201809,400,832590,1
34223.457,1,201830,400,832600,1
34223.472,2,201830,400,832600,1
34223.488,1,201844,400,832600,1
34223.508,2,201844,400,832600,1
34223.52,1,201858,400,832600,1
34223.535,2,201858,400,832600,1
34223.553,1,201885,400,832610,1
34223.568,2,201885,400,832610,1
34223.585,1,201911,400,832610,1
34223.609,2,201911,400,832610,1
34223.629,1,201946,400,832620,1
34223.647,2,201946,400,832620,1
34223.677,1,201981,400,832630,1
34223.71,2,201981,400,832630,1
34223.74,1,202019,400,832640,1
34223.756,2,202019,400,832640,1
34223.77,1,202049,400,832650,1
34223.801,2,202049,400,832650,1
34223.817,1,202071,400,832650,1
34223.834,2,202071,400,832650,1
34223.865,1,202091,400,832660,1
34223.881,2,202091,400,832660,1
34223.9,1,202107,400,832660,1
34223.913,2,202107,400,832660,1
34223.943,1,202138,400,832510,1
34223.98,2,202138,400,832510,1
34224.004,1,202179,400,832510,1
34224.019,2,202179,400,832510,1
34224.038,1,202206,400,832510,1
34224.053,2,202206,400,832510,1
34224.067,2,123956,100,860510,-1
34224.068,2,188334,100,860510,-1
34224.07,2,199114,500,860510,-1
34224.083,1,202234,400,832510,1
34224.099,2,202234,400,832510,1
34224.129,1,202259,400,832520,1
34224.144,2,202259,400,832520,1
34224.16,1,202273,400,832520,1
34224.175,2,202273,400,832520,1
34224.192,1,202285,400,832520,1
34224.207,2,202285,400,832520,1
34224.242,1,202320,400,832530,1
34224.257,2,202320,400,832530,1
34224.27,1,202337,400,832530,1
34224.287,2,202337,400,832530,1
34224.301,1,202343,400,832530,1
34224.324,2,202343,400,832530,1
34224.35,1,202381,400,832540,1
34224.365,2,202381,400,832540,1
34224.382,1,202397,400,832540,1
34224.395,2,202397,400,832540,1
34224.41,1,202416,400,832510,1
34224.431,2,202416,400,832510,1
34224.443,1,202440,400,832510,1
34224.474,2,202440,400,832510,1
34224.493,1,202480,400,832510,1
34224.505,2,202480,400,832510,1
34224.519,1,202496,400,832510,1
34224.535,2,202496,400,832510,1
34224.551,1,202508,400,832510,1
34224.567,2,202508,400,832510,1
34224.606,1,202545,400,832510,1
34224.615,2,202545,400,832510,1
34224.622,2,133459,300,1000000,-1
34224.628,2,133776,250,941700,-1
34224.636,1,202558,400,832510,1
34224.647,2,202558,400,832510,1
34224.665,1,202571,400,832510,1
34224.694,2,202571,400,832510,1
34224.718,1,202607,400,832510,1
34224.724,2,202607,400,832510,1
34224.741,1,202630,400,832510,1
34224.772,2,202630,400,832510,1
34224.808,1,202680,400,832510,1
34224.819,2,202680,400,832510,1
34224.837,1,202707,400,832510,1
34224.85,2,202707,400,832510,1
34224.867,1,202725,400,832510,1
34224.898,2,202725,400,832510,1
34224.93,1,202771,400,832510,1
34224.942,2,202771,400,832510,1
34224.959,1,202787,400,832510,1
34224.974,2,202787,400,832510,1
34225.006,1,202819,400,832510,1
34225.021,2,202819,400,832510,1
34225.037,1,202837,400,832510,1
34225.055,2,202837,400,832510,1
34225.072,1,202862,400,832510,1
34225.088,2,202862,400,832510,1
34225.101,1,202889,400,832510,1
34225.13,2,202889,400,832510,1
34225.146,1,202915,400,832510,1
34225.161,2,202915,400,832510,1
34225.178,1,202932,400,832510,1
34225.21,2,202932,400,832510,1
34225.224,1,202961,400,832520,1
34225.239,2,202961,400,832520,1
34225.254,1,202977,400,832520,1
34225.271,2,202977,400,832520,1
34225.286,1,202986,400,832520,1
34225.319,2,202986,400,832520,1
34225.335,1,203009,400,832530,1
34225.352,2,203009,400,832530,1
34225.366,1,203029,400,832530,1
34225.383,2,203029,400,832530,1
34225.396,1,203045,400,832540,1
34225.416,2,203045,400,832540,1
34225.429,1,203073,400,832540,1
34225.447,2,203073,400,832540,1
34225.459,1,203093,400,832550,1
34225.477,2,203093,400,832550,1
34225.509,1,203132,400,832550,1
34225.521,2,203132,400,832550,1
34225.535,1,203146,400,832510,1
34225.55,2,203146,400,832510,1
34225.568,1,203170,400,832510,1
34225.582,2,203170,400,832510,1
34225.602,1,203195,400,832520,1
34225.618,2,203195,400,832520,1
34225.638,1,203223,400,832520,1
34225.649,2,203223,400,832520,1
34225.66,1,203244,400,832530,1
34225.693,2,203244,400,832530,1
34225.708,1,203276,400,832530,1
34225.726,2,203276,400,832530,1
34225.772,1,203335,400,832540,1
34225.791,2,203335,400,832540,1
34225.817,1,203369,400,832550,1
34225.838,2,203369,400,832550,1
34225.877,1,203419,400,832510,1
34225.884,2,203419,400,832510,1
34225.9,1,203434,400,832510,1
34225.927,2,203434,400,832510,1
34225.946,1,203471,400,832510,1
34225.986,2,203471,400,832510,1
34226.011,1,203502,400,832520,1
34226.037,2,203502,400,832520,1
34226.068,1,203534,400,832520,1
34226.084,2,203534,400,832520,1
34226.115,1,203566,400,832510,1
34226.132,2,203566,400,832510,1
34226.159,1,203604,400,832520,1
34226.163,2,203604,400,832520,1
34226.18,1,203621,400,832510,1
34226.208,2,203621,400,832510,1
34226.225,1,203652,400,832510,1
34226.242,2,203652,400,832510,1
34226.255,1,203670,400,832520,1
34226.287,2,203670,400,832520,1
34226.303,1,203695,400,832520,1
34226.335,2,203695,400,832520,1
34226.352,1,203724,400,832530,1
34226.367,2,203724,400,832530,1
34226.381,1,203745,400,832530,1
34226.398,2,203745,400,832530,1
34226.415,1,203772,400,832540,1
34226.427,2,203772,400,832540,1
34226.441,1,203793,400,832510,1
34226.457,2,203793,400,832510,1
34226.474,1,203814,400,832510,1
34226.49,2,203814,400,832510,1
34226.506,1,203828,400,832510,1
34226.523,2,203828,400,832510,1
34226.538,1,203853,400,832510,1
34226.554,2,203853,400,832510,1
34226.569,1,203877,400,832520,1
34226.584,2,203877,400,832520,1
34226.599,1,203895,400,832520,1
34226.617,2,203895,400,832520,1
34226.648,1,203927,400,832510,1
34226.662,2,203927,400,832510,1
34226.679,1,203950,400,832510,1
34226.695,2,203950,400,832510,1
34226.71,1,203981,400,832510,1
34226.725,2,203981,400,832510,1
34226.75,1,204024,400,832510,1
34226.774,1,204052,400,837290,-1
34228.622,5,205120,200,834950,-1
34228.622,1,205217,279,835000,1
34228.974,1,205451,20,900000,-1
34229.102,1,205532,40,931500,-1
34229.111,1,205539,9,845300,-1
34229.6,5,205235,200,835050,1
34229.6,4,205217,200,835000,1
34229.687,2,205451,20,900000,-1
34229.694,2,205532,40,931500,-1
34229.695,2,205539,9,845300,-1
34230.678,4,205217,79,835000,1
34230.678,1,206452,221,835000,-1
34231.125,2,206452,221,835000,-1
34232.301,2,200579,521,837300,-1
34233.87,1,208353,100,835000,-1
34238.495,5,208365,100,834950,-1
34241.222,2,204052,400,837290,-1
34241.272,1,212846,400,835000,-1
34242.375,5,208365,100,834950,-1
34242.375,4,208353,100,835000,-1
34242.375,4,212846,400,835000,-1
34242.375,1,213446,400,835000,1
34242.395,2,204024,400,832510,1
34243.374,5,213459,200,835050,1
34243.374,4,213446,300,835000,1
34243.435,2,213446,100,835000,1
34243.778,2,166357,600,825100,1
34244.771,1,214742,400,832510,1
34244.773,1,214745,400,839600,-1
34246.118,1,215509,200,835000,-1
34246.159,2,214745,400,839600,-1
34246.183,1,215542,400,834990,-1
34248.675,5,215552,200,834940,-1
34248.675,4,215542,400,834990,-1
34248.692,2,214742,400,832510,1
34250.613,1,218363,400,832510,1
34250.615,1,218366,400,834990,-1
34250.651,4,218366,400,834990,-1
34250.651,4,215509,200,835000,-1
34250.676,2,218363,400,832510,1
34252.614,1,219685,400,832510,1
34252.616,1,219689,400,839600,-1
34252.65,1,219720,500,834700,-1
34253.069,2,164476,500,832500,1
34255.545,4,219720,500,834700,-1
34256.731,1,221845,200,834500,-1
34256.737,4,221845,100,834500,-1
34257.297,4,221845,100,834500,-1
34285.578,1,237589,100,834500,1
34286.618,1,238098,9,845300,-1
34286.742,5,237600,200,834550,1
34286.742,4,237589,100,834500,1
34286.769,1,238184,40,931500,-1
34286.777,1,238191,20,900000,-1
34286.791,2,238098,9,845300,-1
34286.798,2,238184,40,931500,-1
34286.8,2,238191,20,900000,-1
34289.094,1,239334,500,834000,-1
34290.226,1,239831,621,834000,-1
34291.4,2,239831,621,834000,-1
34293.988,1,241647,200,833900,-1
34295.002,1,242113,100,833600,1
34295.723,1,242450,20,900000,-1
34295.733,1,242460,9,845300,-1
34295.738,1,242469,40,931500,-1
34296.302,4,242113,100,833600,1
34296.422,2,242450,20,900000,-1
34296.429,2,242460,9,845300,-1
34296.43,2,242469,40,931500,-1
34298.57,2,239334,500,834000,-1
34300.248,2,241647,200,833900,-1
34302.533,1,245768,100,833900,1
34303.616,1,246302,9,845300,-1
34303.748,1,246380,40,931500,-1
34303.753,1,246387,20,900000,-1
34307.138,5,246910,100,833950,1
34307.603,5,246910,200,833950,1
34313.221,5,246910,200,833950,1
34313.221,4,245768,100,833900,1
34313.221,1,251059,200,833600,-1
34313.366,2,246302,9,845300,-1
34313.373,2,246380,40,931500,-1
34313.374,2,246387,20,900000,-1
34314.587,5,251075,200,833550,-1
34314.587,4,251059,200,833600,-1
34314.69,1,252017,100,833600,1
34315.617,1,252525,9,845300,-1
34315.749,1,252587,20,900000,-1
34315.757,1,252590,40,931500,-1
34323.293,2,252525,9,845300,-1
34323.308,2,252587,20,900000,-1
34323.309,2,252590,40,931500,-1
34324.109,2,252017,100,833600,1
34332.178,1,262742,400,834100,-1
34338.736,2,262742,400,834100,-1
34355.134,1,276715,1000,834000,-1
34358.405,1,279048,500,834110,-1
34359.493,1,279772,700,834000,-1
34360.842,1,280720,700,833900,-1
34361.403,5,280721,29,833450,-1
34361.615,1,281143,9,845300,-1
34362.615,1,281802,40,931500,-1
34362.745,1,281890,20,900000,-1
34364.896,2,280720,700,833900,-1
34365.266,1,283542,700,834000,-1
34366.859,2,219689,400,839600,-1
34366.877,1,284588,400,834000,-1
34367.937,1,285312,700,833510,-1
34368.028,2,284588,400,834000,-1
34369.893,1,286710,700,833400,-1
34370.124,2,219685,400,832510,1
34370.19,2,281143,9,845300,-1
34370.197,2,281802,40,931500,-1
34370.199,2,281890,20,900000,-1
34370.218,1,286946,400,830010,1
34372.477,2,286710,700,833400,-1
34373.91,1,289440,700,833500,-1
34374.23,1,289616,100,833000,-1
34375.626,2,285312,700,833510,-1
34375.628,2,289440,700,833500,-1
34378.082,4,289616,100,833000,-1
34378.156,1,292773,300,833990,-1
34379.42,2,292773,300,833990,-1
34379.437,1,293736,100,833980,-1
34386.249,2,293736,100,833980,-1
34386.356,2,279772,700,834000,-1
34386.357,2,283542,700,834000,-1
34386.925,1,299297,300,833990,-1
34387.07,1,299383,500,833400,-1
34389.799,1,301379,100,833000,1
34390.584,4,301379,100,833000,1
34390.604,1,301901,40,931500,-1
34390.666,2,301901,40,931500,-1
34392.741,1,303300,100,833000,1
34392.896,2,299297,300,833990,-1
34393.353,4,303300,100,833000,1
34396.153,2,299383,500,833400,-1
34396.203,1,306031,400,833990,-1
34396.454,1,306223,500,833300,-1
34396.959,1,306676,500,833000,-1
34398.246,2,306031,400,833990,-1
34398.248,2,306223,500,833300,-1
34400.802,5,307688,271,832950,-1
34400.802,4,306676,229,833000,-1
34401.714,4,306676,271,833000,-1
34401.714,1,310071,729,833000,1
34401.874,1,310191,400,833990,-1
34402.619,1,310719,9,845300,-1
34402.747,1,310821,40,931500,-1
34402.755,1,310834,20,900000,-1
34405.969,2,276715,1000,834000,-1
34406.392,1,313224,200,833600,-1
34406.624,2,310191,400,833990,-1
34409.165,4,313224,200,833600,-1
34409.165,1,315045,300,833600,1
34409.637,5,315068,200,833650,1
34409.637,4,315045,300,833600,1
34411.522,2,310071,729,833000,1
34411.669,2,310719,9,845300,-1
34411.675,2,310821,40,931500,-1
34411.678,2,310834,20,900000,-1
34413.193,2,279048,500,834110,-1
34413.342,1,318026,400,839990,-1
34414.287,1,318705,500,833610,-1
34414.405,2,318026,400,839990,-1
34414.42,1,318790,400,833610,-1
34414.822,1,319096,100,832500,1
34415.617,1,319710,40,931500,-1
34415.761,1,319876,9,845300,-1
34415.773,1,319893,20,900000,-1
34417.983,2,318790,400,833610,-1
34421.026,4,319096,100,832500,1
34421.154,2,319710,40,931500,-1
34421.161,2,319876,9,845300,-1
34421.162,2,319893,20,900000,-1
34425.718,2,318705,500,833610,-1
34425.889,1,327894,400,839990,-1
34441.645,1,341630,500,835000,-1
34448.638,1,347628,100,833500,-1
34450.45,2,347628,100,833500,-1
34456.247,2,286946,400,830010,1
34456.249,2,327894,400,839990,-1
34467.74,1,364138,300,833000,-1
34468.242,1,364591,700,833000,-1
34468.324,5,364603,300,832450,-1
34468.324,5,364160,200,832950,-1
34470.231,4,364138,300,833000,-1
34470.231,4,364591,700,833000,-1
34491.518,1,383664,100,832500,1
34491.653,5,382895,300,832600,1
34491.653,5,383677,100,832550,1
34491.684,1,383795,400,834990,-1
34492.621,1,384544,40,931500,-1
34492.755,1,384659,20,900000,-1
34492.763,1,384669,9,845300,-1
34498.374,2,384544,40,931500,-1
34498.381,2,384659,20,900000,-1
34498.383,2,384669,9,845300,-1
34502.213,1,391339,500,832980,-1
34504.166,2,391339,500,832980,-1
34507.011,1,395334,400,832510,1
34512.655,2,395334,400,832510,1
34516.572,2,383664,100,832500,1
34516.714,1,403418,400,830010,1
34543.743,1,424329,300,832600,-1
34544.423,2,424329,300,832600,-1
34545.446,1,425630,300,832500,-1
34545.679,5,425652,100,832450,-1
34546.539,2,425630,300,832500,-1
34549.217,2,341630,500,835000,-1
34550.428,1,429968,300,832600,-1
34552.566,2,429968,300,832600,-1
34553.69,1,432669,300,832600,-1
34555.4,2,432669,300,832600,-1
34561.077,1,438866,500,832600,-1
34562.192,4,438866,500,832600,-1
34562.192,5,438899,500,832600,-1
34567.277,1,443980,300,832600,1
34567.31,5,444006,200,832650,1
34567.31,4,443980,100,832600,1
34567.327,4,443980,200,832600,1
34571.384,1,447264,500,832600,-1
34573.827,5,447280,200,832550,-1
34573.827,4,447264,500,832600,-1
34591.816,1,464987,700,832700,-1
34595.48,1,467848,700,832610,-1
34605.671,1,476172,300,832500,-1
34606.177,1,476591,400,832500,-1
34614.702,1,483359,700,832400,-1
34619.295,1,487152,100,832000,1
34619.321,2,403418,400,830010,1
34619.35,1,487194,100,832010,1
34619.635,1,487448,40,931500,-1
34619.907,4,487194,100,832010,1
34619.907,4,487152,100,832000,1
34619.93,2,383795,400,834990,-1
34620.063,2,487448,40,931500,-1
34620.635,2,483359,700,832400,-1
34621.585,1,488852,400,830010,1
34621.904,1,489141,700,832500,-1
34623.98,1,490812,700,832410,-1
34625.179,1,491914,800,832400,-1
34626.074,2,476172,300,832500,-1
34626.934,4,491914,800,832400,-1
34627.117,4,490812,200,832410,-1
34627.759,2,490812,500,832410,-1
34627.939,2,489141,700,832500,-1
34632.829,1,497157,100,832000,1
34633.616,1,497681,20,900000,-1
34633.764,1,497788,40,931500,-1
34633.773,1,497791,9,845300,-1
34634.943,2,488852,400,830010,1
34634.96,1,498656,100,832010,1
34640.5,4,476591,50,832500,-1
34641.084,2,498656,100,832010,1
34645.541,1,506910,100,832010,1
34653.86,2,83043,50,830000,1
34655.898,1,514992,100,832100,1
34657.506,2,506910,100,832010,1
34657.803,5,515017,100,832140,1
34657.852,5,515017,200,832140,1
34658.052,5,515017,100,832140,1
34658.098,5,515017,200,832140,1
34658.303,5,515017,100,832140,1
34658.348,5,515017,100,832140,1
34658.705,2,514992,100,832100,1
34660.551,5,517503,100,832040,1
34660.748,5,517503,100,832040,1
34660.748,4,497157,100,832000,1
34660.748,1,518881,800,831690,-1
34660.849,1,518980,400,830010,1
34660.926,2,497681,20,900000,-1
34660.933,2,497788,40,931500,-1
34660.935,2,497791,9,845300,-1
34660.938,2,518881,800,831690,-1
34660.946,1,519062,800,831000,-1
34660.956,4,519062,100,831000,-1
34660.961,4,519062,500,831000,-1
34660.969,4,519062,200,831000,-1
34666.285,1,523047,100,831600,1
34666.396,2,518980,400,830010,1
34666.428,1,523144,100,831610,1
34666.719,1,523394,20,900000,-1
34666.728,1,523407,40,931500,-1
34666.731,1,523412,9,845300,-1
34669.539,1,525524,500,831000,1
34670.102,5,525530,100,831660,1
34670.13,5,525530,100,831660,1
34670.13,4,523144,100,831610,1
34670.153,4,523047,100,831600,1
34670.26,2,523394,20,900000,-1
34670.266,2,523407,40,931500,-1
34670.267,2,523412,9,845300,-1
34671.567,1,527220,400,831010,1
34671.57,1,527222,400,832490,-1
34674.483,1,529384,100,831200,1
34674.826,1,529706,20,900000,-1
34674.949,1,529829,40,931500,-1
34674.957,1,529840,9,845300,-1
34676.353,4,529384,100,831200,1
34678.974,2,527220,400,831010,1
34679.037,1,533051,400,831010,1
34679.051,2,533051,400,831010,1
34679.083,1,533093,400,831010,1
34679.098,2,533093,400,831010,1
34679.13,1,533128,400,831010,1
34679.145,2,533128,400,831010,1
34679.271,1,533249,400,831010,1
34679.285,2,533249,400,831010,1
34679.302,1,533277,400,831010,1
34679.318,2,533277,400,831010,1
34679.349,1,533325,400,831010,1
34679.364,2,533325,400,831010,1
34679.395,1,533373,400,831010,1
34679.411,2,533373,400,831010,1
34679.442,1,533410,400,831010,1
34679.458,2,533410,400,831010,1
34679.49,1,533457,400,831010,1
34679.505,2,533457,400,831010,1
34679.537,1,533500,400,831010,1
34679.551,2,533500,400,831010,1
34679.583,1,533538,400,831010,1
34679.598,2,533538,400,831010,1
34679.614,1,533554,400,831010,1
34679.629,2,533554,400,831010,1
34679.77,1,533716,400,831010,1
34679.786,2,533716,400,831010,1
34679.822,1,533764,400,831010,1
34679.848,2,533764,400,831010,1
34679.88,1,533803,400,831010,1
34679.895,2,533803,400,831010,1
34679.927,1,533844,400,831010,1
34679.942,2,533844,400,831010,1
34679.974,1,533888,400,831010,1
34679.989,2,533888,400,831010,1
34680.02,1,533925,400,831010,1
34680.035,2,533925,400,831010,1
34680.067,1,533961,400,831010,1
34680.083,2,533961,400,831010,1
34680.223,1,534096,400,831010,1
34680.24,2,534096,400,831010,1
34680.271,1,534132,400,831010,1
34680.286,2,534132,400,831010,1
34680.318,1,534174,400,831010,1
34680.332,2,534174,400,831010,1
34680.364,1,534221,400,831010,1
34680.38,2,534221,400,831010,1
34680.411,1,534244,400,831010,1
34680.427,2,534244,400,831010,1
34680.458,1,534283,400,831010,1
34680.473,2,534283,400,831010,1
34680.489,1,534306,400,831010,1
34680.507,2,534306,400,831010,1
34680.646,1,534423,400,831010,1
34680.662,2,534423,400,831010,1
34680.693,1,534469,400,831010,1
34680.707,2,534469,400,831010,1
34680.739,1,534503,400,831010,1
34680.755,2,534503,400,831010,1
34680.786,1,534556,400,831010,1
34680.801,2,534556,400,831010,1
34680.833,1,534589,400,831010,1
34680.851,2,534589,400,831010,1
34680.88,1,534628,400,831010,1
34680.895,2,534628,400,831010,1
34680.911,1,534652,400,831010,1
34680.926,2,534652,400,831010,1
34681.052,1,534743,400,831010,1
34681.067,2,534743,400,831010,1
34681.099,1,534784,400,831010,1
34681.114,2,534784,400,831010,1
34681.145,1,534813,400,831010,1
34681.16,2,534813,400,831010,1
34681.192,1,534861,400,831010,1
34681.208,2,534861,400,831010,1
34681.333,1,534971,400,831010,1
34681.348,2,534971,400,831010,1
34681.38,1,534999,400,831010,1
34681.395,2,534999,400,831010,1
34681.427,1,535029,400,831010,1
34681.442,2,535029,400,831010,1
34681.474,1,535057,400,831010,1
34681.489,2,535057,400,831010,1
34681.651,1,535173,400,831010,1
34681.677,2,535173,400,831010,1
34681.708,1,535224,400,831010,1
34681.723,2,535224,400,831010,1
34681.864,1,535356,400,831010,1
34681.88,2,535356,400,831010,1
34681.911,1,535399,400,831010,1
34681.927,2,535399,400,831010,1
34682.02,1,535471,400,831010,1
34682.036,2,535471,400,831010,1
34682.068,1,535506,400,831010,1
34682.082,2,535506,400,831010,1
34682.114,1,535540,400,831010,1
34682.129,2,535540,400,831010,1
34682.161,1,535572,400,831010,1
34682.177,2,535572,400,831010,1
34682.208,1,535600,400,831010,1
34682.223,2,535600,400,831010,1
34682.255,1,535639,400,831010,1
34682.27,2,535639,400,831010,1
34682.302,1,535676,400,831010,1
34682.317,2,535676,400,831010,1
34682.349,1,535705,400,831010,1
34682.367,2,535705,400,831010,1
34682.395,1,535744,400,831010,1
34682.411,2,535744,400,831010,1
34682.443,1,535778,400,831010,1
34682.457,2,535778,400,831010,1
34682.476,1,535796,400,831010,1
34682.504,2,535796,400,831010,1
34682.536,1,535822,400,831010,1
34682.552,2,535822,400,831010,1
34682.681,1,535921,400,831010,1
34682.709,2,535921,400,831010,1
34682.744,1,535980,400,831010,1
34682.771,2,535980,400,831010,1
34682.864,1,536122,400,831010,1
34682.879,2,536122,400,831010,1
34682.911,1,536157,400,831010,1
34682.926,2,536157,400,831010,1
34682.958,1,536211,400,831010,1
34682.973,2,536211,400,831010,1
34683.114,1,536305,400,831010,1
34683.129,2,536305,400,831010,1
34683.161,1,536347,400,831010,1
34683.176,2,536347,400,831010,1
34683.201,2,476591,350,832500,-1
34683.211,1,536381,400,831010,1
34683.239,2,536381,400,831010,1
34683.271,1,536438,400,831010,1
34683.285,2,536438,400,831010,1
34683.418,2,467848,700,832610,-1
34683.442,1,536559,400,831010,1
34683.457,2,536559,400,831010,1
34683.473,1,536581,400,831010,1
34683.491,2,536581,400,831010,1
34683.521,1,536598,400,831010,1
34683.536,2,536598,400,831010,1
34683.567,1,536631,400,831010,1
34683.582,2,536631,400,831010,1
34683.614,1,536662,400,831010,1
34683.63,2,536662,400,831010,1
34683.645,2,464987,700,832700,-1
34683.786,1,536818,400,831010,1
34683.801,2,536818,400,831010,1
34683.833,1,536846,400,831010,1
34683.848,2,536846,400,831010,1
34683.879,1,536884,400,831010,1
34683.895,2,536884,400,831010,1
34684.036,1,536990,400,831010,1
34684.052,2,536990,400,831010,1
34684.083,1,537031,400,831010,1
34684.098,2,537031,400,831010,1
34684.13,1,537059,400,831010,1
34684.144,2,537059,400,831010,1
34684.176,1,537094,400,831010,1
34684.195,2,537094,400,831010,1
34684.223,1,537128,400,831010,1
34684.239,2,537128,400,831010,1
34684.38,1,537231,400,831010,1
34684.395,2,537231,400,831010,1
34684.427,1,537262,400,831010,1
34684.442,2,537262,400,831010,1
34684.473,1,537308,400,831010,1
34684.489,2,537308,400,831010,1
34684.52,1,537351,400,831010,1
34684.536,2,537351,400,831010,1
34684.551,4,525524,500,831000,1
34684.552,1,537369,400,831010,1
34684.567,2,537369,400,831010,1
34684.677,1,537467,400,830010,1
34684.719,2,529706,20,900000,-1
34684.726,2,529829,40,931500,-1
34684.729,2,529840,9,845300,-1
34747.835,5,584931,100,831290,-1
34754.105,1,592363,1000,831200,1
34754.362,1,592533,40,931500,-1
34754.469,1,592594,20,900000,-1
34754.58,1,592654,9,845300,-1
34755.176,5,587663,500,831400,1
34757.496,2,592363,1000,831200,1
34757.54,2,592533,40,931500,-1
34757.548,2,592594,20,900000,-1
34757.55,2,592654,9,845300,-1
34757.734,5,587663,1000,831400,1
34759.714,1,596671,100,830800,-1
34760.034,1,596980,600,832900,-1
34760.037,1,596982,1000,829400,1
34761.552,4,596671,100,830800,-1
34764.048,2,596980,600,832900,-1
34764.061,1,600207,600,833500,-1
34766.976,2,596982,1000,829400,1
34766.99,1,602771,1000,829900,1
34767.513,1,603171,100,830300,1
34767.629,2,537467,400,830010,1
34767.66,1,603266,400,830310,1
34767.812,1,603426,1000,831100,-1
34769.433,1,604619,20,900000,-1
34769.551,1,604688,40,931500,-1
34769.559,1,604695,9,845300,-1
34771.67,1,606481,100,830500,1
34772.561,5,606534,300,830540,1
34773.158,2,527222,400,832490,-1
34773.192,1,607852,400,831090,-1
34773.424,2,603266,400,830310,1
34774.07,2,602771,1000,829900,1
34774.074,1,608693,1000,829600,1
34774.553,1,609180,200,831000,-1
34776.909,2,607852,400,831090,-1
34779.562,2,609180,200,831000,-1
34782.03,5,613561,200,831000,-1
34783.427,1,616837,400,831090,-1
34783.518,2,616837,400,831090,-1
34784.12,2,608693,1000,829600,1
34784.14,1,617434,1000,830100,1
34784.503,1,617763,400,831090,-1
34785.612,2,617763,400,831090,-1
34785.915,2,603426,1000,831100,-1
34786.019,1,618866,400,833490,-1
34787.596,1,620053,400,830510,1
34789.574,2,604619,20,900000,-1
34789.581,2,604688,40,931500,-1
34789.582,2,604695,9,845300,-1
34791.699,2,606481,100,830500,1
34793.498,2,603171,100,830300,1
34793.504,1,624795,100,830700,1
34795.012,2,617434,1000,830100,1
34795.019,1,626002,1000,830300,1
34795.194,1,626123,500,831000,1
34795.502,1,626449,20,900000,-1
34795.649,1,626589,40,931500,-1
34795.658,1,626597,9,845300,-1
34796.611,1,627679,250,831100,1
34797.857,1,628837,500,832000,1
34797.86,4,628837,500,832000,1
34797.887,1,628875,1000,831600,1
34797.905,4,628875,800,831600,1
34798.273,5,628927,500,831640,1
34798.65,5,629223,100,831640,1
34798.65,4,628875,100,831600,1
34798.96,2,626123,500,831000,1
34799.103,4,628875,100,831600,1
34799.404,4,627679,100,831100,1
34800.855,2,627679,150,831100,1
34801.024,2,626449,20,900000,-1
34801.031,2,626589,40,931500,-1
34801.033,2,626597,9,845300,-1
34801.149,2,626002,1000,830300,1
34801.154,1,631728,1000,830100,1
34801.28,2,624795,100,830700,1
34809.067,2,600207,600,833500,-1
34809.072,1,638787,900,834100,-1
34809.437,1,639132,300,831500,1
34810.684,1,640285,40,931500,-1
34810.693,1,640291,20,900000,-1
34810.696,1,640294,9,845300,-1
34815.213,1,643965,100,831400,1
34815.71,1,644411,1000,831600,1
34818.897,1,646961,100,831900,1
34819.051,4,646961,100,831900,1
34819.051,4,644411,900,831600,1
34819.302,4,644411,100,831600,1
34819.362,4,639132,100,831500,1
34820.978,2,643965,100,831400,1
34824.196,5,650392,100,832000,1
34827.002,2,631728,1000,830100,1
34827.005,1,653910,1000,830700,1
34828.892,2,620053,400,830510,1
34828.924,1,655663,400,831510,1
34829.64,1,656248,1000,832100,-1
34829.657,2,640285,40,931500,-1
34829.664,2,640291,20,900000,-1
34829.665,2,640294,9,845300,-1
34829.794,1,656406,100,832400,-1
34829.954,2,655663,400,831510,1
34830.551,5,656268,200,832050,-1
34830.551,4,656248,300,832100,-1
34830.952,4,656248,500,832100,-1
34831.268,2,638787,900,834100,-1
34831.272,1,657798,900,834500,-1
34831.866,4,656248,200,832100,-1
34831.99,1,658567,100,832800,-1
34833.232,1,659905,40,931500,-1
34833.444,1,660087,20,900000,-1
34833.453,1,660099,9,845300,-1
34834.75,1,661449,400,831510,1
34835.504,1,662154,1000,832500,-1
34836.172,2,639132,200,831500,1
34841.267,2,661449,400,831510,1
34841.407,2,659905,40,931500,-1
34841.409,2,660087,20,900000,-1
34841.411,2,660099,9,845300,-1
34845.94,1,671149,100,832000,-1
34850.607,1,674678,1000,832000,-1
34851.803,5,675200,100,831960,-1
34852.204,1,675931,400,830710,1
34853.175,2,653910,1000,830700,1
34853.201,1,676826,1000,831200,1
34853.546,1,677173,40,931500,-1
34853.628,1,677264,20,900000,-1
34853.637,1,677272,9,845300,-1
34855.806,1,679245,200,831500,1
34856.404,2,674678,1000,832000,-1
34861.966,2,679245,200,831500,1
34862.64,2,675931,400,830710,1
34862.671,1,684736,100,831210,1
34864.688,2,684736,100,831210,1
34865.865,1,687473,200,831500,1
34866.0,1,687556,400,831510,1
34869.639,1,690117,100,831900,-1
34869.686,2,676826,1000,831200,1
34869.694,1,690165,1000,830900,1
34869.95,2,687473,200,831500,1
34870.482,2,677173,40,931500,-1
34870.49,2,677264,20,900000,-1
34870.49,2,677272,9,845300,-1
34873.187,1,692366,100,831500,1
34874.226,1,693100,100,831800,-1
34874.933,2,662154,1000,832500,-1
34875.21,2,692366,100,831500,1
34876.173,1,694346,100,831500,1
34876.228,2,694346,100,831500,1
34877.194,1,695088,100,831500,1
34880.204,2,695088,100,831500,1
34880.244,1,697238,400,835900,-1
34880.246,1,697240,500,830500,1
34881.108,2,687556,400,831510,1
34881.155,1,697959,400,830910,1
34883.652,5,698236,400,831760,-1
34884.195,1,700216,100,831500,1
34884.629,5,690531,100,831600,1
34885.179,2,700216,100,831500,1
34886.148,2,690165,1000,830900,1
34886.15,1,701737,1000,830600,1
34886.625,2,697959,400,830910,1
34886.656,1,702173,400,830610,1
34889.628,5,704194,500,831760,-1
34889.628,4,693100,100,831800,-1
34889.628,4,690117,100,831900,-1
34889.654,2,618866,400,833490,-1
34889.674,1,704388,400,831990,-1
34889.676,2,697240,500,830500,1
34889.691,1,704406,500,829900,1
34890.89,2,704388,400,831990,-1
34895.233,1,708073,400,831990,-1
34896.086,2,656406,100,832400,-1
34896.326,2,702173,400,830610,1
34896.328,2,708073,400,831990,-1
34896.964,2,658567,100,832800,-1
34897.349,2,671149,100,832000,-1
34897.392,1,709576,400,834490,-1
34900.732,1,712209,400,830610,1
34901.508,1,712889,200,831890,-1
34903.105,1,714364,1000,831600,1
34903.649,1,714882,9,845300,-1
34903.657,1,714885,20,900000,-1
34903.774,1,715011,40,931500,-1
34904.884,2,714364,1000,831600,1
34904.973,2,714882,9,845300,-1
34904.982,2,714885,20,900000,-1
34904.987,2,715011,40,931500,-1
34905.378,1,716405,1000,831600,-1
34907.531,2,716405,1000,831600,-1
34916.814,2,712889,200,831890,-1
34923.766,1,730160,2000,831800,1
34924.734,1,730975,40,931500,-1
34924.746,1,730993,9,845300,-1
34924.753,1,731003,20,900000,-1
34926.39,5,730178,200,831850,1
34926.39,5,730216,300,831840,1
34927.742,5,719645,626,831900,-1
34927.742,1,733293,1374,831900,1
34928.051,5,733342,500,831940,1
34928.051,5,733343,200,831940,1
34928.051,4,733293,200,831900,1
34928.3,4,733293,300,831900,1
34930.11,4,733293,400,831900,1
34930.873,2,730160,2000,831800,1
34930.905,1,735749,2000,831800,1
34932.536,4,733293,100,831900,1
34936.047,4,733293,374,831900,1
34936.047,4,735749,626,831800,1
34940.204,4,735749,500,831800,1
34940.207,4,735749,400,831800,1
34940.37,4,735749,300,831800,1
34941.181,4,735749,174,831800,1
34941.181,1,743005,726,831800,-1
34941.257,2,730975,40,931500,-1
34941.264,2,730993,9,845300,-1
34941.264,2,731003,20,900000,-1
34943.788,2,72945,500,855700,-1
34944.339,2,701737,1000,830600,1
34944.342,1,745211,1000,830400,1
34945.31,2,743005,726,831800,-1
34947.601,1,747537,40,931500,-1
34948.606,1,748358,20,900000,-1
34948.729,1,748454,9,845300,-1
34950.168,2,747537,40,931500,-1
34950.176,2,748358,20,900000,-1
34950.178,2,748454,9,845300,-1
34968.179,2,657798,900,834500,-1
34968.198,1,763908,600,833600,-1
34968.215,2,709576,400,834490,-1
34968.231,1,763949,400,833590,-1
34970.274,1,765773,500,831900,1
34970.317,4,765773,500,831900,1
34972.211,2,697238,400,835900,-1
34972.218,1,767308,100,832000,-1
34972.218,1,767309,400,834500,-1
34974.001,4,767308,100,832000,-1
34974.001,5,767356,200,832000,-1
34974.188,2,745211,1000,830400,1
34974.191,1,768976,1000,829900,1
34974.191,1,768977,100,832500,-1
34974.218,2,763949,400,833590,-1
34974.231,1,769003,400,832490,-1
34976.642,2,704406,500,829900,1
34976.655,1,771115,500,829100,1
34976.976,1,771413,1000,832500,-1
34977.255,2,771413,1000,832500,-1
34977.79,2,763908,600,833600,-1
34977.805,1,772084,600,833000,-1
34978.343,2,768976,1000,829900,1
34978.361,1,772536,1000,829200,1
34986.962,1,778497,1000,832700,-1
34987.064,2,772084,600,833000,-1
34987.067,1,778535,600,833200,-1
34990.346,5,780251,200,831850,-1
34990.346,5,768139,500,832400,-1
34990.346,5,768144,300,832400,-1
34990.604,1,780721,9,845300,-1
34990.736,1,780812,20,900000,-1
34990.744,1,780817,40,931500,-1
34991.776,2,712209,400,830610,1
34991.778,2,769003,400,832490,-1
34992.206,1,781853,400,830010,1
34992.567,2,778497,1000,832700,-1
34993.207,2,778535,600,833200,-1
34993.215,1,782591,600,833400,-1
34994.196,2,768977,100,832500,-1
34994.23,1,783507,400,833390,-1
34995.86,2,780721,9,845300,-1
34995.867,2,780812,20,900000,-1
34995.869,2,780817,40,931500,-1
34999.085,2,767309,400,834500,-1
34999.117,1,787224,400,835100,-1
35000.643,1,788331,100,831910,1
35001.429,2,782591,600,833400,-1
35001.433,1,788899,600,833700,-1
35001.471,2,772536,1000,829200,1
35001.474,1,788934,1000,830100,1
35003.961,1,790710,400,833000,-1
35004.089,2,783507,400,833390,-1
35004.104,1,790834,400,832990,-1
35006.207,1,792507,100,833000,-1
35007.525,5,784530,300,832800,-1
35009.702,1,795438,100,832900,-1
35009.76,2,790834,400,832990,-1
35009.777,1,795534,400,832890,-1
35009.811,1,795577,1000,833000,-1
35010.033,5,784530,100,832800,-1
35010.033,5,785735,200,832800,-1
35010.646,2,788331,100,831910,1
35010.76,2,781853,400,830010,1
35010.792,1,796376,400,830110,1
35013.097,2,795438,100,832900,-1
35013.105,1,798217,100,832800,-1
35013.245,2,795534,400,832890,-1
35013.261,1,798321,400,832790,-1
35013.492,1,798490,1000,832000,1
35014.654,1,799236,40,931500,-1
35014.754,1,799316,20,900000,-1
35014.762,1,799319,9,845300,-1
35016.036,1,800169,1000,832800,-1
35017.036,2,798217,100,832800,-1
35017.044,1,800814,100,832700,-1
35017.182,2,798321,400,832790,-1
35018.267,2,800169,1000,832800,-1
35018.896,1,801989,100,832500,-1
35023.491,1,805033,1000,832800,-1
35024.356,2,800814,100,832700,-1
35024.386,1,805650,100,832700,-1
35024.441,1,805699,500,832000,1
35026.207,2,792507,100,833000,-1
35026.694,2,805650,100,832700,-1
35027.202,1,807586,100,833000,-1
35034.741,5,806205,100,832460,-1
35034.872,2,805033,1000,832800,-1
35035.146,1,813120,1000,832900,-1
35035.243,2,813120,1000,832900,-1
35036.051,5,806205,100,832460,-1
35039.058,2,790710,400,833000,-1
35040.668,2,801989,100,832500,-1
35040.76,1,816885,400,832990,-1
35044.004,2,805699,500,832000,1
35044.361,2,788899,600,833700,-1
35044.366,1,819470,600,834100,-1
35047.208,2,807586,100,833000,-1
35048.206,1,822294,100,833000,-1
35051.185,2,822294,100,833000,-1
35052.229,2,771115,500,829100,1
35052.24,1,825279,500,830300,1
35052.263,1,825300,100,833000,-1
35052.482,2,825300,100,833000,-1
35052.532,2,819470,600,834100,-1
35052.542,1,825565,600,834500,-1
35055.027,2,787224,400,835100,-1
35055.049,1,827684,400,835900,-1
35055.213,1,827841,100,833000,-1
35055.273,2,827841,100,833000,-1
35056.223,1,828670,100,833000,-1
35056.37,2,828670,100,833000,-1
35056.683,1,828957,100,833000,-1
35057.196,1,829379,100,832900,-1
35057.306,2,816885,400,832990,-1
35057.31,2,829379,100,832900,-1
35057.321,1,829483,400,832890,-1
35058.215,1,830190,100,833000,-1
35058.266,2,830190,100,833000,-1
35059.204,1,830953,100,833000,-1
35059.283,2,830953,100,833000,-1
35060.193,1,831596,100,833000,-1
35060.279,2,831596,100,833000,-1
35060.525,2,796376,400,830110,1
35060.54,1,831822,100,832010,1
35061.727,2,831822,100,832010,1
35062.212,2,799236,40,931500,-1
35062.218,2,799316,20,900000,-1
35062.221,2,799319,9,845300,-1
35063.965,2,798490,1000,832000,1
35064.009,1,834546,400,830310,1
35065.113,2,788934,1000,830100,1
35065.119,1,835560,1000,830800,1
35065.228,2,834546,400,830310,1
35065.246,1,835652,400,830810,1
35065.643,1,835991,1000,832200,-1
35067.347,2,835991,1000,832200,-1
35067.904,2,795577,1000,833000,-1
35081.378,2,835560,1000,830800,1
35081.386,1,847416,1000,831200,1
35081.479,2,835652,400,830810,1
35081.493,1,847495,400,831210,1
35082.928,1,848449,100,832100,1
35083.639,1,848868,20,900000,-1
35083.782,1,848981,40,931500,-1
35083.789,1,848991,9,845300,-1
35084.169,2,825565,600,834500,-1
35084.175,1,849255,900,835200,-1
35084.217,1,849287,100,832000,1
35084.52,5,848472,100,832140,1
35085.179,2,849287,100,832000,1
35088.557,2,848868,20,900000,-1
35088.564,2,848981,40,931500,-1
35088.566,2,848991,9,845300,-1
35089.235,1,852575,1000,832200,1
35089.566,1,852797,20,900000,-1
35089.574,1,852804,40,931500,-1
35089.577,1,852806,9,845300,-1
35089.63,1,852835,1000,839400,-1
35090.17,1,853256,100,832000,1
35091.729,2,852575,1000,832200,1
35091.863,2,852797,20,900000,-1
35091.87,2,852804,40,931500,-1
35091.872,2,852806,9,845300,-1
35092.37,1,854663,20,900000,-1
35092.38,1,854673,40,931500,-1
35092.383,1,854674,9,845300,-1
35094.309,2,828957,100,833000,-1
35094.855,2,825279,500,830300,1
35094.873,1,856587,500,830900,1
35095.498,1,857071,100,832500,-1
35095.741,4,857071,100,832500,-1
35097.944,1,858756,100,832500,-1
35097.969,4,858756,100,832500,-1
35104.555,2,847416,1000,831200,1
35104.558,1,863360,1000,831500,1
35105.568,2,863360,1000,831500,1
35105.581,1,864228,1000,831300,1
35110.17,2,853256,100,832000,1
35111.237,2,864228,1000,831300,1
35111.24,1,868244,1000,831900,1
35111.766,2,849255,900,835200,-1
35111.784,1,868663,1000,836700,-1
35115.411,2,868244,1000,831900,1
35115.43,1,871454,1000,831600,1
35130.975,2,829483,400,832890,-1
35131.116,1,882476,400,835890,-1
35133.22,1,883877,100,832000,1
35134.34,2,871454,1000,831600,1
35134.356,1,884745,1000,831800,1
35140.59,2,884745,1000,831800,1
35140.592,1,889507,1000,831700,1
35144.406,2,848449,100,832100,1
35144.545,2,854663,20,900000,-1
35144.553,2,854673,40,931500,-1
35144.556,2,854674,9,845300,-1
35146.375,2,827684,400,835900,-1
35146.38,2,856587,500,830900,1
35146.396,1,894239,400,838200,-1
35146.402,1,894247,500,832000,1
35146.906,1,894704,1000,832000,1
35151.434,2,894247,500,832000,1
35151.449,1,898182,500,831700,1
35153.221,2,883877,100,832000,1
35154.192,1,900433,100,832000,1
35159.029,2,898182,500,831700,1
35159.031,1,903876,500,831500,1
35159.254,2,889507,1000,831700,1
35159.258,1,904041,1000,831500,1
35159.406,2,894704,1000,832000,1
35164.64,1,907860,100,832200,1
35165.606,1,908592,9,845300,-1
35165.742,1,908692,20,900000,-1
35165.747,1,908696,40,931500,-1
35169.591,2,900433,100,832000,1
35174.193,1,915029,100,832400,1
35185.236,5,914718,300,832600,-1
35186.195,5,914718,325,832600,-1
35191.065,5,923464,175,832600,1
35191.065,5,923466,500,832600,1
35191.065,5,923472,325,832600,1
35194.192,2,915029,100,832400,1
35194.272,2,908592,9,845300,-1
35194.279,2,908692,20,900000,-1
35194.281,2,908696,40,931500,-1
35195.203,1,930435,100,832500,1
35195.633,1,930821,9,845300,-1
35195.642,1,930834,20,900000,-1
35195.645,1,930838,40,931500,-1
35199.624,5,923472,75,832600,1
35199.624,5,933741,25,832600,1
35205.986,2,894239,400,838200,-1
35205.995,1,939377,400,836300,-1
35209.944,2,903876,500,831500,1
35209.949,1,942754,500,831100,1
35210.944,1,943643,100,831900,1
35211.412,1,944080,2000,823500,1
35211.918,2,868663,1000,836700,-1
35211.93,1,944519,900,835000,-1
35211.989,2,882476,400,835890,-1
35212.004,1,944590,400,834990,-1
35212.221,2,930435,100,832500,1
35212.312,2,930821,9,845300,-1
35212.32,2,930834,20,900000,-1
35212.322,2,930838,40,931500,-1
35212.803,4,907860,100,832200,1
35212.913,2,847495,400,831210,1
35212.941,1,945441,400,831910,1
35213.004,2,945441,400,831910,1
35213.019,1,945514,100,831910,1
35213.969,1,946351,9,845300,-1
35214.008,1,946386,20,900000,-1
35214.068,1,946434,40,931500,-1
35219.272,2,944519,900,835000,-1
35219.273,2,904041,1000,831500,1
35219.287,1,950852,600,834300,-1
35219.289,1,950854,1000,830900,1
35219.348,2,944590,400,834990,-1
35219.368,1,950929,400,834290,-1
35221.914,2,942754,500,831100,1
35221.933,1,953102,500,830600,1
35222.2,1,953324,100,832500,-1
35224.067,1,954748,100,889500,-1
35227.756,2,950854,1000,830900,1
35227.77,1,957728,1000,830200,1
35229.101,5,949959,100,832400,-1
35229.12,5,949959,100,832400,-1
35229.146,5,949959,100,832400,-1
35229.183,4,953324,100,832500,-1
35232.765,2,953102,500,830600,1
35232.774,1,962097,500,831300,1
35242.248,1,968591,100,832300,-1
35242.274,1,968605,100,832500,-1
35243.197,2,968605,100,832500,-1
35244.028,5,962386,100,832000,1
35245.188,5,968611,100,832260,-1
35245.231,5,968611,100,832260,-1
35245.272,5,968611,100,832260,-1
35245.312,5,968612,100,832260,-1
35245.369,5,968612,100,832260,-1
35245.905,5,968612,300,832260,-1
35245.905,5,970738,100,832260,-1
35245.972,5,970738,300,832260,-1
35247.184,1,972327,100,832500,-1
35247.905,1,972948,100,832300,-1
35251.84,4,968591,100,832300,-1
35251.84,4,972948,100,832300,-1
35251.883,5,970935,200,832300,-1
35252.725,2,945514,100,831910,1
35256.144,1,979407,100,832000,1
35257.858,2,962097,500,831300,1
35257.87,1,980757,500,830800,1
35258.083,5,980902,100,832040,1
35258.083,4,979407,100,832000,1
35258.083,5,962386,400,832000,1
35262.692,1,984254,1000,832500,-1
35263.288,1,984748,1000,823500,1
35264.081,2,984254,1000,832500,-1
35267.184,2,972327,100,832500,-1
35271.587,2,946351,9,845300,-1
35271.594,2,946386,20,900000,-1
35271.596,2,946434,40,931500,-1
35272.336,1,991661,1000,841500,-1
35275.705,1,994247,20,900000,-1
35275.714,1,994254,40,931500,-1
35275.717,1,994257,9,845300,-1
35280.182,5,991219,500,832000,-1
35280.185,5,991219,300,832000,-1
35280.585,2,994247,20,900000,-1
35280.592,2,994254,40,931500,-1
35280.592,2,994257,9,845300,-1
35282.083,2,980757,500,830800,1
35282.1,1,998568,500,831300,1
35288.698,5,971676,100,832500,-1
35291.753,1,1005511,500,832000,1
35292.604,1,1005999,9,845300,-1
35292.734,1,1006113,40,931500,-1
35292.743,1,1006122,20,900000,-1
35294.961,2,1005511,500,832000,1
35295.028,2,1005999,9,845300,-1
35295.034,2,1006113,40,931500,-1
35295.036,2,1006122,20,900000,-1
35305.969,2,998568,500,831300,1
35305.987,1,1015452,500,831000,1
35308.608,1,1017460,20,900000,-1
35308.732,1,1017590,40,931500,-1
35308.743,1,1017606,9,845300,-1
35308.978,2,957728,1000,830200,1
35308.983,1,1017782,1000,830900,1
35309.197,1,1017968,100,832200,-1
35314.697,2,1015452,500,831000,1
35314.699,1,1022017,500,830700,1
35315.154,4,1017968,100,832200,-1
35315.471,4,943643,100,831900,1
35315.641,1,1022674,400,830910,1
35315.747,2,1017460,20,900000,-1
35315.755,2,1017590,40,931500,-1
35315.759,2,1017606,9,845300,-1
35315.99,2,939377,400,836300,-1
35315.992,2,1022017,500,830700,1
35318.968,2,1022674,400,830910,1
35319.25,1,1025238,400,830910,1
35321.324,2,950852,600,834300,-1
35321.326,2,1017782,1000,830900,1
35324.197,1,1028964,100,832200,-1
35330.018,1,1036650,1000,831000,1
35330.476,2,1025238,400,830910,1
35330.527,1,1037355,1000,832100,-1
35330.93,2,1036650,1000,831000,1
35331.02,1,1037960,400,830010,1
35331.054,1,1038013,400,832100,-1
35331.096,2,950929,400,834290,-1
35331.527,1,1038564,700,832100,-1
35331.529,2,1028964,100,832200,-1
35332.235,1,1039517,400,832090,-1
35332.335,1,1039649,100,831400,-1
35332.407,2,1039517,400,832090,-1
35333.235,2,1037355,1000,832100,-1
35334.535,1,1042391,700,831310,-1
35334.723,4,1037960,100,830010,1
35334.75,2,1037960,300,830010,1
35335.876,1,1044087,500,831000,-1
35336.17,1,1044487,500,831000,-1
35336.481,1,1044895,500,831000,-1
35337.087,1,1045669,700,831000,-1
35338.148,1,1046973,20,900000,-1
35338.276,1,1047118,40,931500,-1
35338.54,1,1047414,9,845300,-1
35339.521,1,1048554,500,830900,-1
35340.64,1,1049792,1000,830800,-1
35342.428,1,1052098,300,830800,-1
35342.82,4,117580,100,830000,1
35343.122,2,1046973,20,900000,-1
35343.13,2,1047118,40,931500,-1
35343.14,2,1047414,9,845300,-1
35344.486,1,1054689,700,831010,-1
35345.499,2,1045669,700,831000,-1
35345.884,1,1056335,1000,831800,-1
35347.705,2,1054689,700,831010,-1
35348.259,2,1049792,1000,830800,-1
35349.539,2,1048554,500,830900,-1
35351.219,1,1062794,400,826000,1
35351.962,2,1056335,1000,831800,-1
35351.968,1,1063723,200,831500,-1
35352.234,5,1053046,400,830500,-1
35352.339,2,1039649,100,831400,-1
35353.137,5,1053046,400,830500,-1
35353.269,1,1065171,100,831500,-1
35359.364,2,1044895,500,831000,-1
35360.609,2,1063723,200,831500,-1
35360.852,1,1074149,100,831000,-1
35360.993,2,1044487,500,831000,-1
35362.443,2,1044087,500,831000,-1
35362.72,1,1076151,100,830200,-1
35364.056,1,1077727,1000,831000,-1
35365.718,2,1052098,300,830800,-1
35371.373,2,1077727,1000,831000,-1
35372.138,2,1042391,700,831310,-1
35372.17,2,1038564,700,832100,-1
35372.387,2,1065171,100,831500,-1
35374.219,1,1089396,100,830100,-1
35376.187,2,1089396,100,830100,-1
35376.27,1,1091961,200,830000,-1
35376.385,1,1092091,500,830100,-1
35377.714,1,1093371,100,830000,-1
35378.195,1,1093906,100,830000,-1
35378.201,2,1062794,400,826000,1
35378.543,1,1094263,300,830000,-1
35381.916,1,1097821,100,830000,-1
35383.67,1,1099459,400,825010,1
35385.024,5,1091989,200,829950,-1
35385.024,5,1092063,500,829960,-1
35385.024,4,1091961,200,830000,-1
35385.024,4,1093371,100,830000,-1
35388.425,2,1076151,100,830200,-1
35389.85,2,1097821,100,830000,-1
35390.167,2,1074149,100,831000,-1
35391.439,1,1107065,1000,830000,-1
35392.123,2,984748,1000,823500,1
35392.362,2,1038013,400,832100,-1
35393.529,2,1092091,500,830100,-1
35395.443,1,1111319,1000,829900,-1
35395.659,1,1111532,700,830000,-1
35395.953,2,1107065,1000,830000,-1
35396.865,2,1094263,300,830000,-1
35398.198,2,1093906,100,830000,-1
35399.064,1,1114890,300,829800,-1
35399.247,1,1115060,1000,830000,-1
35400.278,2,1115060,1000,830000,-1
35400.779,1,1116757,400,829790,-1
35401.228,1,1117204,100,829900,-1
35401.723,1,1117766,1000,830000,-1
35403.07,2,1111532,700,830000,-1
35403.165,2,1116757,400,829790,-1
35403.185,1,1119104,400,830000,-1
35404.255,2,1119104,400,830000,-1
35404.279,1,1120166,400,829790,-1
35404.492,2,1117204,100,829900,-1
35406.589,2,1114890,300,829800,-1
35408.069,2,1117766,1000,830000,-1
35408.27,2,991661,1000,841500,-1
35409.898,1,1125536,1000,828700,-1
35411.224,1,1126896,100,828200,1
35411.352,2,1126896,100,828200,1
35411.404,2,1125536,1000,828700,-1
35412.202,1,1127824,100,828200,1
35412.259,2,1127824,100,828200,1
35413.183,1,1128930,100,828200,1
35413.239,2,1128930,100,828200,1
35417.703,1,1133666,100,828500,-1
35417.965,2,1120166,400,829790,-1
35420.186,2,1099459,400,825010,1
35420.703,1,1136509,400,825010,1
35421.697,1,1137538,300,828300,-1
35421.74,4,1137538,300,828300,-1
35423.085,4,1133666,100,828500,-1
35423.104,1,1139313,500,828400,1
35423.157,1,1139398,400,829890,-1
35423.43,1,1139670,9,845300,-1
35423.493,1,1139733,40,931500,-1
35423.502,1,1139741,20,900000,-1
35426.17,2,1139398,400,829890,-1
35428.647,2,1139313,500,828400,1
35428.823,2,1139670,9,845300,-1
35428.825,2,1139733,40,931500,-1
35428.828,2,1139741,20,900000,-1
35429.2,1,1145195,100,828300,1
35429.659,1,1145592,9,845300,-1
35429.779,1,1145745,40,931500,-1
35429.789,1,1145756,20,900000,-1
35429.934,1,1145891,1000,829000,1
35430.37,5,1145904,200,829050,1
35435.129,1,1150904,700,828400,1
35438.47,1,1153476,1000,829500,1
35449.2,2,1145195,100,828300,1
35449.711,2,1111319,1000,829900,-1
35449.747,1,1163712,400,835100,-1
35450.196,5,1163696,500,829550,1
35450.206,1,1164175,100,828300,1
35450.556,1,1164463,1000,830000,1
35456.961,2,1164463,1000,830000,1
35458.593,1,1170895,1000,830000,-1
35458.812,1,1171101,100,829600,1
35462.388,1,1174181,1000,832100,-1
35463.792,2,1145891,1000,829000,1
35463.87,2,1153476,1000,829500,1
35466.454,5,1175451,200,829980,-1
35466.454,5,1177440,400,829990,-1
35466.454,5,1177462,400,829990,-1
35466.558,5,1177462,100,829990,-1
35466.558,4,1170895,900,830000,-1
35466.812,4,1170895,100,830000,-1
35466.84,2,1163712,400,835100,-1
35466.844,2,1164175,100,828300,1
35466.873,1,1177987,300,832090,-1
35466.98,2,1136509,400,825010,1
35468.17,2,1145592,9,845300,-1
35468.178,2,1145745,40,931500,-1
35468.182,2,1145756,20,900000,-1
35469.24,2,1150904,700,828400,1
35471.642,1,1182402,1000,830100,-1
35473.172,2,1182402,1000,830100,-1
35473.505,1,1183976,9,845300,-1
35473.647,1,1184126,40,931500,-1
35473.652,1,1184134,20,900000,-1
35473.656,1,1184137,35,829700,-1
35476.603,2,1184137,35,829700,-1
35480.756,1,1189898,250,868000,-1
35482.46,1,1191267,1000,830000,-1
35487.117,1,1195325,700,829100,1
35488.434,2,1171101,100,829600,1
35489.252,1,1197412,1000,829500,-1
35491.317,5,1199565,500,829460,-1
35491.797,2,1197412,1000,829500,-1
35492.491,5,1200196,200,829150,1
35492.491,4,1195325,100,829100,1
35493.075,4,1195325,600,829100,1
35493.075,1,1201484,400,829000,-1
35493.152,1,1201554,400,825010,1
35493.2,2,1183976,9,845300,-1
35493.207,2,1184126,40,931500,-1
35493.209,2,1184134,20,900000,-1
35493.468,1,1201879,1000,829000,-1
35493.63,1,1202059,700,829100,-1
35495.341,1,1203930,100,829800,-1
35495.586,2,1202059,700,829100,-1
35496.747,2,1191267,1000,830000,-1
35497.416,5,1201492,100,828950,-1
35498.171,5,1201492,350,828950,-1
35498.171,5,1201496,200,828950,-1
35498.171,4,1201484,250,829000,-1
35498.394,4,1201484,100,829000,-1
35502.081,1,1210700,100,828500,1
35502.433,2,1201554,400,825010,1
35502.465,1,1211006,400,828510,1
35503.526,2,1211006,400,828510,1
35503.558,1,1212193,100,828520,1
35503.732,4,1201484,50,829000,-1
35503.732,4,1201879,950,829000,-1
35504.589,2,1201879,50,829000,-1
35504.636,1,1213566,20,900000,-1
35504.767,1,1213739,40,931500,-1
35504.777,1,1213758,9,845300,-1
35505.565,2,1210700,100,828500,1
35506.619,1,1215470,1000,829800,-1
35508.193,2,1215470,1000,829800,-1
35510.184,2,1203930,100,829800,-1
35510.681,2,1177987,300,832090,-1
35510.685,2,1212193,100,828520,1
35510.783,2,1213566,20,900000,-1
35510.791,2,1213739,40,931500,-1
35510.796,2,1213758,9,845300,-1
35511.183,1,1220374,400,825010,1
35511.184,1,1220376,400,832090,-1
35511.241,1,1220430,100,829000,1
35511.691,1,1220924,20,900000,-1
35513.007,2,1220924,20,900000,-1
35514.578,1,1223733,1000,828700,1
35516.784,1,1225744,1000,829900,-1
35518.867,1,1227621,100,829400,-1
35518.872,1,1227627,100,829400,-1
35520.284,4,1227621,100,829400,-1
35520.411,2,1225744,1000,829900,-1
35520.586,2,1220430,100,829000,1
35520.728,2,1220374,400,825010,1
35520.746,1,1229395,200,828710,1
35521.026,2,1229395,200,828710,1
35523.205,1,1231856,100,829100,-1
35523.602,1,1232233,9,845300,-1
35523.838,1,1232469,20,900000,-1
35523.846,1,1232477,40,931500,-1
35525.947,2,1227627,100,829400,-1
35531.609,1,1239384,200,830300,-1
35531.623,1,1239394,500,822300,1
35534.371,4,1231856,100,829100,-1
35534.425,1,1241968,100,829100,1
35534.45,5,1241974,100,829150,1
35534.45,5,1241974,100,829150,1
35534.467,4,1241968,100,829100,1
35534.525,2,1220376,400,832090,-1
35534.559,1,1242070,400,830290,-1
35535.218,1,1242631,100,829100,-1
35535.656,4,1242631,100,829100,-1
35536.194,1,1243462,100,829100,-1
35536.658,1,1243743,1000,830000,-1
35536.678,4,1243462,30,829100,-1
35536.746,4,1243462,70,829100,-1
35536.746,1,1243850,30,829100,1
35536.825,2,1243850,30,829100,1
35536.859,2,1242070,400,830290,-1
35536.886,1,1243990,400,829990,-1
35537.207,1,1244286,100,829100,-1
35537.629,4,1244286,30,829100,-1
35539.239,2,1243743,1000,830000,-1
35541.033,1,1247187,1000,829100,-1
35541.322,2,1247187,1000,829100,-1
35542.617,1,1248399,900,830800,-1
35542.619,1,1248401,1000,826900,1
35545.283,1,1250556,50,829000,1
35548.228,2,1243990,400,829990,-1
35548.478,2,1248399,900,830800,-1
35548.48,1,1253606,600,830600,-1
35551.461,2,1239384,200,830300,-1
35551.468,1,1256176,200,830700,-1
35551.871,1,1256578,1000,829700,-1
35552.169,2,1244286,70,829100,-1
35552.903,2,1232233,9,845300,-1
35552.91,2,1232469,20,900000,-1
35552.91,2,1232477,40,931500,-1
35553.851,2,1250556,50,829000,1
35553.9,1,1258156,400,828710,1
35554.467,1,1258588,50,829500,1
35555.495,4,1256578,800,829700,-1
35557.368,1,1260686,50,829200,1
35557.771,1,1261065,9,845300,-1
35557.88,1,1261188,20,900000,-1
35557.89,1,1261201,40,931500,-1
35558.541,2,1256578,200,829700,-1
35558.635,1,1261762,400,830590,-1
35559.454,2,1258588,50,829500,1
35559.533,2,1261065,9,845300,-1
35559.54,2,1261188,20,900000,-1
35559.542,2,1261201,40,931500,-1
35560.717,5,1258383,50,830000,-1
35562.368,2,1260686,50,829200,1
35567.221,2,1256176,200,830700,-1
35567.23,1,1268678,200,831100,-1
35569.194,1,1270201,100,829100,1
35569.529,1,1270435,9,845300,-1
35569.699,1,1270578,20,900000,-1
35569.745,1,1270640,40,931500,-1
35571.446,2,1239394,500,822300,1
35571.47,1,1272221,500,824600,1
35572.028,2,1174181,1000,832100,-1
35572.833,2,1253606,600,830600,-1
35572.848,1,1273525,600,831000,-1
35572.912,2,1268678,200,831100,-1
35572.933,1,1273609,200,831700,-1
35575.154,1,1275351,100,845000,-1
35576.204,2,1272221,500,824600,1
35576.207,1,1276377,500,826000,1
35578.536,2,1248401,1000,826900,1
35578.542,1,1278711,1000,827600,1
35578.798,5,1268576,100,829150,1
35580.051,1,1280105,200,829500,-1
35580.213,4,1280105,200,829500,-1
35580.378,2,1273525,600,831000,-1
35580.4,1,1280420,900,831500,-1
35581.715,2,1270435,9,845300,-1
35581.724,2,1270578,20,900000,-1
35581.727,2,1270640,40,931500,-1
35582.508,5,1282342,300,829150,1
35583.196,2,1258156,400,828710,1
35584.106,5,1282342,150,829150,1
35584.106,5,1270248,700,829140,1
35584.106,5,1280315,150,829140,1
35584.221,2,1273609,200,831700,-1
35584.226,1,1284153,400,832100,-1
35584.469,5,1284079,300,829140,1
35584.565,5,1284392,100,829140,1
35586.061,1,1285945,9,845300,-1
35586.107,1,1285982,20,900000,-1
35586.112,1,1285988,40,931500,-1
35587.558,1,1287199,400,829700,-1
35588.276,2,1223733,1000,828700,1
35588.866,2,1278711,1000,827600,1
35588.869,1,1288217,1000,827900,1
35589.194,2,1270201,100,829100,1
35589.288,1,1288524,400,827910,1
35589.314,2,1285945,9,845300,-1
35589.323,2,1285982,20,900000,-1
35589.325,2,1285988,40,931500,-1
35595.219,1,1292807,100,828200,1
35595.304,2,1288524,400,827910,1
35595.337,1,1292879,400,828210,1
35596.288,2,1292879,400,828210,1
35596.354,2,1287199,400,829700,-1
35597.239,1,1294257,200,870000,-1
35598.831,2,1288217,1000,827900,1
35598.833,1,1295578,1000,827700,1
35599.143,2,1295578,1000,827700,1
35599.147,1,1295795,1000,827500,1
35599.413,1,1295983,400,828500,1
35600.622,1,1296824,9,845300,-1
35600.752,1,1296939,20,900000,-1
35600.762,1,1296947,40,931500,-1
35607.554,1,1301870,10,832800,-1
35610.256,1,1304009,400,828510,1
35611.989,2,1295795,1000,827500,1
35612.012,1,1305476,1000,827800,1
35612.46,2,1295983,400,828500,1
35612.584,1,1305967,700,829000,1
35613.849,2,1305476,1000,827800,1
35613.851,1,1307127,1000,827400,1
35615.187,2,1280420,900,831500,-1
35615.189,2,1307127,1000,827400,1
35615.198,1,1308114,600,830900,-1
35615.199,1,1308117,1000,827100,1
35615.224,2,1292807,100,828200,1
35616.192,1,1308877,100,828200,1
35627.179,4,1305967,100,829000,1
35627.727,2,1305967,600,829000,1
35630.282,2,1308114,600,830900,-1
35630.284,2,1308117,1000,827100,1
35630.296,1,1319939,600,830300,-1
35630.298,1,1319942,1000,826600,1
35630.334,2,1261762,400,830590,-1
35630.366,1,1320007,400,830290,-1
35631.965,1,1321228,200,800000,1
35632.697,2,1296824,9,845300,-1
35632.704,2,1296939,20,900000,-1
35632.707,2,1296947,40,931500,-1
35636.195,2,1308877,100,828200,1
35637.188,1,1325354,100,828200,1
35637.397,2,1304009,400,828510,1
35637.443,1,1325516,400,828210,1
35641.199,2,1325354,100,828200,1
35646.518,2,1319939,600,830300,-1
35646.52,2,1319942,1000,826600,1
35646.528,1,1332520,600,829900,-1
35646.529,1,1332521,1000,826000,1
35646.552,2,1320007,400,830290,-1
35646.569,1,1332552,400,829890,-1
35651.474,2,1325516,400,828210,1
35651.583,1,1336446,400,826010,1
35654.663,2,1332552,400,829890,-1
35654.678,1,1338463,400,829880,-1
35658.973,2,1338463,400,829880,-1
35665.286,1,1346068,400,829890,-1
35666.005,2,1346068,400,829890,-1
35673.317,1,1351506,400,829890,-1
35674.082,2,1351506,400,829890,-1
35674.654,1,1352502,1000,828900,1
35675.633,1,1353382,20,900000,-1
35675.76,1,1353497,9,845300,-1
35675.769,1,1353501,40,931500,-1
35676.176,1,1353854,100,828200,1
35676.704,1,1354299,100,820000,1
35679.659,2,1352502,1000,828900,1
35679.784,2,1353382,20,900000,-1
35679.79,2,1353497,9,845300,-1
35679.793,2,1353501,40,931500,-1
35679.858,2,1332520,600,829900,-1
35679.879,1,1357211,600,830200,-1
35679.943,1,1357282,400,830190,-1
35682.552,2,1336446,400,826010,1
35682.568,1,1359643,400,828210,1
35682.887,1,1359984,100,829000,1
35683.62,1,1360565,20,900000,-1
35683.752,1,1360685,40,931500,-1
35683.761,1,1360694,9,845300,-1
35684.018,1,1360941,100,829000,1
35686.818,2,1357211,600,830200,-1
35686.831,1,1363231,600,829800,-1
35690.91,2,1357282,400,830190,-1
35690.927,1,1366138,400,829790,-1
35690.96,4,1359984,100,829000,1
35690.96,4,1360941,100,829000,1
35691.119,2,1360565,20,900000,-1
35691.126,2,1360685,40,931500,-1
35691.127,2,1360694,9,845300,-1
35695.349,2,1359643,400,828210,1
35695.41,1,1369304,400,828220,1
35696.177,2,1353854,100,828200,1
35696.551,2,1369304,400,828220,1
35696.644,1,1370169,400,826010,1
35699.786,2,1366138,400,829790,-1
35699.974,1,1372596,400,829790,-1
35702.833,2,1284153,400,832100,-1
35702.836,1,1375004,400,831000,-1
35703.0,1,1375130,1000,828600,1
35703.394,2,1363231,600,829800,-1
35703.41,1,1375479,600,829500,-1
35703.472,2,1372596,400,829790,-1
35703.488,1,1375538,400,829490,-1
35703.635,1,1375665,40,931500,-1
35703.767,1,1375786,20,900000,-1
35703.777,1,1375796,9,845300,-1
35704.433,2,1332521,1000,826000,1
35704.446,1,1376431,1000,825100,1
35705.308,4,1375130,1000,828600,1
35705.731,2,1375665,40,931500,-1
35705.739,2,1375786,20,900000,-1
35705.741,2,1375796,9,845300,-1
35706.954,2,1375004,400,831000,-1
35706.956,2,1276377,500,826000,1
35706.976,1,1378873,200,830400,-1
35706.979,1,1378876,500,824800,1
35710.214,2,1375479,600,829500,-1
35710.217,1,1382130,600,829100,-1
35710.285,2,1375538,400,829490,-1
35710.301,1,1382204,400,829100,-1
35712.022,2,1382204,400,829100,-1
35712.036,1,1383704,400,829090,-1
35717.066,2,1378873,200,830400,-1
35717.068,2,1378876,500,824800,1
35717.086,1,1387661,200,829700,-1
35717.089,1,1387662,500,823400,1
35717.829,2,1301870,10,832800,-1
35719.831,1,1389885,1000,828890,-1
35719.893,2,1383704,400,829090,-1
35720.141,1,1390165,1000,828900,-1
35720.937,2,1389885,1000,828890,-1
35720.968,2,1390165,1000,828900,-1
35721.05,1,1390905,400,829090,-1
35722.993,2,1382130,600,829100,-1
35723.009,1,1392384,600,829000,-1
35723.035,2,1390905,400,829090,-1
35723.065,1,1392433,400,828990,-1
35724.124,5,1377510,200,828150,-1
35724.566,2,1392384,600,829000,-1
35724.569,2,1392433,400,828990,-1
35724.57,1,1393599,600,829100,-1
35724.584,1,1393610,400,829100,-1
35726.034,2,1393599,600,829100,-1
35726.043,1,1394641,600,829200,-1
35726.792,2,1393610,400,829100,-1
35726.816,1,1395288,400,829190,-1
35727.971,2,1394641,600,829200,-1
35727.989,1,1396088,600,829400,-1
35729.213,2,1387661,200,829700,-1
35729.216,1,1397132,200,830000,-1
35733.203,1,1399661,500,827500,1
35733.3,2,1370169,400,826010,1
35733.315,1,1399725,400,827510,1
35734.886,2,1396088,600,829400,-1
35734.893,1,1400919,600,829200,-1
35736.927,2,1399661,500,827500,1
35737.956,1,1403167,1000,780000,1
35739.873,1,1404734,500,827520,1
35739.971,2,1399725,400,827510,1
35739.987,1,1404791,400,827530,1
35740.878,1,1405547,1000,828900,-1
35741.201,2,1404734,500,827520,1
35743.449,2,1400919,600,829200,-1
35743.466,1,1408103,600,828900,-1
35743.628,1,1408239,300,828500,-1
35743.86,2,1397132,200,830000,-1
35743.878,1,1408547,200,829400,-1
35747.236,2,1387662,500,823400,1
35747.271,1,1411244,500,821800,1
35750.243,2,1408547,200,829400,-1
35750.265,1,1413942,200,829100,-1
35751.311,2,1405547,1000,828900,-1
35752.289,2,1408103,600,828900,-1
35752.305,1,1415845,600,829200,-1
35752.738,2,1413942,200,829100,-1
35752.753,1,1416309,200,829300,-1
35754.671,2,1415845,600,829200,-1
35754.677,1,1418211,600,829400,-1
35758.09,2,1416309,200,829300,-1
35758.098,1,1420958,200,829600,-1
35758.813,5,1408255,200,828450,-1
35758.813,5,1419694,100,828450,-1
35759.063,5,1408425,200,828460,-1
35759.103,5,1408425,100,828460,-1
35759.313,5,1408425,200,828460,-1
35759.357,5,1408440,50,828460,-1
35759.357,4,1408239,50,828500,-1
35759.563,4,1408239,100,828500,-1
35762.256,2,1418211,600,829400,-1
35762.259,1,1424124,600,829200,-1
35762.692,1,1424414,1000,828900,-1
35763.156,2,1424414,1000,828900,-1
35764.104,2,1420958,200,829600,-1
35764.115,1,1425497,200,829300,-1
35767.128,1,1427766,500,828800,-1
35768.908,2,1424124,600,829200,-1
35768.911,1,1429091,600,828900,-1
35769.565,4,1408239,100,828500,-1
35769.574,2,1429091,600,828900,-1
35769.579,1,1429558,600,829100,-1
35770.003,2,1425497,200,829300,-1
35770.015,1,1429923,200,829100,-1
35770.95,2,1429923,200,829100,-1
35770.957,1,1430630,200,829300,-1
35771.407,2,1429558,600,829100,-1
35771.41,1,1430960,600,829200,-1
35771.983,2,1427766,500,828800,-1
35772.983,2,1430960,600,829200,-1
35773.004,1,1432353,600,829400,-1
35776.686,2,1430630,200,829300,-1
35776.695,1,1435497,200,829600,-1
35777.707,2,1435497,200,829600,-1
35777.731,1,1436294,200,829900,-1
35779.115,2,1432353,600,829400,-1
35779.119,1,1437539,600,829600,-1
35780.172,2,1408239,50,828500,-1
35786.87,2,1437539,600,829600,-1
35786.873,1,1444078,600,829300,-1
35789.397,2,1444078,600,829300,-1
35789.402,1,1446003,600,829500,-1
35798.708,1,1453029,1000,828800,-1
35800.039,2,1446003,600,829500,-1
35800.042,2,1376431,1000,825100,1
35800.056,1,1453980,600,829800,-1
35800.058,1,1453982,1000,826200,1
35801.57,1,1455148,500,828300,1
35802.044,1,1455517,800,828900,-1
35802.621,1,1455999,9,845300,-1
35802.7,1,1456083,500,828400,1
35802.75,1,1456131,40,931500,-1
35802.759,1,1456145,20,900000,-1
35803.091,5,1448879,50,828700,-1
35803.309,1,1456577,150,828500,1
35803.875,2,1455517,800,828900,-1
35804.053,2,1453982,1000,826200,1
35804.066,1,1457298,1000,825300,1
35804.936,2,1453029,1000,828800,-1
35805.191,1,1458423,100,828900,-1
35806.417,2,1453980,600,829800,-1
35806.432,1,1459574,600,829000,-1
35806.881,1,1459990,300,828810,-1
35807.035,2,1436294,200,829900,-1
35807.052,1,1460139,200,829400,-1
35807.699,4,1456577,100,828500,1
35807.748,4,1456577,50,828500,1
35807.748,4,1456083,350,828400,1
35807.93,2,1459574,600,829000,-1
35807.932,1,1460877,600,829200,-1
35808.062,2,1458423,100,828900,-1
35809.587,4,1456083,150,828400,1
35809.587,1,1462301,350,828400,-1
35810.334,2,1459990,300,828810,-1
35810.571,2,1460877,600,829200,-1
35810.587,1,1463177,600,829400,-1
35812.315,1,1464656,500,828500,-1
35812.578,4,1462301,100,828400,-1
35812.603,4,1455148,500,828300,1
35812.603,1,1464887,500,828300,-1
35812.696,2,1455999,9,845300,-1
35812.705,2,1456131,40,931500,-1
35812.707,2,1456145,20,900000,-1
35813.406,2,1460139,200,829400,-1
35813.42,1,1465600,200,829700,-1
35814.974,4,1464887,100,828300,-1
35816.05,4,1464887,400,828300,-1
35817.141,2,1404791,400,827530,1
35817.156,1,1468647,400,827540,1
35819.933,4,1462301,100,828400,-1
35820.356,2,1464656,500,828500,-1
35820.754,1,1471655,700,828400,-1
35821.974,2,1471655,700,828400,-1
35823.217,2,1465600,200,829700,-1
35823.226,1,1474134,200,830200,-1
35823.816,2,1463177,600,829400,-1
35823.821,1,1474710,600,829700,-1
35824.754,4,1462301,100,828400,-1
35825.662,2,944080,2000,823500,1
35826.079,1,1476700,2000,823700,1
35827.109,2,1395288,400,829190,-1
35833.207,2,1411244,500,821800,1
35833.218,1,1482784,500,824100,1
35835.035,4,1462301,50,828400,-1
35835.096,1,1484383,300,829690,-1
35837.189,1,1486358,100,828500,1
35837.488,1,1486654,40,931500,-1
35837.64,2,1474710,600,829700,-1
35837.673,1,1486868,600,830100,-1
35837.676,2,1457298,1000,825300,1
35837.679,1,1486876,9,845300,-1
35837.691,1,1486897,20,900000,-1
35837.706,1,1486922,1000,826700,1
35840.716,2,1486868,600,830100,-1
35840.738,1,1490227,900,830800,-1
35841.152,2,1474134,200,830200,-1
35841.17,1,1490761,200,830800,-1
35842.768,2,1486654,40,931500,-1
35842.77,2,1486876,9,845300,-1
35842.773,2,1486897,20,900000,-1
35844.388,2,1482784,500,824100,1
35844.414,1,1494069,500,825800,1
35845.254,2,1486922,1000,826700,1
35845.276,1,1495025,1000,827600,1
35850.937,2,1484383,300,829690,-1
35850.986,1,1500462,400,830790,-1
35851.998,2,1495025,1000,827600,1
35852.0,1,1501334,1000,827300,1
35857.192,2,1486358,100,828500,1
35857.353,5,1503772,250,828650,1
35859.572,2,1490761,200,830800,-1
35859.59,1,1508105,400,831500,-1
35869.574,2,1501334,1000,827300,1
35869.584,1,1517421,1000,827000,1
35885.28,1,1529747,600,828000,1
35885.6,1,1529987,9,845300,-1
35885.72,1,1530117,20,900000,-1
35885.729,1,1530127,40,931500,-1
35886.409,5,1529792,200,828050,1
35886.409,5,1529793,450,828040,1
35886.409,5,1529842,350,828040,1
35889.19,1,1532941,100,828000,1
35891.644,5,1529842,50,828040,1
35897.182,2,1532941,100,828000,1
35898.217,1,1540735,100,828000,1
35908.287,1,1549032,500,828010,1
35908.333,1,1549078,500,829270,-1
35908.392,2,1500462,400,830790,-1
35908.42,1,1549195,400,829260,-1
35908.671,5,1537216,500,828100,1
35908.671,5,1529842,100,828040,1
35908.671,4,1549032,100,828010,1
35909.743,2,1549078,500,829270,-1
35909.902,2,1517421,1000,827000,1
35909.917,1,1550822,1000,827500,1
35911.453,2,1468647,400,827540,1
35911.456,2,1549195,400,829260,-1
35911.459,4,1549032,400,828010,1
35911.483,1,1552431,400,829250,-1
35911.895,1,1552910,500,829310,-1
35912.382,2,1552910,500,829310,-1
35912.908,1,1554004,1000,828090,-1
35914.173,2,1494069,500,825800,1
35914.19,4,1554004,300,828090,-1
35914.19,1,1555297,500,826900,1
35914.542,4,1554004,100,828090,-1
35914.597,2,1554004,600,828090,-1
35914.841,2,1552431,400,829250,-1
35914.912,1,1556081,400,830790,-1
35915.128,1,1556291,500,829330,-1
35915.188,2,1556081,400,830790,-1
35915.703,1,1556988,400,829320,-1
35915.999,2,1556291,500,829330,-1
35916.304,1,1557628,500,829210,-1
35916.341,2,1556988,400,829320,-1
35916.358,1,1557702,400,829200,-1
35916.655,2,1557628,500,829210,-1
35916.825,2,1557702,400,829200,-1
35916.873,1,1558296,400,830790,-1
35916.952,1,1558362,500,829020,-1
35917.029,2,1558296,400,830790,-1
35917.064,4,1529747,300,828000,1
35917.797,4,1529747,300,828000,1
35917.797,4,1540735,100,828000,1
35917.859,1,1559295,400,827510,1
35917.885,2,1529987,9,845300,-1
35917.894,2,1530117,20,900000,-1
35917.896,2,1530127,40,931500,-1
35918.197,1,1559673,100,827700,1
35919.968,2,1558362,500,829020,-1
35920.06,1,1561635,400,830790,-1
35920.372,1,1561956,500,829250,-1
35920.45,2,1561635,400,830790,-1
35921.122,2,1559295,400,827510,1
35921.854,1,1563472,9,845300,-1
35921.856,1,1563477,20,900000,-1
35921.859,1,1563480,40,931500,-1
35922.798,2,1561956,500,829250,-1
35922.841,1,1564393,400,830790,-1
35922.998,1,1564536,500,828960,-1
35923.059,2,1564393,400,830790,-1
35925.512,2,1490227,900,830800,-1
35925.516,1,1567274,900,831800,-1
35927.298,1,1569104,1000,828100,1
35929.372,1,1571054,1000,828500,1
35930.643,1,1572297,500,828600,-1
35931.019,2,1564536,500,828960,-1
35931.464,2,1550822,1000,827500,1
35931.483,1,1573184,1000,827300,1
35931.772,1,1573475,790,820000,1
35933.839,4,1571054,1000,828500,1
35933.976,2,1563472,9,845300,-1
35933.983,2,1563477,20,900000,-1
35933.984,2,1563480,40,931500,-1
35934.535,4,1572297,500,828600,-1
35934.606,1,1576187,400,831490,-1
35934.714,1,1576305,500,828770,-1
35934.868,1,1576478,200,828400,1
35936.041,1,1577627,1000,827800,1
35937.08,2,1573184,1000,827300,1
35937.083,1,1578679,1000,827500,1
35938.195,2,1559673,100,827700,1
35939.222,1,1580552,100,827700,1
35939.256,1,1580586,150,830000,-1
35940.52,1,1581839,9,845300,-1
35940.658,1,1581983,20,900000,-1
35940.666,1,1581998,40,931500,-1
35941.68,2,1576305,500,828770,-1
35941.715,2,1576187,400,831490,-1
35941.733,1,1583045,400,829990,-1
35942.088,1,1583374,500,828570,-1
35942.314,2,1555297,500,826900,1
35942.325,1,1583601,500,826600,1
35942.608,2,1583374,500,828570,-1
35943.045,5,1583870,50,828450,1
35943.045,1,1584281,450,828440,-1
35943.412,2,1584281,450,828440,-1
35943.509,1,1584689,450,828410,-1
35943.809,4,1576478,100,828400,1
35944.092,2,1584689,450,828410,-1
35944.417,1,1585541,1000,828410,1
35944.604,1,1585696,450,828510,-1
35944.883,2,1581839,9,845300,-1
35944.89,2,1581983,20,900000,-1
35944.891,2,1581998,40,931500,-1
35945.595,2,1583045,400,829990,-1
35945.931,4,1585696,450,828510,-1
35945.931,1,1586834,550,828510,1
35946.043,1,1586935,400,829990,-1
35946.218,1,1587071,9,845300,-1
35946.332,1,1587160,20,900000,-1
35946.338,1,1587163,40,931500,-1
35947.144,1,1587865,500,828570,-1
35948.381,4,1586834,550,828510,1
35948.491,2,1587071,9,845300,-1
35948.499,2,1587160,20,900000,-1
35948.5,2,1587163,40,931500,-1
35949.165,2,1585541,1000,828410,1
35949.644,2,1569104,1000,828100,1
35951.258,4,1587865,200,828570,-1
35951.887,2,1576478,100,828400,1
35952.338,1,1592384,500,827810,1
35953.741,1,1593498,9,845300,-1
35953.919,1,1593644,20,900000,-1
35953.927,1,1593655,40,931500,-1
35959.225,2,1580552,100,827700,1
35960.191,1,1598580,100,827600,1
35961.641,2,1587865,300,828570,-1
35961.923,1,1600109,300,828500,-1
35962.164,2,1592384,500,827810,1
35962.353,2,1600109,300,828500,-1
35962.417,5,1600323,200,828700,-1
35962.593,1,1600675,300,828500,-1
35962.928,2,1600675,300,828500,-1
35963.127,1,1601196,300,828500,-1
35963.501,2,1601196,300,828500,-1
35963.595,1,1601614,300,828500,-1
35963.885,1,1601906,700,827900,1
35964.075,2,1601614,300,828500,-1
35964.179,1,1602123,1000,828100,1
35964.326,1,1602244,300,828700,-1
35964.719,2,1583601,500,826600,1
35964.726,1,1602580,500,826200,1
35964.894,2,1602244,300,828700,-1
35965.085,1,1602824,300,828700,-1
35965.352,2,1602824,300,828700,-1
35965.412,1,1603121,300,828700,-1
35965.832,2,1603121,300,828700,-1
35966.044,1,1603591,300,828700,-1
35966.702,2,1603591,300,828700,-1
35966.874,1,1604202,300,828700,-1
35967.093,2,1578679,1000,827500,1
35967.098,1,1604382,1000,827200,1
35967.184,2,1604202,300,828700,-1
35967.219,1,1604477,300,828700,-1
35967.847,2,1604477,300,828700,-1
35968.404,1,1605473,300,828700,-1
35968.873,2,1605473,300,828700,-1
35969.139,1,1606093,300,828700,-1
35969.636,2,1606093,300,828700,-1
35969.92,1,1606843,300,828700,-1
35970.692,2,1606843,300,828700,-1
35971.235,1,1607910,300,828110,-1
35971.433,4,1602123,200,828100,1
35972.056,4,1602123,300,828100,1
35972.676,2,1607910,300,828110,-1
35973.121,2,1604382,1000,827200,1
35973.123,1,1609473,1000,827500,1
35973.156,1,1609497,300,828290,-1
35973.629,4,1602123,200,828100,1
35973.681,2,1609497,300,828290,-1
35973.993,1,1610244,300,828280,-1
35974.072,2,1609473,1000,827500,1
35974.074,1,1610332,1000,827300,1
35974.106,4,1602123,300,828100,1
35974.289,2,1610244,300,828280,-1
35974.312,2,1577627,1000,827800,1
35974.322,2,1586935,400,829990,-1
35974.338,1,1610556,100,828270,-1
35974.425,1,1610627,300,828290,-1
35974.757,2,1610627,300,828290,-1
35975.258,1,1611358,300,828100,-1
35975.51,5,1596894,100,827910,1
35975.742,2,1611358,300,828100,-1
35975.882,1,1611922,300,828240,-1
35975.932,2,1610556,100,828270,-1
35975.95,1,1611995,100,828230,-1
35976.185,2,1598580,100,827600,1
35976.336,2,1601906,700,827900,1
35976.462,2,1593498,9,845300,-1
35976.469,2,1593644,20,900000,-1
35976.472,2,1593655,40,931500,-1
35976.928,2,1611922,300,828240,-1
35976.974,1,1612800,500,827610,1
35977.164,1,1612945,300,828220,-1
35977.2,2,1611995,100,828230,-1
35977.203,1,1612984,100,827600,1
35977.23,1,1613007,100,828210,-1
35977.636,2,1612945,300,828220,-1
35977.651,2,1613007,100,828210,-1
35977.685,1,1613371,400,829990,-1
35978.191,1,1613721,300,828320,-1
35978.398,2,1613721,300,828320,-1
35978.507,1,1613947,300,828330,-1
35978.678,2,1613947,300,828330,-1
35978.927,1,1614302,300,828290,-1
35979.172,2,1612984,100,827600,1
35979.27,2,1614302,300,828290,-1
35979.381,1,1614687,300,828330,-1
35979.57,2,1614687,300,828330,-1
35979.646,1,1614922,300,828310,-1
35979.915,2,1614922,300,828310,-1
35980.183,1,1615318,100,827600,1
35980.272,1,1615383,300,828350,-1
35980.969,2,1615383,300,828350,-1
35981.177,1,1616066,300,828300,-1
35981.411,2,1610332,1000,827300,1
35981.415,1,1616277,1000,827100,1
35981.428,2,1616066,300,828300,-1
35981.5,1,1616337,300,828290,-1
35981.654,2,1616337,300,828290,-1
35981.828,1,1616608,300,828250,-1
35982.183,2,1615318,100,827600,1
35982.507,2,1616608,300,828250,-1
35983.14,1,1617687,300,828220,-1
35983.162,1,1617705,100,827600,1
35983.203,2,1617705,100,827600,1
35983.516,2,1617687,300,828220,-1
