34204.641,1,194707,400,795500,1
34204.657,1,194711,400,805400,-1
34226.71,2,194711,400,805400,-1
34226.73,1,208775,400,804890,-1
34227.426,1,209145,1000,797000,1
34227.464,2,194707,400,795500,1
34227.495,1,209184,100,797010,1
34231.921,1,211723,1000,797200,1
34231.98,2,209184,100,797010,1
34232.011,1,211775,100,797210,1
34234.365,2,127744,100,720000,1
34234.37,2,142763,250,580000,1
34234.675,2,209145,1000,797000,1
34236.531,2,135878,300,794100,1
34237.217,2,211723,1000,797200,1
34238.756,1,215107,2,810000,-1
34238.828,1,215142,300,793200,1
34241.236,1,216264,1000,800000,-1
34241.291,2,208775,400,804890,-1
34241.325,1,216310,100,800000,-1
34242.403,2,216310,100,800000,-1
34246.343,1,218948,100,800000,-1
34248.038,2,216264,1000,800000,-1
34249.559,2,218948,100,800000,-1
34249.591,1,220843,100,800000,-1
34252.689,2,220843,100,800000,-1
34252.721,1,222604,400,799990,-1
34253.028,2,222604,400,799990,-1
34253.06,1,222795,100,799980,-1
34253.529,2,215107,2,810000,-1
34253.747,2,222795,100,799980,-1
34253.778,1,223194,400,804890,-1
34254.51,2,135871,300,806000,-1
34261.772,1,227693,2,810000,-1
34264.045,2,227693,2,810000,-1
34265.12,1,229705,300,804900,-1
34266.758,1,230706,2,810000,-1
34276.294,2,229705,300,804900,-1
34276.525,2,230706,2,810000,-1
34277.722,1,238408,300,806000,-1
34296.931,2,211775,100,797210,1
34296.933,2,223194,400,804890,-1
34309.228,1,258579,400,794400,1
34309.231,1,258581,400,804890,-1
34312.876,2,215142,300,793200,1
34320.014,2,238408,300,806000,-1
34321.702,1,266608,100,800100,1
34321.792,2,258579,400,794400,1
34324.109,1,268194,1000,801700,-1
34325.968,1,269390,300,794400,1
34326.698,1,269840,2,810000,-1
34327.931,5,270113,200,801660,-1
34327.931,4,268194,300,801700,-1
34328.227,1,270723,100,800110,1
34328.694,5,270582,400,800650,1
34328.694,1,271006,600,800500,-1
34328.707,2,268194,700,801700,-1
34330.679,2,271006,600,800500,-1
34332.031,1,272800,1000,800660,-1
34333.507,1,273838,300,808900,-1
34334.696,2,270723,100,800110,1
34338.105,2,272800,1000,800660,-1
34338.844,1,277858,400,800110,1
34341.476,1,279497,1000,803900,-1
34341.524,2,258581,400,804890,-1
34341.541,1,279534,400,803900,-1
34349.053,2,279497,1000,803900,-1
34349.143,2,266608,100,800100,1
34350.869,2,277858,400,800110,1
34350.901,2,279534,400,803900,-1
34350.981,2,269840,2,810000,-1
34354.934,1,289229,800,801900,-1
34362.099,1,294075,100,800100,1
34362.684,1,294447,2,810000,-1
34364.769,2,294075,100,800100,1
34364.912,2,294447,2,810000,-1
34373.209,1,301216,400,801800,-1
34397.276,2,301216,400,801800,-1
34408.469,2,289229,800,801900,-1
34428.022,1,343280,400,795100,1
34428.026,1,343286,400,804890,-1
34433.863,2,269390,300,794400,1
34440.039,1,353112,300,795100,1
34445.608,2,353112,300,795100,1
34446.512,1,358050,300,794400,1
34450.018,2,358050,300,794400,1
34450.652,1,361302,300,794400,1
34462.027,2,361302,300,794400,1
34462.554,1,371168,300,795100,1
34473.655,1,380011,1000,801000,1
34474.67,1,380901,2,810000,-1
34475.784,5,380028,100,801150,1
34483.861,5,380047,100,801050,1
34484.077,5,380047,100,801050,1
34484.077,4,380011,200,801000,1
34484.705,1,388781,500,801490,-1
34484.771,2,343286,400,804890,-1
34484.786,1,388856,400,801480,-1
34485.614,4,380011,300,801000,1
34485.629,2,388781,500,801490,-1
34485.711,1,389442,500,801470,-1
34485.847,2,388856,400,801480,-1
34485.863,1,389574,400,801460,-1
34486.474,5,389583,200,801440,-1
34486.474,4,389574,300,801460,-1
34486.487,2,343280,400,795100,1
34486.49,2,389574,100,801460,-1
34488.0,4,389442,500,801470,-1
34494.67,1,395983,500,801010,1
34497.614,2,380901,2,810000,-1
34497.827,2,395983,500,801010,1
34502.667,1,401364,500,801010,1
34517.107,2,401364,500,801010,1
34517.193,1,413235,500,802220,1
34517.596,1,413489,2,810000,-1
34517.826,2,371168,300,795100,1
34517.991,2,273838,300,808900,-1
34518.058,1,413859,500,803320,-1
34518.449,2,413859,500,803320,-1
34518.573,1,414220,500,803330,-1
34518.663,2,414220,500,803330,-1
34518.697,1,414325,500,803310,-1
34519.413,2,414325,500,803310,-1
34519.584,1,414943,500,803340,-1
34519.874,2,414943,500,803340,-1
34520.243,2,413489,2,810000,-1
34520.447,1,415592,500,803390,-1
34520.67,2,415592,500,803390,-1
34520.722,1,415834,2,810000,-1
34520.792,1,415899,500,803370,-1
34521.314,2,415899,500,803370,-1
34521.384,1,416319,500,803330,-1
34521.561,2,416319,500,803330,-1
34521.633,1,416522,500,803200,-1
34522.232,2,415834,2,810000,-1
34522.236,2,416522,500,803200,-1
34522.291,1,417021,500,803210,-1
34522.435,1,417111,300,797200,1
34522.458,2,417021,500,803210,-1
34522.746,1,417309,500,803270,-1
34523.197,1,417633,300,808200,-1
34523.409,2,417309,500,803270,-1
34523.443,1,417810,500,803280,-1
34523.573,2,417810,500,803280,-1
34523.602,1,417931,500,803310,-1
34524.094,2,417931,500,803310,-1
34524.289,1,418449,500,803390,-1
34524.542,2,417633,300,808200,-1
34524.79,2,418449,500,803390,-1
34524.878,1,418945,500,803420,-1
34525.179,2,418945,500,803420,-1
34525.814,1,419650,500,803430,-1
34525.988,1,419794,300,808400,-1
34526.015,2,419650,500,803430,-1
34526.061,1,419844,500,803420,-1
34526.356,2,419844,500,803420,-1
34526.404,1,420127,500,803430,-1
34526.477,2,420127,500,803430,-1
34526.53,1,420240,500,803440,-1
34526.69,2,420240,500,803440,-1
34526.727,1,420413,2,810000,-1
34526.77,1,420448,500,803500,-1
34526.894,2,413235,500,802220,1
34526.963,2,420448,500,803500,-1
34527.046,1,420678,500,802510,1
34527.062,2,420413,2,810000,-1
34527.113,1,420740,500,803630,-1
34527.296,2,420740,500,803630,-1
34527.437,1,421024,500,803490,-1
34527.677,2,420678,500,802510,1
34527.689,2,421024,500,803490,-1
34527.757,1,421290,500,802260,1
34527.778,1,421313,500,803380,-1
34527.935,1,421449,1000,803300,-1
34527.975,2,421313,500,803380,-1
34528.03,2,417111,300,797200,1
34528.128,2,421449,1000,803300,-1
34528.505,1,421866,500,803400,-1
34528.662,1,421956,100,803000,-1
34528.668,1,421962,2,810000,-1
34528.815,2,421866,500,803400,-1
34533.099,1,425257,300,797300,1
34533.75,2,188517,500,804900,-1
34534.933,2,421290,500,802260,1
34534.987,1,426729,500,801950,1
34535.714,2,425257,300,797300,1
34536.338,1,427943,300,797000,1
34539.616,4,421956,100,803000,-1
34540.32,1,431275,500,803290,-1
34544.277,1,434250,1000,803100,-1
34544.709,2,431275,500,803290,-1
34545.751,2,426729,500,801950,1
34545.834,2,421962,2,810000,-1
34545.854,1,435402,500,802170,1
34546.078,2,434250,1000,803100,-1
34546.174,1,435707,2,810000,-1
34546.267,2,427943,300,797000,1
34546.37,1,435883,500,803290,-1
34546.446,1,435964,300,797200,1
34548.186,1,437508,1000,803100,-1
34548.322,2,435883,500,803290,-1
34550.149,2,437508,1000,803100,-1
34550.54,1,439339,500,803300,-1
34551.967,1,440427,1000,803300,-1
34552.784,2,435402,500,802170,1
34552.899,2,435707,2,810000,-1
34552.968,2,439339,500,803300,-1
34552.971,1,441238,500,802390,1
34553.291,2,441238,500,802390,1
34553.294,2,435964,300,797200,1
34553.305,2,440427,1000,803300,-1
34553.348,1,441583,400,808000,-1
34553.477,1,441681,500,802510,1
34553.493,1,441699,500,803660,-1
34553.548,2,441583,400,808000,-1
34553.558,1,441760,300,797400,1
34553.564,1,441763,200,803650,-1
34553.647,1,441827,2,810000,-1
34553.678,2,441699,500,803660,-1
34554.659,2,441827,2,810000,-1
34556.015,1,443959,500,803540,-1
34556.11,2,441763,200,803650,-1
34556.128,1,444057,200,803530,-1
34556.322,2,443959,500,803540,-1
34556.545,1,444429,500,803300,1
34556.559,4,444429,400,803300,1
34556.605,4,444429,100,803300,1
34556.793,2,441681,500,802510,1
34556.892,1,444804,400,801010,1
34556.952,1,444881,500,802510,1
34557.735,2,444057,200,803530,-1
34557.816,1,445737,400,808390,-1
34558.03,1,445931,500,803760,-1
34558.256,2,445931,500,803760,-1
34558.34,1,446269,500,803770,-1
34558.653,2,446269,500,803770,-1
34558.75,1,446687,500,803770,-1
34558.871,2,446687,500,803770,-1
34559.198,1,447086,500,803770,-1
34559.336,2,447086,500,803770,-1
34559.387,1,447221,500,803790,-1
34559.465,2,447221,500,803790,-1
34559.575,1,447378,500,803800,-1
34559.676,2,447378,500,803800,-1
34560.021,1,447806,500,803840,-1
34560.342,2,447806,500,803840,-1
34560.493,1,448234,500,803850,-1
34560.657,2,448234,500,803850,-1
34560.75,1,448505,500,803840,-1
34561.007,2,448505,500,803840,-1
34561.104,1,448839,500,803860,-1
34561.282,2,448839,500,803860,-1
34561.335,1,449042,500,803830,-1
34564.347,2,449042,500,803830,-1
34564.591,1,451943,500,804040,-1
34567.668,1,454873,2,810000,-1
34576.535,1,462832,900,802600,1
34576.696,2,444881,500,802510,1
34576.839,1,463111,500,802610,1
34577.048,2,445737,400,808390,-1
34577.071,1,463310,400,804030,-1
34577.376,2,451943,500,804040,-1
34577.406,1,463614,500,803940,-1
34577.484,2,463310,400,804030,-1
34577.502,1,463688,400,803930,-1
34577.549,2,463614,500,803940,-1
34577.647,1,463825,500,803890,-1
34577.783,2,463688,400,803930,-1
34577.816,1,464003,100,803880,-1
34577.901,2,462832,900,802600,1
34578.193,2,463825,500,803890,-1
34579.379,2,464003,100,803880,-1
34579.517,1,465553,400,808390,-1
34579.728,1,465738,500,804020,-1
34584.032,2,465738,500,804020,-1
34584.1,1,469512,500,803500,-1
34584.932,5,463124,200,802660,1
34584.932,5,469688,300,802650,1
34586.024,5,469688,200,802650,1
34586.024,4,463111,500,802610,1
34586.024,1,471296,100,802400,-1
34586.115,2,454873,2,810000,-1
34586.134,5,471322,100,802350,-1
34586.149,2,469512,500,803500,-1
34586.248,5,471322,100,802350,-1
34586.397,4,471296,100,802400,-1
34586.589,1,471830,500,803520,-1
34589.28,2,444804,400,801010,1
34589.625,1,474762,400,801010,1
34589.655,2,441760,300,797400,1
34590.723,2,471830,500,803520,-1
34590.864,1,475874,500,803260,-1
34592.905,1,477615,300,797000,1
34594.659,2,475874,500,803260,-1
34594.756,1,479409,500,803480,-1
34599.758,1,484003,700,802600,1
34599.798,1,484044,200,803300,1
34599.873,2,479409,500,803480,-1
34600.097,1,484305,2,810000,-1
34600.158,1,484365,500,803710,-1
34601.13,2,477615,300,797000,1
34601.201,2,484003,700,802600,1
34601.426,4,484044,200,803300,1
34601.562,2,484305,2,810000,-1
34601.633,2,419794,300,808400,-1
34601.703,2,465553,400,808390,-1
34601.722,1,485862,400,803700,-1
34602.017,2,484365,500,803710,-1
34602.225,1,486359,500,803520,-1
34602.314,2,485862,400,803700,-1
34602.328,1,486439,400,803510,-1
34602.573,2,486359,500,803520,-1
34604.049,1,488129,500,803490,-1
34604.079,2,486439,400,803510,-1
34604.113,1,488204,400,803480,-1
34604.399,2,488129,500,803490,-1
34604.89,1,488982,500,803460,-1
34604.969,2,488204,400,803480,-1
34604.984,1,489077,400,803450,-1
34605.366,2,488982,500,803460,-1
34605.679,1,489720,300,797000,1
34605.894,1,489957,300,807600,-1
34613.809,1,496845,500,803410,-1
34613.843,2,489077,400,803450,-1
34613.859,1,496887,400,803400,-1
34614.128,2,496845,500,803410,-1
34614.208,1,497164,500,803370,-1
34614.311,2,496887,400,803400,-1
34614.329,1,497266,400,803360,-1
34614.365,2,497164,500,803370,-1
34614.538,1,497466,500,803350,-1
34614.609,2,497266,400,803360,-1
34614.625,1,497541,400,803340,-1
34614.725,2,497466,500,803350,-1
34614.852,1,497761,500,803290,-1
34614.877,2,497541,400,803340,-1
34614.89,1,497797,400,803280,-1
34615.186,2,497761,500,803290,-1
34615.646,1,498382,500,803230,-1
34615.703,2,497797,400,803280,-1
34615.721,1,498452,400,803220,-1
34616.022,2,498382,500,803230,-1
34616.327,1,498993,500,802010,1
34616.659,1,499275,2,810000,-1
34627.136,2,499275,2,810000,-1
34628.767,1,509634,500,803190,-1
34628.87,2,509634,500,803190,-1
34628.874,2,498452,400,803220,-1
34628.89,1,509775,300,803180,-1
34630.517,1,511102,700,802500,1
34630.965,2,498993,500,802010,1
34631.75,1,512076,2,810000,-1
34631.983,2,489957,300,807600,-1
34632.659,2,512076,2,810000,-1
34633.06,2,509775,300,803180,-1
34633.102,1,513285,300,808200,-1
34633.186,1,513348,400,808190,-1
34633.431,1,513590,500,803430,-1
34633.799,2,513590,500,803430,-1
34633.804,2,513285,300,808200,-1
34633.916,1,513949,500,803410,-1
34634.268,2,513949,500,803410,-1
34634.317,1,514246,500,803400,-1
34634.428,2,514246,500,803400,-1
34634.466,1,514369,500,803390,-1
34634.558,1,514472,300,808900,-1
34634.919,2,514369,500,803390,-1
34635.471,1,515235,500,803400,-1
34635.868,2,515235,500,803400,-1
34636.07,1,515748,500,803410,-1
34636.442,2,515748,500,803410,-1
34636.539,1,516097,500,803390,-1
34636.773,2,516097,500,803390,-1
34636.97,1,516513,500,803410,-1
34637.132,2,516513,500,803410,-1
34637.302,1,516778,500,803430,-1
34637.537,2,516778,500,803430,-1
34637.544,1,516923,500,802510,1
34637.7,1,517037,500,803420,-1
34637.881,2,517037,500,803420,-1
34638.083,1,517314,500,803420,-1
34638.586,2,517314,500,803420,-1
34638.811,1,517889,500,803440,-1
34639.241,2,517889,500,803440,-1
34639.459,1,518413,500,803550,-1
34639.522,2,514472,300,808900,-1
34639.529,2,513348,400,808190,-1
34639.545,1,518492,300,803540,-1
34639.66,2,518413,500,803550,-1
34639.679,5,516942,200,802560,1
34639.679,5,511129,500,802540,1
34639.679,4,516923,500,802510,1
34639.685,1,518638,2,810000,-1
34639.771,1,518758,300,808000,-1
34639.781,1,518776,500,803470,-1
34639.927,4,511102,200,802500,1
34640.204,2,518776,500,803470,-1
34640.303,1,519265,500,803460,-1
34640.644,2,519265,500,803460,-1
34640.71,1,519605,500,803470,-1
34640.9,2,519605,500,803470,-1
34641.004,1,519897,500,803460,-1
34641.128,2,519897,500,803460,-1
34641.412,1,520221,500,803450,-1
34641.682,2,520221,500,803450,-1
34641.872,1,520723,500,803380,-1
34642.152,2,520723,500,803380,-1
34642.241,1,521041,500,803340,-1
34642.629,2,521041,500,803340,-1
34642.702,1,521435,500,803390,-1
34643.192,2,521435,500,803390,-1
34643.246,1,521915,500,803400,-1
34643.631,2,521915,500,803400,-1
34643.816,1,522358,500,803340,-1
34643.93,2,522358,500,803340,-1
34644.011,1,522541,500,803330,-1
34644.442,2,522541,500,803330,-1
34644.54,1,522918,500,803310,-1
34644.71,2,522918,500,803310,-1
34644.834,1,523179,500,803310,-1
34645.014,2,523179,500,803310,-1
34645.11,1,523386,500,803320,-1
34645.639,2,523386,500,803320,-1
34645.763,1,523838,500,803310,-1
34645.956,2,523838,500,803310,-1
34646.044,1,524107,500,803280,-1
34646.216,2,524107,500,803280,-1
34646.264,1,524274,500,803290,-1
34646.711,2,524274,500,803290,-1
34647.106,1,525156,500,803410,-1
34647.521,2,525156,500,803410,-1
34647.961,1,526016,500,803180,-1
34648.273,1,526340,200,803000,1
34648.343,2,526016,500,803180,-1
34648.651,1,526720,500,803200,-1
34648.826,4,526340,200,803000,1
34649.073,2,526720,500,803200,-1
34649.448,1,527631,500,803180,-1
34649.76,2,527631,500,803180,-1
34650.158,2,511102,500,802500,1
34650.207,1,528362,500,803110,-1
34650.286,2,518638,2,810000,-1
34650.712,2,528362,500,803110,-1
34650.96,1,529224,500,803070,-1
34651.195,2,529224,500,803070,-1
34651.397,1,529622,500,803070,-1
34651.531,2,529622,500,803070,-1
34651.648,1,529856,500,803060,-1
34652.494,2,529856,500,803060,-1
34652.758,1,530861,500,803000,-1
34659.432,1,536676,300,802900,-1
34659.64,2,536676,300,802900,-1
34659.684,2,530861,500,803000,-1
34659.769,1,536936,500,803490,-1
34659.81,2,518492,300,803540,-1
34659.825,1,536995,400,803480,-1
34660.053,2,536936,500,803490,-1
34660.086,1,537216,500,803470,-1
34660.138,2,536995,400,803480,-1
34660.155,1,537275,400,803460,-1
34660.626,2,537216,500,803470,-1
34660.763,1,537710,500,803450,-1
34660.794,2,537275,400,803460,-1
34660.811,1,537766,400,803500,-1
34661.935,2,537766,400,803500,-1
34663.657,1,540206,200,803440,-1
34663.765,2,537710,500,803450,-1
34663.908,1,540458,500,803430,-1
34663.936,2,540206,200,803440,-1
34663.955,1,540505,200,803420,-1
34664.198,2,540458,500,803430,-1
34664.267,1,540797,500,803410,-1
34664.371,2,540505,200,803420,-1
34664.388,1,540893,200,803400,-1
34664.659,2,540797,500,803410,-1
34664.818,1,541288,500,803390,-1
34664.972,1,541437,100,803500,-1
34666.828,2,540893,200,803400,-1
34667.397,2,541437,100,803500,-1
34669.778,1,545753,2,810000,-1
34669.967,1,545923,500,802010,1
34672.363,2,545923,500,802010,1
34672.454,1,547924,500,802530,1
34672.529,2,545753,2,810000,-1
34672.543,1,548011,2,810000,-1
34672.654,1,548108,400,803380,-1
34673.082,2,541288,500,803390,-1
34673.357,1,548730,500,803370,-1
34673.405,2,548108,400,803380,-1
34673.419,1,548798,400,803360,-1
34673.716,2,548730,500,803370,-1
34674.141,5,548376,300,803000,1
34674.682,1,549886,500,803350,-1
34674.793,2,548798,400,803360,-1
34674.811,1,549991,400,803340,-1
34675.125,2,549886,500,803350,-1
34675.302,1,550368,500,803330,-1
34675.373,2,549991,400,803340,-1
34675.392,1,550444,400,803320,-1
34675.588,2,550368,500,803330,-1
34675.781,1,550864,500,803310,-1
34675.825,2,550444,400,803320,-1
34675.842,1,550923,400,803300,-1
34675.909,2,547924,500,802530,1
34675.934,2,548011,2,810000,-1
34675.951,2,474762,400,801010,1
34676.047,2,489720,300,797000,1
34676.091,2,550864,500,803310,-1
34676.098,1,551147,500,802150,1
34676.3,1,551316,500,803290,-1
34676.374,2,550923,400,803300,-1
34676.388,1,551399,400,803280,-1
34676.545,2,551399,400,803280,-1
34676.548,1,551546,200,802160,1
34676.714,2,551147,500,802150,1
34676.855,1,551837,500,802230,1
34676.871,2,551546,200,802160,1
34676.905,1,551882,200,802240,1
34677.085,2,551837,500,802230,1
34677.405,1,552316,500,802250,1
34677.48,2,551882,200,802240,1
34677.498,1,552403,200,802260,1
34677.817,2,552316,500,802250,1
34678.092,1,552982,500,802390,1
34678.154,2,552403,200,802260,1
34678.169,1,553050,200,802400,1
34678.237,1,553130,1000,803600,-1
34678.487,2,552982,500,802390,1
34678.654,1,553455,500,802500,1
34678.67,2,553050,200,802400,1
34678.758,2,553130,1000,803600,-1
34681.328,1,555647,100,803000,-1
34681.559,2,551316,500,803290,-1
34681.992,1,556239,1000,803500,-1
34682.266,1,556456,1000,803000,-1
34682.268,2,556239,1000,803500,-1
34683.116,1,557106,300,797500,1
34684.684,1,558429,2,810000,-1
34685.198,2,556456,1000,803000,-1
34686.866,2,553455,500,802500,1
34686.918,1,560480,400,801010,1
34687.005,1,560592,500,802250,1
34687.107,2,558429,2,810000,-1
34694.513,1,566924,500,802920,-1
34694.657,2,566924,500,802920,-1
34694.762,1,567137,500,802910,-1
34695.132,1,567443,2,810000,-1
34695.257,2,560592,500,802250,1
34695.263,2,567137,500,802910,-1
34695.324,1,567609,500,802010,1
34695.332,1,567617,500,802870,-1
34695.737,2,567617,500,802870,-1
34695.885,1,568033,500,802860,-1
34695.995,2,557106,300,797500,1
34696.463,1,568425,300,797000,1
34696.668,2,568033,500,802860,-1
34696.986,1,568820,500,802790,-1
34697.223,2,568820,500,802790,-1
34697.357,1,569084,500,802770,-1
34697.521,2,569084,500,802770,-1
34697.555,2,567443,2,810000,-1
34697.598,1,569259,500,802780,-1
34697.662,2,569259,500,802780,-1
34697.741,1,569383,500,802760,-1
34698.249,2,569383,500,802760,-1
34698.288,1,569743,500,802770,-1
34698.978,2,569743,500,802770,-1
34699.122,1,570295,500,802790,-1
34699.89,2,570295,500,802790,-1
34699.93,1,570834,2,810000,-1
34700.05,1,570922,500,802850,-1
34700.668,4,567609,500,802010,1
34700.714,2,570922,500,802850,-1
34700.826,1,571459,500,802860,-1
34700.959,2,568425,300,797000,1
34701.083,1,571659,300,796000,1
34701.35,2,571459,500,802860,-1
34701.416,1,571904,500,802900,-1
34702.158,5,571330,300,802050,-1
34702.64,2,571904,500,802900,-1
34702.691,1,572792,500,802870,-1
34702.803,2,572792,500,802870,-1
34702.876,1,572930,500,802880,-1
34702.887,1,572940,400,802990,-1
34703.162,2,570834,2,810000,-1
34703.265,2,572930,500,802880,-1
34703.35,1,573260,500,802870,-1
34703.675,2,573260,500,802870,-1
34703.794,1,573492,500,802790,-1
34704.33,2,573492,500,802790,-1
34704.452,1,573901,500,802760,-1
34704.738,2,573901,500,802760,-1
34704.884,1,574234,500,802820,-1
34705.123,1,574386,2,810000,-1
34705.662,2,574234,500,802820,-1
34705.695,1,574743,500,802790,-1
34706.292,2,574743,500,802790,-1
34706.35,1,575117,500,802800,-1
34706.357,2,560480,400,801010,1
34706.645,2,575117,500,802800,-1
34706.724,1,575347,500,802830,-1
34706.844,2,575347,500,802830,-1
34706.889,1,575471,500,802840,-1
34707.611,2,575471,500,802840,-1
34707.674,1,575921,500,802850,-1
34708.074,2,575921,500,802850,-1
34708.125,1,576189,500,802860,-1
34708.209,2,576189,500,802860,-1
34708.233,1,576271,400,801010,1
34708.55,1,576434,500,802980,-1
34708.785,2,576434,500,802980,-1
34709.075,1,576728,500,802970,-1
34709.838,2,576728,500,802970,-1
34710.165,1,577470,500,802840,-1
34710.432,2,576271,400,801010,1
34710.698,2,577470,500,802840,-1
34710.807,1,577905,500,802870,-1
34711.657,2,577905,500,802870,-1
34711.713,1,578453,500,802830,-1
34712.066,2,578453,500,802830,-1
34712.102,1,578678,500,802820,-1
34712.257,2,578678,500,802820,-1
34712.332,1,578820,500,802820,-1
34712.455,2,578820,500,802820,-1
34712.525,1,578948,500,802780,-1
34712.643,2,578948,500,802780,-1
34712.701,1,579081,500,802770,-1
34713.373,2,579081,500,802770,-1
34713.483,1,579568,500,802760,-1
34713.683,2,579568,500,802760,-1
34713.799,1,579795,500,802910,-1
34714.402,2,579795,500,802910,-1
34715.527,1,581043,400,801010,1
34715.906,2,574386,2,810000,-1
34717.261,2,581043,400,801010,1
34718.297,1,582792,2,810000,-1
34718.542,1,582931,400,801010,1
34718.584,1,582951,500,802980,-1
34718.777,2,572940,400,802990,-1
34719.075,2,582951,500,802980,-1
34719.196,2,582792,2,810000,-1
34719.346,1,583509,500,802980,-1
34719.552,2,583509,500,802980,-1
34719.636,2,582931,400,801010,1
34719.644,1,583704,500,802980,-1
34720.52,1,584252,2,810000,-1
34720.871,2,583704,500,802980,-1
34721.273,1,584703,500,802960,-1
34721.277,1,584705,400,801010,1
34721.547,2,584703,500,802960,-1
34721.833,2,584252,2,810000,-1
34721.894,1,585159,500,802980,-1
34722.174,2,585159,500,802980,-1
34722.301,1,585479,500,802960,-1
34722.338,2,584705,400,801010,1
34722.549,2,585479,500,802960,-1
34722.849,1,585830,500,802950,-1
34723.336,2,585830,500,802950,-1
34723.414,1,586176,500,802940,-1
34723.551,2,586176,500,802940,-1
34723.73,1,586411,2,810000,-1
34723.855,1,586522,500,802950,-1
34724.176,2,586522,500,802950,-1
34724.479,1,587046,500,802890,-1
34724.87,1,587330,400,801010,1
34725.12,2,587330,400,801010,1
34725.37,1,587672,400,801010,1
34725.579,2,587672,400,801010,1
34725.59,2,587046,500,802890,-1
34725.736,1,587919,500,802870,-1
34725.807,1,587974,400,801010,1
34726.072,2,587919,500,802870,-1
34726.073,2,587974,400,801010,1
34726.197,1,588270,500,802740,-1
34726.386,1,588444,400,801010,1
34726.559,2,588444,400,801010,1
34726.7,2,588270,500,802740,-1
34726.836,1,588798,500,802770,-1
34727.306,1,589148,1000,803000,-1
34727.497,2,588798,500,802770,-1
34727.571,1,589291,500,802790,-1
34727.73,2,589291,500,802790,-1
34727.875,1,589485,500,802720,-1
34728.164,2,589485,500,802720,-1
34728.183,1,589666,400,801010,1
34728.212,1,589683,500,802690,-1
34728.266,2,589683,500,802690,-1
34728.311,1,589744,500,802690,-1
34728.338,2,589666,400,801010,1
34728.464,2,589744,500,802690,-1
34728.547,1,589880,500,802720,-1
34728.654,2,589880,500,802720,-1
34728.738,1,590004,500,802780,-1
34728.76,1,590023,400,801010,1
34729.032,2,590004,500,802780,-1
34729.08,1,590201,500,802590,-1
34729.088,2,590023,400,801010,1
34729.92,2,586411,2,810000,-1
34731.081,1,591541,300,801110,1
34731.416,1,591797,2,810000,-1
34736.597,2,589148,1000,803000,-1
34736.994,1,595162,100,801000,1
34737.086,2,595162,100,801000,1
34738.438,1,596065,1000,803000,-1
34738.965,1,596418,100,801110,1
34739.153,1,596549,400,802580,-1
34739.554,2,590201,500,802590,-1
34739.745,1,596986,500,802570,-1
34739.791,2,596549,400,802580,-1
34739.808,1,597024,400,802560,-1
34740.488,2,596986,500,802570,-1
34740.519,1,597516,500,802550,-1
34740.573,2,597024,400,802560,-1
34740.596,1,597571,400,802540,-1
34740.622,2,597516,500,802550,-1
34740.704,1,597637,500,802530,-1
34740.776,2,597571,400,802540,-1
34740.792,1,597707,400,802520,-1
34741.116,2,597637,500,802530,-1
34741.343,1,598134,500,802510,-1
34741.378,2,597707,400,802520,-1
34741.405,1,598204,400,802500,-1
34741.416,2,598204,400,802500,-1
34741.433,1,598228,400,802500,-1
34741.448,2,598228,400,802500,-1
34741.48,1,598278,400,802500,-1
34741.496,2,598278,400,802500,-1
34741.526,1,598318,400,802500,-1
34741.542,2,598318,400,802500,-1
34741.558,1,598354,400,802500,-1
34741.574,2,598354,400,802500,-1
34741.683,1,598462,400,802500,-1
34741.697,2,598462,400,802500,-1
34741.715,1,598483,400,802500,-1
34741.729,2,598483,400,802500,-1
34741.822,1,598563,400,802500,-1
34741.838,2,598563,400,802500,-1
34741.857,1,598591,400,802500,-1
34741.873,2,598591,400,802500,-1
34741.904,1,598632,400,802500,-1
34741.918,2,598632,400,802500,-1
34741.966,2,598134,500,802510,-1
34741.98,1,598707,400,802500,-1
34741.996,2,598707,400,802500,-1
34742.01,1,598729,400,802500,-1
34742.027,2,598729,400,802500,-1
34742.057,1,598755,400,802500,-1
34742.075,2,598755,400,802500,-1
34742.142,1,598821,500,802490,-1
34742.408,4,591541,100,801110,1
34746.625,2,596065,1000,803000,-1
34746.716,1,601738,1000,802400,-1
34746.79,2,591797,2,810000,-1
34746.889,2,598821,500,802490,-1
34747.148,1,602071,500,801990,-1
34748.683,1,603016,2,810000,-1
34751.868,2,591541,200,801110,1
34755.367,2,601738,1000,802400,-1
34759.083,1,609190,1000,802400,-1
34762.913,1,611476,100,801900,-1
34763.139,2,602071,500,801990,-1
34763.194,1,611659,500,801890,-1
34765.324,5,611674,200,801840,-1
34766.07,1,613327,1000,802100,-1
34766.174,2,609190,1000,802400,-1
34775.194,2,613327,1000,802100,-1
34776.234,1,620133,1000,801900,-1
34778.022,1,621302,200,801120,1
34779.237,2,620133,1000,801900,-1
34779.494,2,611659,500,801890,-1
34780.055,1,622883,1000,801900,-1
34781.16,2,622883,1000,801900,-1
34782.601,2,611476,100,801900,-1
34782.604,1,625096,100,801700,-1
34783.094,4,625096,100,801700,-1
34783.119,1,625478,300,802990,-1
34783.59,2,380011,500,801000,1
34783.709,1,626076,500,802190,-1
34784.186,2,626076,500,802190,-1
34784.491,1,626725,500,802330,-1
34784.777,2,626725,500,802330,-1
34785.063,1,627279,500,802260,-1
34785.332,2,627279,500,802260,-1
34785.557,1,627730,500,802320,-1
34788.766,2,627730,500,802320,-1
34788.827,2,596418,100,801110,1
34788.838,2,555647,100,803000,-1
34789.105,1,630970,500,802310,-1
34789.847,2,630970,500,802310,-1
34790.022,1,631742,500,802230,-1
34790.421,2,631742,500,802230,-1
34790.917,1,632475,500,802240,-1
34791.214,2,632475,500,802240,-1
34791.347,1,632836,500,802130,-1
34791.54,2,632836,500,802130,-1
34791.843,1,633314,500,802260,-1
34792.469,2,633314,500,802260,-1
34792.693,1,634008,500,802150,-1
34793.128,2,634008,500,802150,-1
34793.293,1,634511,500,802220,-1
34793.58,2,634511,500,802220,-1
34793.766,1,634950,500,802180,-1
34794.016,2,634950,500,802180,-1
34794.114,1,635218,500,802170,-1
34795.65,2,635218,500,802170,-1
34795.92,1,636575,500,802180,-1
34796.368,2,636575,500,802180,-1
34796.576,1,637181,500,802230,-1
34796.714,2,637181,500,802230,-1
34796.854,1,637406,500,802170,-1
34797.076,2,637406,500,802170,-1
34797.13,1,637612,500,802180,-1
34797.472,2,637612,500,802180,-1
34797.512,1,637857,500,802190,-1
34797.741,2,637857,500,802190,-1
34797.923,1,638135,500,802210,-1
34798.131,2,638135,500,802210,-1
34798.261,1,638379,500,802160,-1
34798.343,2,621302,200,801120,1
34798.358,2,638379,500,802160,-1
34798.399,1,638484,400,796500,1
34798.42,1,638502,200,801210,1
34798.429,2,603016,2,810000,-1
34798.441,1,638520,500,802250,-1
34798.583,2,638520,500,802250,-1
34798.952,1,638889,500,802250,-1
34799.651,2,638889,500,802250,-1
34799.948,1,639525,500,802310,-1
34800.308,2,639525,500,802310,-1
34800.48,1,639886,500,802320,-1
34800.641,2,639886,500,802320,-1
34800.892,1,640264,500,802300,-1
34801.418,2,640264,500,802300,-1
34801.616,1,640796,500,802340,-1
34801.985,2,640796,500,802340,-1
34802.17,1,641180,500,802320,-1
34802.432,2,641180,500,802320,-1
34802.463,1,641406,500,802330,-1
34802.755,2,641406,500,802330,-1
34802.96,1,641714,500,802250,-1
34803.153,2,641714,500,802250,-1
34803.202,1,641859,500,802240,-1
34804.162,2,641859,500,802240,-1
34804.497,1,642572,500,802260,-1
34804.737,2,642572,500,802260,-1
34804.876,1,642829,500,802310,-1
34805.013,2,642829,500,802310,-1
34805.06,1,642967,500,802300,-1
34805.63,2,642967,500,802300,-1
34805.723,1,643412,500,802250,-1
34805.894,2,643412,500,802250,-1
34805.904,1,643547,100,801300,1
34806.016,1,643619,500,802210,-1
34806.034,2,638502,200,801210,1
34806.14,1,643697,200,801310,1
34806.279,2,643619,500,802210,-1
34806.307,1,643844,500,802200,-1
34806.732,2,643844,500,802200,-1
34806.91,1,644474,500,802240,-1
34807.178,2,644474,500,802240,-1
34807.221,1,644677,500,802230,-1
34808.134,2,644677,500,802230,-1
34808.365,1,645464,500,802200,-1
34808.658,2,645464,500,802200,-1
34808.915,1,645887,500,802270,-1
34809.484,2,645887,500,802270,-1
34809.589,1,646444,500,802260,-1
34809.789,2,646444,500,802260,-1
34809.914,1,646728,500,802280,-1
34810.094,2,646728,500,802280,-1
34810.586,1,647286,500,802300,-1
34810.733,2,647286,500,802300,-1
34810.857,1,647497,500,802210,-1
34811.33,2,647497,500,802210,-1
34811.437,1,647992,500,802220,-1
34811.682,2,647992,500,802220,-1
34811.743,1,648221,500,802230,-1
34811.983,2,648221,500,802230,-1
34812.038,1,648429,500,802220,-1
34812.705,2,648429,500,802220,-1
34812.908,1,649010,500,802180,-1
34813.237,2,649010,500,802180,-1
34813.289,1,649269,500,802170,-1
34813.411,2,649269,500,802170,-1
34813.443,1,649392,500,802180,-1
34813.696,2,649392,500,802180,-1
34813.998,1,649755,500,802220,-1
34814.696,2,649755,500,802220,-1
34814.76,1,650305,500,802250,-1
34815.139,2,650305,500,802250,-1
34815.168,1,650520,500,802240,-1
34815.714,2,650520,500,802240,-1
34816.03,1,651185,500,802190,-1
34816.355,2,651185,500,802190,-1
34816.358,1,651410,1000,802000,-1
34817.881,2,651410,1000,802000,-1
34818.079,1,652578,500,802100,-1
34818.368,2,652578,500,802100,-1
34818.497,1,652904,500,802110,-1
34818.838,2,652904,500,802110,-1
34819.001,1,653213,500,802060,-1
34819.469,2,653213,500,802060,-1
34819.651,1,653604,500,802090,-1
34819.852,2,653604,500,802090,-1
34819.987,1,653868,500,802000,-1
34820.549,4,653868,500,802000,-1
34822.712,2,643697,200,801310,1
34823.269,1,656225,500,802000,1
34823.786,1,656600,2,810000,-1
34823.873,2,643547,100,801300,1
34823.975,5,656256,200,802050,1
34823.975,4,656225,100,802000,1
34824.501,2,656225,400,802000,1
34824.586,1,657205,500,801100,1
34824.641,2,656600,2,810000,-1
34824.767,2,571659,300,796000,1
34827.274,1,659917,300,796500,1
34833.541,2,657205,500,801100,1
34833.592,1,664939,500,801370,1
34834.946,1,665856,100,802300,-1
34837.144,1,667345,100,802400,-1
34837.458,2,665856,100,802300,-1
34839.261,2,667345,100,802400,-1
34839.932,1,669397,100,802200,-1
34842.907,1,671921,100,802300,-1
34848.164,2,669397,100,802200,-1
34848.272,2,625478,300,802990,-1
34848.288,1,675588,400,802290,-1
34848.658,2,664939,500,801370,1
34848.814,1,675999,500,801140,1
34848.851,2,638484,400,796500,1
34848.882,1,676041,300,801150,1
34848.968,2,675999,500,801140,1
34849.648,2,676041,300,801150,1
34849.694,1,676625,400,796600,1
34849.816,1,676713,500,801120,1
34850.044,2,659917,300,796500,1
34850.177,1,676974,300,796600,1
34850.752,1,677367,500,802280,-1
34850.866,2,675588,400,802290,-1
34850.882,1,677469,400,802270,-1
34850.968,2,677367,500,802280,-1
34851.037,1,677608,500,802260,-1
34851.069,2,677469,400,802270,-1
34851.085,1,677645,400,802250,-1
34851.572,2,677608,500,802260,-1
34851.711,1,678180,500,802240,-1
34851.787,2,677645,400,802250,-1
34851.805,1,678276,400,802230,-1
34852.046,2,678180,500,802240,-1
34852.103,1,678524,500,802220,-1
34852.21,2,678276,400,802230,-1
34852.241,1,678598,400,802210,-1
34852.485,2,678524,500,802220,-1
34852.518,1,678784,500,802200,-1
34852.569,2,678598,400,802210,-1
34852.586,1,678829,400,802190,-1
34852.959,1,679100,1000,801900,-1
34853.235,2,678784,500,802200,-1
34853.866,2,678829,400,802190,-1
34854.098,2,679100,1000,801900,-1
34854.136,1,680016,500,802290,-1
34855.099,2,671921,100,802300,-1
34855.26,2,676713,500,801120,1
34855.287,2,680016,500,802290,-1
34855.335,1,680792,400,807000,-1
34855.551,1,680927,600,803400,-1
34855.552,1,680929,1000,799600,1
34855.564,1,680940,500,800880,1
34855.586,1,680961,500,801890,-1
34855.619,2,680792,400,807000,-1
34855.648,1,681008,400,803390,-1
34856.116,1,681358,2,810000,-1
34856.334,2,676625,400,796600,1
34856.366,1,681502,300,800890,1
34856.417,2,680940,500,800880,1
34857.573,2,681358,2,810000,-1
34859.351,2,681502,300,800890,1
34859.362,2,676974,300,796600,1
34859.429,1,684025,500,800790,1
34860.019,1,684478,300,794600,1
34860.302,1,684649,2,810000,-1
34860.9,1,685042,100,801900,-1
34861.133,1,685196,1000,802000,-1
34863.271,2,684025,500,800790,1
34863.374,1,686807,500,801010,1
34863.398,2,684649,2,810000,-1
34863.476,1,686902,1000,801700,-1
34863.601,2,680961,500,801890,-1
34864.474,2,685042,100,801900,-1
34864.685,1,687786,2,810000,-1
34864.794,1,687859,500,801690,-1
34870.344,2,686807,500,801010,1
34870.425,1,691850,500,800790,1
34870.437,2,687786,2,810000,-1
34870.444,1,691863,400,799610,1
34871.747,1,693003,2,810000,-1
34872.941,1,693899,100,801700,-1
34873.643,2,691850,500,800790,1
34873.746,1,694563,500,800520,1
34873.807,2,693003,2,810000,-1
34873.866,2,691863,400,799610,1
34873.897,1,694666,400,800530,1
34874.06,2,694563,500,800520,1
34874.705,1,695247,2,810000,-1
34875.481,2,693899,100,801700,-1
34875.948,1,696299,100,801600,-1
34876.349,2,687859,500,801690,-1
34876.486,1,696835,500,801590,-1
34882.662,2,694666,400,800530,1
34882.72,2,695247,2,810000,-1
34882.756,1,702487,400,799610,1
34883.258,1,702831,500,800030,1
34883.703,1,703161,2,810000,-1
34887.349,2,702487,400,799610,1
34887.381,1,705834,400,800040,1
34887.65,2,685196,1000,802000,-1
34887.699,2,702831,500,800030,1
34887.78,1,706121,500,800170,1
34887.818,2,705834,400,800040,1
34887.849,1,706167,400,800180,1
34887.923,2,706121,500,800170,1
34889.828,1,707702,500,800260,1
34889.928,2,706167,400,800180,1
34889.959,1,707809,400,800270,1
34890.154,2,707702,500,800260,1
34891.11,1,708811,500,800280,1
34891.208,2,707809,400,800270,1
34891.239,1,708937,400,800290,1
34891.427,2,686902,1000,801700,-1
34891.766,2,708811,500,800280,1
34891.948,1,709572,500,800330,1
34891.974,2,708937,400,800290,1
34892.005,1,709622,400,800340,1
34892.25,2,709572,500,800330,1
34892.568,1,710026,1000,801200,-1
34892.704,2,696835,500,801590,-1
34892.803,1,710234,500,801190,-1
34892.974,2,709622,400,800340,1
34893.006,1,710409,400,799610,1
34893.065,2,703161,2,810000,-1
34893.151,1,710546,500,800320,1
34893.757,1,710989,2,810000,-1
34894.719,2,710546,500,800320,1
34894.852,2,710989,2,810000,-1
34894.876,1,711915,500,800550,1
34895.766,1,712793,2,810000,-1
34895.949,2,696299,100,801600,-1
34896.898,1,713859,100,801500,-1
34897.423,1,714330,1000,801200,-1
34898.224,1,714954,1000,801100,-1
34898.233,2,710026,1000,801200,-1
34898.414,2,710234,500,801190,-1
34898.693,2,710409,400,799610,1
34898.724,1,715323,400,800560,1
34898.89,2,711915,500,800550,1
34898.998,1,715502,500,800620,1
34899.21,2,680929,1000,799600,1
34899.233,1,715675,1000,799000,1
34902.194,2,712793,2,810000,-1
34903.62,2,714330,1000,801200,-1
34903.799,4,715502,500,800620,1
34906.853,1,721317,500,801090,-1
34907.075,2,680927,600,803400,-1
34907.089,1,721512,600,802700,-1
34908.172,2,714954,1000,801100,-1
34909.07,1,723261,1000,801300,-1
34909.26,1,723427,1000,801400,-1
34910.568,2,715323,400,800560,1
34910.646,1,724791,400,799010,1
34914.182,2,713859,100,801500,-1
34914.947,1,728760,100,801010,-1
34915.655,2,721317,500,801090,-1
34915.782,1,729475,500,801000,-1
34915.891,2,684478,300,794600,1
34916.225,2,728760,100,801010,-1
34916.46,2,723427,1000,801400,-1
34916.928,1,730414,100,801000,-1
34918.984,1,732021,200,800990,-1
34919.148,2,729475,500,801000,-1
34919.222,1,732188,500,800980,-1
34921.492,1,734160,300,795600,1
34926.307,2,723261,1000,801300,-1
34927.065,1,739298,1000,801000,-1
34927.585,2,721512,600,802700,-1
34927.589,2,715675,1000,799000,1
34927.609,1,739852,900,803700,-1
34927.611,1,739855,1000,799700,1
34927.68,2,724791,400,799010,1
34927.707,1,739971,400,799710,1
34930.131,1,741926,1000,800800,-1
34930.136,2,739298,1000,801000,-1
34930.618,2,732188,500,800980,-1
34931.7,2,741926,1000,800800,-1
34931.919,1,743282,500,800980,-1
34932.367,2,739852,900,803700,-1
34932.388,1,743667,1000,804700,-1
34932.805,2,734160,300,795600,1
34933.817,2,739971,400,799710,1
34934.08,1,744973,200,800250,1
34934.105,2,739855,1000,799700,1
34934.118,1,745003,1000,800000,1
34935.959,1,746579,2,810000,-1
34936.049,1,746667,1000,800800,-1
34936.326,2,743282,500,800980,-1
34936.822,1,747390,500,800790,-1
34936.931,2,730414,100,801000,-1
34937.168,2,745003,1000,800000,1
34937.174,1,747712,1000,799800,1
34937.54,2,732021,200,800990,-1
34939.552,2,746667,1000,800800,-1
34939.968,1,750070,500,800500,1
34940.066,2,744973,200,800250,1
34941.664,1,751446,300,794700,1
34941.877,1,751605,200,800790,-1
34943.279,2,747712,1000,799800,1
34943.282,1,752699,1000,800100,1
34944.446,1,753636,1000,801000,-1
34944.935,2,750070,500,800500,1
34945.041,2,746579,2,810000,-1
34946.433,5,746352,300,800500,1
34948.116,1,756245,200,800110,1
34956.322,2,752699,1000,800100,1
34956.33,1,763070,1000,799900,1
34957.443,5,754045,200,800740,-1
34957.443,5,757439,500,800750,-1
34959.032,2,756245,200,800110,1
34959.067,1,765135,400,799910,1
34959.084,1,765151,1000,801100,-1
34962.267,4,747390,500,800790,-1
34962.267,4,751605,200,800790,-1
34962.267,4,753636,300,801000,-1
34962.903,2,743667,1000,804700,-1
34962.922,1,768829,600,802100,-1
34962.963,2,763070,1000,799900,1
34962.979,1,768886,1000,798200,1
34964.343,2,768886,1000,798200,1
34964.371,1,770182,1000,797400,1
34967.384,2,768829,600,802100,-1
34967.402,1,772983,600,802500,-1
34967.776,2,772983,600,802500,-1
34967.803,1,773461,900,803000,-1
34969.894,1,775297,100,801000,-1
34970.087,2,770182,1000,797400,1
34970.101,1,775502,1000,799200,1
34970.221,2,765151,1000,801100,-1
34970.638,1,775975,500,799970,1
34970.707,2,765135,400,799910,1
34970.737,1,776092,2,810000,-1
34970.739,1,776097,400,799980,1
34971.1,1,776454,1000,801000,-1
34971.251,2,775975,500,799970,1
34972.2,2,776454,1000,801000,-1
34972.821,1,777868,500,800050,1
34972.88,2,776097,400,799980,1
34973.144,2,775297,100,801000,-1
34973.798,1,778749,1000,801000,-1
34974.731,1,779509,1000,800700,-1
34974.873,2,778749,1000,801000,-1
34974.877,2,779509,1000,800700,-1
34975.476,2,777868,500,800050,1
34975.536,1,780139,400,799210,1
34975.585,1,780184,500,799770,1
34975.63,2,780139,400,799210,1
34975.661,1,780267,400,799780,1
34975.762,2,776092,2,810000,-1
34975.99,2,780184,500,799770,1
34976.0,2,775502,1000,799200,1
34976.002,1,780590,1000,799600,1
34976.223,1,780772,500,799820,1
34976.355,2,773461,900,803000,-1
34976.373,1,780897,900,804000,-1
34976.518,2,681008,400,803390,-1
34976.551,1,781073,400,800990,-1
34976.903,1,781339,100,800410,-1
34977.411,2,780267,400,799780,1
34978.492,1,782578,1000,800500,-1
34978.566,2,782578,1000,800500,-1
34979.457,4,781339,50,800410,-1
34980.086,2,780772,500,799820,1
34981.479,1,785016,900,800410,-1
34981.787,2,780590,1000,799600,1
34981.788,1,785305,1000,798900,1
34981.818,1,785336,400,798910,1
34982.049,2,785336,400,798910,1
34982.266,1,785704,500,799010,1
34982.49,2,751446,300,794700,1
34983.423,1,786803,900,800410,-1
34983.822,1,787226,1000,800500,-1
34984.357,2,753636,700,801000,-1
34984.669,2,787226,1000,800500,-1
34985.364,1,788817,200,800410,-1
34985.473,1,788914,400,799020,1
34985.729,2,785704,500,799010,1
34985.924,1,789335,500,799030,1
34985.947,2,781339,50,800410,-1
34986.018,2,788914,400,799020,1
34986.05,1,789462,400,799040,1
34986.483,2,789335,500,799030,1
34986.755,1,790021,500,799050,1
34986.816,2,789462,400,799040,1
34986.864,1,790089,400,799060,1
34987.528,2,790021,500,799050,1
34987.976,1,790869,1000,800500,-1
34988.061,1,790929,500,799070,1
34988.112,2,790089,400,799060,1
34988.128,1,790982,400,799080,1
34988.437,1,791266,900,800400,-1
34988.671,2,790929,500,799070,1
34988.982,1,791738,500,799090,1
34989.034,2,790982,400,799080,1
34989.066,1,791810,400,799100,1
34989.345,2,791738,500,799090,1
34989.628,2,791810,400,799100,1
34989.716,1,792299,2,810000,-1
34989.724,2,792299,2,810000,-1
34990.181,1,792581,500,799010,1
34990.248,2,790869,1000,800500,-1
34992.375,1,794181,500,800390,-1
34992.907,1,794539,900,800310,-1
34993.015,2,794181,500,800390,-1
34993.081,1,794681,500,800300,-1
34994.108,2,785016,900,800410,-1
34994.11,2,786803,900,800410,-1
34994.115,2,791266,900,800400,-1
34994.128,2,794539,900,800310,-1
34995.11,1,796151,500,800600,-1
34996.003,1,796746,400,799020,1
34996.102,2,792581,500,799010,1
34996.143,1,796846,500,799030,1
34996.221,2,796746,400,799020,1
34996.237,1,796917,400,799040,1
34996.484,2,796846,500,799030,1
34996.657,1,797256,500,799050,1
34996.69,2,796917,400,799040,1
34996.722,1,797312,400,799060,1
34996.731,2,788817,200,800410,-1
34997.083,2,797256,500,799050,1
34997.223,1,797592,500,799070,1
34997.293,1,797644,900,800500,-1
34997.361,2,797312,400,799060,1
34997.393,1,797723,400,799080,1
34997.687,2,797592,500,799070,1
34997.7,2,796151,500,800600,-1
34997.781,1,798043,500,799090,1
34997.842,1,798083,1000,800010,-1
34997.878,2,797723,400,799080,1
34997.91,1,798128,400,799100,1
34997.94,2,798128,400,799100,1
34997.961,1,798165,400,799100,1
34997.986,2,798165,400,799100,1
34998.018,1,798214,400,799100,1
34998.05,2,798214,400,799100,1
34998.124,2,794681,500,800300,-1
34998.143,2,798043,500,799090,1
34998.159,1,798329,400,799100,1
34998.19,2,798329,400,799100,1
34998.221,1,798381,400,798910,1
34998.234,1,798394,500,800000,-1
34998.298,1,798460,500,799010,1
34998.378,2,798381,400,798910,1
34998.41,1,798554,400,799020,1
34998.687,2,798460,500,799010,1
34998.947,1,799083,500,799030,1
34999.033,2,798554,400,799020,1
34999.065,1,799213,400,799040,1
34999.395,2,799083,500,799030,1
34999.582,2,799213,400,799040,1
34999.615,1,799626,500,799050,1
35001.059,2,798083,1000,800010,-1
35001.568,1,801108,200,800000,-1
35001.799,1,801287,1000,800000,-1
35006.442,2,798394,500,800000,-1
35006.474,2,799626,500,799050,1
35006.569,1,804786,500,799460,-1
35006.576,2,797644,900,800500,-1
35006.612,2,801287,1000,800000,-1
35006.635,2,804786,500,799460,-1
35006.83,1,804955,500,799480,-1
35007.33,2,804955,500,799480,-1
35007.376,1,805318,500,799480,-1
35007.904,1,805743,100,798900,1
35007.99,2,805743,100,798900,1
35007.99,2,805318,500,799480,-1
35008.056,1,805863,500,799490,-1
35008.359,2,805863,500,799490,-1
35008.476,1,806124,500,799500,-1
35008.733,2,806124,500,799500,-1
35008.883,1,806460,500,799400,-1
35008.889,1,806465,100,799000,1
35008.972,2,806465,100,799000,1
35009.48,4,806460,500,799400,-1
35009.907,1,807216,100,799000,1
35009.987,2,807216,100,799000,1
35010.904,1,808218,100,799000,1
35010.978,2,808218,100,799000,1
35011.355,2,801108,200,800000,-1
35011.897,1,809156,100,798500,1
35011.956,2,809156,100,798500,1
35012.306,2,785305,1000,798900,1
35012.31,1,809484,1000,798400,1
35012.408,1,809556,400,798410,1
35012.481,1,809622,500,798510,1
35013.739,1,810575,200,799400,-1
35015.025,4,810575,200,799400,-1
35016.902,1,812815,100,798500,1
35016.989,2,812815,100,798500,1
35017.115,2,780897,900,804000,-1
35017.137,1,813002,1000,805800,-1
35017.933,1,813502,100,798500,1
35018.002,2,813502,100,798500,1
35018.904,1,814273,100,798500,1
35018.972,2,814273,100,798500,1
35019.284,2,809556,400,798410,1
35019.409,1,814689,300,799010,-1
35019.552,2,809484,1000,798400,1
35019.555,1,814815,1000,797300,1
35019.914,1,815140,100,798500,1
35020.002,2,815140,100,798500,1
35020.43,2,814689,300,799010,-1
35020.708,1,815854,2,810000,-1
35020.927,1,816015,100,798500,1
35025.495,2,813002,1000,805800,-1
35025.499,1,819914,1000,803700,-1
35026.081,2,814815,1000,797300,1
35026.086,1,820371,1000,797700,1
35029.908,1,823827,300,799400,-1
35030.398,2,819914,1000,803700,-1
35030.414,1,824252,1000,805900,-1
35031.946,2,820371,1000,797700,1
35031.95,1,825453,1000,798400,1
35032.233,1,825683,300,794100,1
35034.895,2,825683,300,794100,1
35035.828,4,823827,300,799400,-1
35035.828,1,828534,700,799500,1
35036.098,2,809622,500,798510,1
35037.932,2,828534,700,799500,1
35038.216,1,830301,500,798510,1
35040.01,1,831597,100,799980,-1
35040.094,2,781073,400,800990,-1
35040.111,1,831666,400,799970,-1
35040.412,2,831597,100,799980,-1
35040.626,1,832049,100,799960,-1
35040.705,2,831666,400,799970,-1
35040.736,1,832126,400,799950,-1
35040.945,2,816015,100,798500,1
35040.985,2,832049,100,799960,-1
35041.282,2,825453,1000,798400,1
35041.289,1,832522,1000,798300,1
35041.858,1,832966,100,799890,-1
35042.56,2,824252,1000,805900,-1
35042.561,2,832522,1000,798300,1
35042.575,1,833626,1000,803500,-1
35042.576,1,833628,1000,798100,1
35045.002,2,830301,500,798510,1
35045.085,2,815854,2,810000,-1
35045.111,1,835636,400,798110,1
35045.224,1,835713,500,798710,1
35045.542,1,835933,2,810000,-1
35046.912,2,835933,2,810000,-1
35048.996,2,833628,1000,798100,1
35049.009,1,838409,1000,797800,1
35050.173,2,832126,400,799950,-1
35056.501,1,843400,900,799000,1
35056.752,2,835713,500,798710,1
35057.212,1,843950,500,799010,1
35058.521,2,843950,500,799010,1
35058.627,2,833626,1000,803500,-1
35058.654,1,845374,900,801900,-1
35058.657,2,838409,1000,797800,1
35058.668,1,845385,1000,797400,1
35058.952,1,845663,1000,799600,-1
35059.048,1,845750,900,799100,1
35059.613,2,832966,100,799890,-1
35059.868,1,846512,100,799590,-1
35060.618,2,845663,1000,799600,-1
35061.907,2,845750,900,799100,1
35061.911,2,843400,900,799000,1
35062.705,1,848717,500,798750,1
35063.62,1,849295,300,793500,1
35065.209,2,845374,900,801900,-1
35065.213,1,850609,600,801300,-1
35065.803,2,845385,1000,797400,1
35065.815,1,851145,1000,796800,1
35066.074,2,848717,500,798750,1
35066.296,1,851577,500,798500,1
35066.328,2,835636,400,798110,1
35066.344,1,851619,400,798510,1
35066.692,2,851577,500,798500,1
35069.144,1,854212,1000,799600,-1
35069.797,1,854815,500,798540,1
35071.108,2,850609,600,801300,-1
35071.119,1,855824,600,800700,-1
35071.134,2,854212,1000,799600,-1
35075.288,1,858813,1000,799600,-1
35076.466,2,858813,1000,799600,-1
35078.09,1,860993,1000,799600,-1
35088.691,5,849555,500,799500,-1
35088.691,5,853947,300,799500,-1
35089.057,1,868914,1000,799500,-1
35089.194,2,868914,1000,799500,-1
35089.205,2,860993,1000,799600,-1
35089.26,2,846512,100,799590,-1
35089.37,1,869169,100,799590,-1
35089.374,1,869173,400,800690,-1
35089.83,2,854815,500,798540,1
35090.016,1,869658,500,798810,1
35091.497,2,855824,600,800700,-1
35091.499,2,851145,1000,796800,1
35091.517,1,870723,600,801500,-1
35091.518,1,870725,1000,797700,1
35092.917,1,871722,900,799100,1
35093.114,2,869658,500,798810,1
35093.253,1,871973,2,810000,-1
35097.473,5,873782,500,799550,-1
35097.503,5,874512,500,799550,-1
35097.546,4,869169,100,799590,-1
35097.546,1,874543,400,799900,1
35097.552,4,874543,400,799900,1
35097.59,1,874567,400,799590,-1
35097.59,4,874567,400,799590,-1
35097.59,1,874568,100,799900,1
35097.672,5,874584,200,799950,1
35097.672,4,874568,100,799900,1
35098.055,1,874870,1000,799500,-1
35098.056,4,874870,200,799500,-1
35098.339,2,849295,300,793500,1
35098.602,2,518758,300,808000,-1
35099.037,5,874773,200,799110,1
35099.044,5,874977,200,799460,-1
35100.244,2,874870,800,799500,-1
35100.383,2,871722,900,799100,1
35100.526,2,871973,2,810000,-1
35100.628,1,876982,500,798800,1
35101.329,2,876982,500,798800,1
35101.58,1,877785,500,798610,1
35102.916,1,878820,100,798600,1
35102.992,2,878820,100,798600,1
35103.91,1,879475,100,798600,1
35104.021,2,879475,100,798600,1
35104.899,1,880253,100,798600,1
35105.02,2,880253,100,798600,1
35105.171,2,851619,400,798510,1
35106.629,2,877785,500,798610,1
35106.734,1,881639,400,797710,1
35106.849,1,881721,500,798340,1
35107.89,1,882471,100,798600,1
35108.184,2,881721,500,798340,1
35108.888,2,882471,100,798600,1
35109.094,1,883275,500,798410,1
35109.905,1,883744,100,798600,1
35109.975,1,883791,300,794100,1
35109.986,2,883744,100,798600,1
35110.741,1,884334,300,804400,-1
35110.891,1,884439,100,798600,1
35110.965,2,884439,100,798600,1
35111.352,2,870723,600,801500,-1
35111.355,2,870725,1000,797700,1
35111.37,1,884785,900,802400,-1
35111.376,1,884791,1000,798200,1
35111.892,1,885179,100,798600,1
35111.948,2,885179,100,798600,1
35112.911,1,885792,100,798600,1
35112.944,2,885792,100,798600,1
35113.734,2,869173,400,800690,-1
35113.736,2,881639,400,797710,1
35114.187,1,886543,400,802390,-1
35116.124,5,887242,500,799150,1
35119.329,2,884791,1000,798200,1
35119.332,1,890248,1000,798000,1
35120.652,2,883275,500,798410,1
35120.775,1,891304,500,798190,1
35120.78,1,891309,400,798010,1
35121.119,2,890248,1000,798000,1
35121.122,1,891479,1000,797700,1
35127.698,1,896067,500,799090,-1
35130.206,1,897965,900,798700,1
35130.431,1,898126,2,810000,-1
35131.583,2,891479,1000,797700,1
35131.597,1,898810,1000,798300,1
35132.198,2,898810,1000,798300,1
35132.205,1,899107,1000,798100,1
35134.355,2,891304,500,798190,1
35134.965,2,896067,500,799090,-1
35135.282,2,897965,900,798700,1
35135.339,2,898126,2,810000,-1
35135.419,2,891309,400,798010,1
35135.436,1,901044,400,798110,1
35135.69,1,901213,500,799000,-1
35135.865,1,901334,500,798250,1
35137.391,4,901213,100,799000,-1
35139.37,2,901213,400,799000,-1
35139.708,1,903666,400,799220,-1
35140.113,2,903666,400,799220,-1
35140.284,2,886543,400,802390,-1
35140.284,1,904070,400,799150,-1
35140.301,2,901044,400,798110,1
35140.714,2,904070,400,799150,-1
35141.325,1,904713,400,799170,-1
35141.608,2,904713,400,799170,-1
35142.078,1,905187,400,799160,-1
35142.447,5,905201,200,799110,-1
35142.447,4,905187,200,799160,-1
35142.488,2,905187,200,799160,-1
35142.535,1,905451,200,799170,-1
35142.717,2,905451,200,799170,-1
35142.804,1,905607,200,799170,-1
35143.653,2,905607,200,799170,-1
35144.027,1,906350,200,799200,-1
35144.18,2,906350,200,799200,-1
35144.261,1,906495,200,799190,-1
35144.687,2,906495,200,799190,-1
35144.773,1,906802,200,799200,-1
35145.122,2,906802,200,799200,-1
35145.23,1,907050,200,799190,-1
35145.409,2,907050,200,799190,-1
35145.466,1,907213,200,799180,-1
35145.547,2,907213,200,799180,-1
35145.573,1,907301,200,799190,-1
35145.925,2,907301,200,799190,-1
35145.987,1,907527,200,799160,-1
35146.301,2,907527,200,799160,-1
35146.358,1,907725,200,799160,-1
35146.423,2,907725,200,799160,-1
35147.203,1,908194,200,799160,-1
35147.374,2,908194,200,799160,-1
35147.439,1,908335,200,799150,-1
35147.869,2,908335,200,799150,-1
35148.023,1,908637,200,799110,-1
35148.591,1,909026,500,805400,-1
35148.594,1,909029,500,798100,1
35148.834,2,908637,200,799110,-1
35149.006,1,909307,200,799120,-1
35149.724,2,909307,200,799120,-1
35149.909,1,909946,200,799110,-1
35150.602,2,909946,200,799110,-1
35150.903,1,910658,200,799160,-1
35151.655,2,910658,200,799160,-1
35151.766,1,911445,200,799150,-1
35152.265,2,884785,900,802400,-1
35152.285,1,911865,1000,803600,-1
35152.29,2,899107,1000,798100,1
35152.293,1,911876,1000,798400,1
35152.952,2,901334,500,798250,1
35152.976,2,911445,200,799150,-1
35153.142,1,912369,500,798420,1
35153.163,1,912379,200,799140,-1
35153.304,2,912379,200,799140,-1
35153.376,1,912533,200,799150,-1
35153.766,2,912533,200,799150,-1
35153.903,1,912834,200,799190,-1
35154.019,2,912834,200,799190,-1
35154.058,1,912918,200,799180,-1
35154.181,2,912918,200,799180,-1
35154.206,1,912989,200,799190,-1
35154.838,2,912989,200,799190,-1
35155.001,1,913569,200,799210,-1
35155.127,2,913569,200,799210,-1
35155.191,1,913690,200,799260,-1
35155.726,2,912369,500,798420,1
35155.749,2,913690,200,799260,-1
35155.951,1,914249,500,798610,1
35155.958,1,914257,200,799300,-1
35156.245,2,914257,200,799300,-1
35156.303,1,914475,200,799310,-1
35156.377,1,914526,2,810000,-1
35156.7,2,914475,200,799310,-1
35156.991,1,914905,200,799330,-1
35157.803,2,914905,200,799330,-1
35158.008,1,915600,200,799310,-1
35158.336,2,911876,1000,798400,1
35158.341,1,915838,1000,798500,1
35158.7,2,915600,200,799310,-1
35159.084,1,916216,200,799250,-1
35159.39,2,916216,200,799250,-1
35159.434,1,916419,200,799270,-1
35159.521,2,914249,500,798610,1
35159.524,2,916419,200,799270,-1
35159.546,1,916483,200,799090,-1
35159.601,2,914526,2,810000,-1
35159.651,2,916483,200,799090,-1
35159.8,1,916643,200,799000,-1
35161.705,2,909029,500,798100,1
35161.708,1,917879,500,798000,1
35163.766,2,915838,1000,798500,1
35163.769,1,919372,1000,798100,1
35164.158,2,916643,200,799000,-1
35164.197,1,919688,500,798210,1
35164.386,1,919829,200,799260,-1
35165.003,2,919829,200,799260,-1
35165.206,1,920428,200,799270,-1
35165.507,2,920428,200,799270,-1
35165.617,2,917879,500,798000,1
35165.632,1,920880,500,797500,1
35165.634,1,920885,200,799280,-1
35165.9,1,921108,100,798200,1
35166.037,2,920885,200,799280,-1
35166.189,1,921367,200,799240,-1
35166.387,2,921367,200,799240,-1
35166.524,1,921682,200,799270,-1
35166.937,2,921682,200,799270,-1
35167.182,1,922274,200,799280,-1
35167.576,2,922274,200,799280,-1
35167.698,1,922682,200,799300,-1
35168.102,2,922682,200,799300,-1
35168.378,1,923248,200,799350,-1
35168.713,2,923248,200,799350,-1
35168.965,1,923713,200,799340,-1
35169.21,2,923713,200,799340,-1
35169.555,1,924169,200,799360,-1
35169.666,2,924169,200,799360,-1
35169.775,1,924348,200,799340,-1
35170.52,2,924348,200,799340,-1
35171.123,1,925496,200,799220,-1
35171.195,2,884334,300,804400,-1
35171.492,2,925496,200,799220,-1
35171.611,1,925883,200,799230,-1
35171.822,2,925883,200,799230,-1
35172.035,1,926214,200,799260,-1
35172.236,2,909026,500,805400,-1
35172.254,1,926350,400,803200,-1
35172.358,2,926214,200,799260,-1
35172.444,1,926498,200,799260,-1
35172.593,1,926600,900,798700,1
35172.606,2,926498,200,799260,-1
35173.168,2,919688,500,798210,1
35173.171,1,926961,500,799210,-1
35173.506,2,926961,500,799210,-1
35173.65,1,927353,500,799230,-1
35173.689,1,927383,2,810000,-1
35173.858,2,927353,500,799230,-1
35174.001,1,927614,500,799210,-1
35174.265,2,927614,500,799210,-1
35174.402,1,927915,500,799230,-1
35174.772,2,927915,500,799230,-1
35175.061,1,928412,500,799160,-1
35175.745,2,928412,500,799160,-1
35175.889,1,928988,500,799180,-1
35175.916,2,920880,500,797500,1
35175.93,1,929025,500,797200,1
35176.373,2,928988,500,799180,-1
35176.418,1,929377,500,799160,-1
35176.637,2,929377,500,799160,-1
35176.72,1,929599,500,799170,-1
35177.832,2,929599,500,799170,-1
35178.163,1,930508,900,799000,1
35178.207,1,930534,500,799230,-1
35178.481,2,930534,500,799230,-1
35178.629,1,930870,500,799220,-1
35178.883,2,930870,500,799220,-1
35179.075,1,931177,500,799200,-1
35179.58,2,931177,500,799200,-1
35179.709,1,931697,500,799220,-1
35180.648,2,931697,500,799220,-1
35180.806,1,932512,500,799350,-1
35183.004,2,929025,500,797200,1
35183.006,1,933886,500,797600,1
35183.96,2,932512,500,799350,-1
35184.082,1,934539,500,799300,-1
35184.198,2,934539,500,799300,-1
35184.596,1,934828,500,799330,-1
35185.3,2,934828,500,799330,-1
35185.328,1,935253,500,799320,-1
35185.371,2,935253,500,799320,-1
35185.464,1,935336,500,799310,-1
35185.799,2,935336,500,799310,-1
35185.892,1,935587,500,799290,-1
35185.897,2,921108,100,798200,1
35186.182,2,935587,500,799290,-1
35186.232,1,935782,500,799300,-1
35186.387,2,935782,500,799300,-1
35186.472,1,935948,500,799310,-1
35186.965,2,935948,500,799310,-1
35187.058,2,930508,900,799000,1
35187.059,2,926600,900,798700,1
35187.069,1,936354,300,804300,-1
35187.151,2,927383,2,810000,-1
35187.165,1,936429,500,799290,-1
35187.305,1,936523,500,798210,1
35187.342,2,933886,500,797600,1
35187.357,1,936569,500,797100,1
35187.501,2,936429,500,799290,-1
35187.589,1,936744,500,799270,-1
35189.832,2,936744,500,799270,-1
35190.08,1,938650,500,799380,-1
35190.171,2,936354,300,804300,-1
35190.911,1,939451,100,798300,1
35191.284,2,936523,500,798210,1
35191.348,1,939880,500,798310,1
35193.984,2,938650,500,799380,-1
35194.195,1,942156,500,799600,-1
35194.523,1,942496,300,804400,-1
35197.149,1,944869,300,798600,1
35197.578,2,939880,500,798310,1
35197.686,1,945431,500,798610,1
35197.694,1,945439,2,810000,-1
35198.085,1,945808,100,797800,1
35198.251,2,936569,500,797100,1
35198.263,1,945946,500,796500,1
35198.289,2,944869,300,798600,1
35199.304,1,947012,100,798600,1
35201.169,2,947012,100,798600,1
35204.279,2,942156,500,799600,-1
35204.405,1,951901,500,799800,-1
35205.805,2,942496,300,804400,-1
35206.894,2,911865,1000,803600,-1
35206.906,1,954269,1000,805200,-1
35206.989,1,954385,700,798600,1
35207.215,2,939451,100,798300,1
35207.288,2,945808,100,797800,1
35207.332,1,954769,100,799000,1
35207.434,2,951901,500,799800,-1
35207.578,2,945431,500,798610,1
35207.618,1,955031,500,800050,-1
35207.625,2,919372,1000,798100,1
35207.628,1,955041,1000,798600,1
35207.729,2,926350,400,803200,-1
35207.737,1,955175,500,799010,1
35207.741,1,955178,400,801800,-1
35207.93,1,955353,100,798700,1
35208.214,1,955579,500,799200,1
35208.492,2,955175,500,799010,1
35208.516,1,955816,500,799210,1
35208.982,2,954385,700,798600,1
35210.341,1,957323,300,804800,-1
35212.62,2,955579,500,799200,1
35213.165,2,955041,1000,798600,1
35213.183,1,960111,1000,798500,1
35213.888,1,960684,800,799100,1
35215.35,2,960684,800,799100,1
35221.207,2,955031,500,800050,-1
35221.286,1,966651,500,799830,-1
35221.435,2,957323,300,804800,-1
35221.894,1,967120,300,804800,-1
35224.825,2,955816,500,799210,1
35225.197,1,970004,500,799010,1
35226.946,2,960111,1000,798500,1
35226.95,1,971582,1000,798200,1
35227.001,2,966651,500,799830,-1
35227.19,1,971844,500,799640,-1
35227.5,2,967120,300,804800,-1
35227.928,2,955353,100,798700,1
35227.994,1,972618,300,804600,-1
35228.909,1,973341,100,798400,1
35231.644,5,970024,200,799060,1
35231.644,5,969718,300,799040,1
35232.007,5,969718,100,799040,1
35233.617,1,977278,300,799100,1
35233.75,2,970004,500,799010,1
35237.884,2,954769,100,799000,1
35237.904,2,971844,500,799640,-1
35238.098,1,981098,500,799220,-1
35238.412,5,977320,500,799140,1
35238.557,2,972618,300,804600,-1
35238.967,5,977320,100,799140,1
35238.967,5,977327,400,799140,1
35239.104,5,981892,100,799140,1
35239.91,1,982565,300,804200,-1
35239.929,5,981892,200,799140,1
35239.929,4,977278,100,799100,1
35240.34,2,977278,200,799100,1
35240.414,2,945439,2,810000,-1
35240.548,1,983025,500,798410,1
35241.487,2,954269,1000,805200,-1
35241.489,2,971582,1000,798200,1
35241.504,1,983892,1000,802600,-1
35241.505,1,983893,1000,798000,1
35246.709,2,981098,500,799220,-1
35246.79,1,988298,500,799010,-1
35247.112,2,982565,300,804200,-1
35247.385,1,988643,300,804000,-1
35247.895,2,988298,500,799010,-1
35248.17,2,988643,300,804000,-1
35248.179,2,983893,1000,798000,1
35248.181,1,989178,1000,797900,1
35248.525,1,989447,300,805800,-1
35248.549,1,989472,500,799070,-1
35248.909,2,973341,100,798400,1
35249.887,1,990518,100,797900,1
35251.269,2,983025,500,798410,1
35251.288,2,989472,500,799070,-1
35251.683,1,992009,500,797910,1
35251.685,1,992012,500,799020,-1
35252.193,2,989178,1000,797900,1
35252.198,1,992485,1000,797800,1
35252.363,2,883791,300,794100,1
35253.276,2,992012,500,799020,-1
35253.374,1,993425,500,798680,-1
35253.543,1,993596,300,793200,1
35254.44,2,992485,1000,797800,1
35254.445,1,994386,1000,797400,1
35255.549,2,945946,500,796500,1
35255.552,1,995314,500,796000,1
35257.595,1,996901,300,798000,1
35257.894,2,992009,500,797910,1
35259.395,4,996901,200,798000,1
35260.721,1,999307,2,810000,-1
35265.95,1,1003978,500,798010,1
35269.755,2,1003978,500,798010,1
35269.89,2,990518,100,797900,1
35270.906,1,1007940,100,797600,1
35270.98,2,993425,500,798680,-1
35271.297,1,1008236,500,798500,-1
35272.342,1,1009021,200,798100,1
35274.513,4,1009021,200,798100,1
35277.178,4,996901,100,798000,1
35277.178,1,1012715,400,798000,-1
35277.421,2,1008236,500,798500,-1
35277.431,1,1012907,500,797610,1
35277.65,2,993596,300,793200,1
35277.772,4,1012715,400,798000,-1
35278.22,1,1013511,500,798470,-1
35280.312,2,994386,1000,797400,1
35280.314,1,1015014,1000,797300,1
35282.317,1,1016789,300,792600,1
35284.466,2,1015014,1000,797300,1
35284.481,1,1018519,1000,797100,1
35285.076,2,995314,500,796000,1
35285.095,1,1019039,500,795200,1
35285.264,2,983892,1000,802600,-1
35285.289,1,1019171,900,800600,-1
35285.301,2,1018519,1000,797100,1
35285.311,1,1019187,1000,796800,1
35287.771,2,1019187,1000,796800,1
35287.773,1,1021349,1000,796500,1
35290.911,2,1007940,100,797600,1
35291.486,2,999307,2,810000,-1
35291.891,1,1024170,100,797500,1
35295.651,2,1013511,500,798470,-1
35296.264,1,1028113,500,798500,-1
35296.692,2,1028113,500,798500,-1
35296.961,1,1028809,500,798500,-1
35297.165,2,1028809,500,798500,-1
35297.289,1,1029096,500,798500,-1
35297.401,2,955178,400,801800,-1
35297.405,2,1019039,500,795200,1
35297.427,1,1029231,200,800100,-1
35297.429,1,1029233,500,794300,1
35297.449,2,1029096,500,798500,-1
35297.708,1,1029489,500,798500,-1
35297.988,2,1029489,500,798500,-1
35298.155,1,1029925,500,798500,-1
35298.261,2,1029925,500,798500,-1
35298.294,1,1030057,500,798500,-1
35298.588,2,1030057,500,798500,-1
35298.748,2,1019171,900,800600,-1
35298.75,2,1021349,1000,796500,1
35298.751,1,1030543,500,798500,-1
35298.77,1,1030556,600,799800,-1
35298.773,1,1030559,1000,796100,1
35299.032,2,1030543,500,798500,-1
35299.158,1,1030958,500,798500,-1
35299.38,2,1030958,500,798500,-1
35299.431,5,1031107,100,798460,-1
35299.435,1,1031248,500,798210,-1
35299.721,2,1031248,500,798210,-1
35299.877,1,1031753,500,798210,-1
35299.928,2,1024170,100,797500,1
35300.121,2,1031753,500,798210,-1
35300.171,1,1032012,500,798210,-1
35300.481,2,1032012,500,798210,-1
35300.516,1,1032293,500,798460,-1
35300.717,2,1012907,500,797610,1
35300.749,2,1032293,500,798460,-1
35300.852,1,1032563,500,797370,1
35300.856,1,1032564,500,798460,-1
35300.893,1,1032598,100,797500,1
35300.964,2,1032598,100,797500,1
35300.989,2,1032563,500,797370,1
35301.014,2,1032564,500,798460,-1
35301.05,1,1032722,500,797360,1
35301.07,1,1032735,500,798460,-1
35301.215,2,1032735,500,798460,-1
35301.256,1,1032862,500,798460,-1
35301.414,5,1031778,500,798400,-1
35301.572,2,1032862,500,798460,-1
35301.904,1,1033343,100,797500,1
35301.93,1,1033371,500,798500,-1
35301.97,2,1033343,100,797500,1
35302.108,2,1032722,500,797360,1
35302.238,1,1033615,500,797370,1
35302.394,1,1033725,1500,698500,1
35302.894,1,1034113,100,797500,1
35302.957,2,1034113,100,797500,1
35303.574,2,1030559,1000,796100,1
35303.58,1,1034602,1000,795600,1
35303.897,1,1034858,100,797500,1
35303.945,2,1034858,100,797500,1
35305.066,1,1035648,100,797500,1
35305.105,2,1035648,100,797500,1
35305.9,1,1036216,100,797500,1
35305.958,2,1036216,100,797500,1
35305.979,2,1033615,500,797370,1
35306.016,1,1036282,500,797200,1
35306.894,1,1036829,100,797500,1
35306.944,2,1036829,100,797500,1
35307.906,1,1037581,100,797500,1
35307.977,2,1037581,100,797500,1
35308.895,1,1038379,100,797500,1
35308.902,2,1029231,200,800100,-1
35308.91,1,1038387,200,799400,-1
35308.962,2,1038379,100,797500,1
35309.051,2,1030556,600,799800,-1
35309.053,1,1038442,600,799200,-1
35309.376,2,1033371,500,798500,-1
35309.904,1,1038928,100,797500,1
35309.998,2,1038928,100,797500,1
35310.102,5,1038629,100,798050,1
35310.102,1,1039096,400,798010,-1
35310.13,5,1039118,100,797970,-1
35310.403,2,1036282,500,797200,1
35310.642,1,1039449,500,797390,1
35310.89,1,1039642,100,797500,1
35310.971,2,1039642,100,797500,1
35311.043,5,1039123,100,797960,-1
35311.062,2,1039449,500,797390,1
35311.098,5,1039123,100,797960,-1
35311.098,5,1039118,300,797970,-1
35311.121,1,1039830,500,797380,1
35311.259,2,1016789,300,792600,1
35311.346,5,1039118,100,797970,-1
35311.346,4,1039096,300,798010,-1
35311.477,4,1039096,100,798010,-1
35311.612,2,989447,300,805800,-1
35311.806,1,1040370,300,793200,1
35312.187,1,1040674,100,797500,1
35312.229,2,1040674,100,797500,1
35312.311,1,1040777,300,803900,-1
35312.524,2,1040370,300,793200,1
35312.775,2,1038442,600,799200,-1
35312.778,1,1041195,600,799600,-1
35312.927,5,1041130,600,798750,-1
35312.927,1,1041340,100,799000,1
35313.041,2,1039830,500,797380,1
35313.278,1,1041586,300,792600,1
35313.314,1,1041609,2,810000,-1
35313.373,2,1041340,100,799000,1
35313.499,2,1041609,2,810000,-1
35313.71,1,1041954,500,797510,1
35314.062,1,1042255,100,799000,1
35314.144,4,1042255,100,799000,1
35314.938,2,1038387,200,799400,-1
35314.941,1,1042882,200,799900,-1
35316.404,1,1043794,500,798100,1
35316.648,2,1041954,500,797510,1
35316.749,1,1043992,500,798110,1
35317.592,1,1044638,600,797700,1
35317.906,2,1043794,500,798100,1
35319.308,2,1041195,600,799600,-1
35319.311,1,1045893,600,800000,-1
35323.616,2,1044638,600,797700,1
35323.678,1,1048606,2,810000,-1
35324.571,2,1040777,300,803900,-1
35324.724,1,1049255,300,804900,-1
35324.866,2,1048606,2,810000,-1
35331.196,5,1051402,500,799860,-1
35331.196,4,1042882,100,799900,-1
35331.536,2,1042882,100,799900,-1
35331.641,2,1045893,600,800000,-1
35331.643,1,1053445,400,800200,-1
35331.648,1,1053452,600,800100,-1
35337.555,2,1034602,1000,795600,1
35337.56,1,1057065,1000,794900,1
35337.977,2,1043992,500,798110,1
35338.074,1,1057382,500,798670,1
35338.127,2,1053452,600,800100,-1
35338.13,1,1057413,600,800000,-1
35339.589,2,1053445,400,800200,-1
35339.596,1,1058556,400,800400,-1
35340.088,2,1057382,500,798670,1
35340.152,1,1058983,500,799010,1
35341.213,2,1057413,600,800000,-1
35341.216,1,1059615,600,801000,-1
35341.529,1,1059827,100,800390,-1
35344.119,2,1058556,400,800400,-1
35344.122,1,1061167,400,800900,-1
35347.687,1,1062958,2,810000,-1
35351.42,2,1059615,600,801000,-1
35351.424,1,1064798,1000,802800,-1
35351.553,2,1062958,2,810000,-1
35355.719,1,1067354,2,810000,-1
35356.976,2,1064798,1000,802800,-1
35356.98,1,1068108,1000,802200,-1
35358.489,1,1069066,500,800000,-1
35358.766,2,1059827,100,800390,-1
35358.807,5,1058995,200,799060,1
35358.807,5,1064378,200,799020,1
35358.833,2,1058983,500,799010,1
35358.896,1,1069335,100,799170,-1
35358.98,2,1067354,2,810000,-1
35359.259,1,1069553,500,798300,1
35359.641,2,1069335,100,799170,-1
35360.119,1,1070047,100,799100,-1
35360.385,2,1057065,1000,794900,1
35360.386,1,1070243,1000,796400,1
35360.888,1,1070518,1000,799100,-1
35361.114,2,1069553,500,798300,1
35361.661,1,1070919,500,797910,1
35363.366,2,1070518,1000,799100,-1
35365.132,2,1070047,100,799100,-1
35365.173,1,1073540,100,798890,-1
35366.365,2,1073540,100,798890,-1
35366.988,1,1074979,100,799700,-1
35367.315,2,1070919,500,797910,1
35367.36,1,1075213,500,798140,1
35367.891,1,1075573,100,798200,1
35367.994,2,1075573,100,798200,1
35368.291,2,1075213,500,798140,1
35368.316,1,1075836,500,798200,1
35368.896,1,1076256,100,798200,1
35368.975,2,1076256,100,798200,1
35369.898,1,1076890,100,798200,1
35369.917,2,1070243,1000,796400,1
35369.918,1,1076899,1000,797000,1
35370.608,2,1074979,100,799700,-1
35370.771,1,1077413,100,799220,-1
35371.274,2,1077413,100,799220,-1
35371.522,1,1077971,100,799340,-1
35371.699,1,1078098,100,798900,-1
35371.725,2,1077971,100,799340,-1
35371.9,2,1076890,100,798200,1
35372.896,1,1079153,100,798200,1
35375.838,2,1068108,1000,802200,-1
35375.843,2,1076899,1000,797000,1
35375.857,1,1081437,1000,803600,-1
35375.86,1,1081443,1000,797700,1
35376.335,2,1069066,500,800000,-1
35376.412,4,1078098,100,798900,-1
35376.521,1,1081861,100,799380,-1
35376.697,2,1081861,100,799380,-1
35376.752,1,1082003,100,799310,-1
35376.954,2,1082003,100,799310,-1
35376.988,1,1082188,100,799320,-1
35377.478,2,1082188,100,799320,-1
35377.661,1,1082680,100,799280,-1
35377.838,2,1082680,100,799280,-1
35377.873,1,1082837,100,799270,-1
35378.311,2,1082837,100,799270,-1
35378.396,1,1083147,100,799690,-1
35381.103,1,1085055,900,799600,-1
35381.335,2,1083147,100,799690,-1
35382.821,1,1086310,100,799590,-1
35384.456,2,1061167,400,800900,-1
35384.459,1,1087599,400,801300,-1
35385.941,2,1079153,100,798200,1
35386.649,2,1081443,1000,797700,1
35386.658,1,1089748,1000,797500,1
35387.144,2,1081437,1000,803600,-1
35387.144,2,1089748,1000,797500,1
35387.155,1,1090304,900,801800,-1
35387.156,1,1090305,1000,797100,1
35389.002,2,1085055,900,799600,-1
35390.417,2,1075836,500,798200,1
35390.468,1,1092965,500,798840,1
35392.791,2,1086310,100,799590,-1
35393.218,1,1095244,100,799820,-1
35393.649,2,1095244,100,799820,-1
35394.404,1,1096221,100,799870,-1
35394.836,2,1092965,500,798840,1
35394.853,2,1096221,100,799870,-1
35395.018,1,1096681,500,799050,1
35395.257,1,1096845,100,799930,-1
35395.509,1,1097053,2,810000,-1
35395.654,2,1096845,100,799930,-1
35395.786,1,1097255,100,799700,-1
35395.829,1,1097286,100,799920,-1
35396.108,2,1097286,100,799920,-1
35396.141,1,1097448,1000,800000,-1
35398.722,1,1099500,300,798200,1
35400.066,2,1097255,100,799700,-1
35400.219,1,1100494,100,799920,-1
35400.727,2,1100494,100,799920,-1
35400.878,1,1100970,100,799960,-1
35401.31,1,1101258,100,799700,-1
35401.395,2,1100970,100,799960,-1
35403.267,2,1101258,100,799700,-1
35403.354,1,1102555,100,799970,-1
35403.874,2,1102555,100,799970,-1
35404.181,2,1097448,1000,800000,-1
35404.627,1,1103316,100,799700,-1
35404.733,1,1103395,100,799990,-1
35405.233,2,1103316,100,799700,-1
35405.367,2,1103395,100,799990,-1
35405.512,1,1104038,100,800050,-1
35405.878,2,1104038,100,800050,-1
35406.204,1,1104476,100,800090,-1
35406.604,2,1104476,100,800090,-1
35406.901,1,1104998,100,800080,-1
35407.048,2,1104998,100,800080,-1
35407.445,1,1105446,100,800110,-1
35407.517,1,1105515,100,799600,-1
35407.622,2,1096681,500,799050,1
35407.814,2,1105446,100,800110,-1
35407.898,2,1105515,100,799600,-1
35407.905,1,1105853,500,799310,1
35408.502,1,1106251,100,800180,-1
35408.894,2,1106251,100,800180,-1
35408.958,1,1106593,100,800190,-1
35409.255,2,1106593,100,800190,-1
35409.325,1,1106865,100,800200,-1
35409.726,2,1106865,100,800200,-1
35410.092,1,1107317,100,800200,-1
35410.21,2,1107317,100,800200,-1
35410.281,1,1107421,100,800210,-1
35410.578,1,1107587,50,792500,1
35410.77,2,1107421,100,800210,-1
35410.859,1,1107775,100,800220,-1
35410.985,2,1107775,100,800220,-1
35411.014,1,1107868,100,800210,-1
35411.098,2,1107868,100,800210,-1
35411.498,1,1108150,100,800210,-1
35411.803,2,1108150,100,800210,-1
35412.373,1,1108960,100,800110,-1
35413.177,2,1108960,100,800110,-1
35413.522,1,1110167,100,800240,-1
35414.219,2,1110167,100,800240,-1
35414.339,1,1110945,100,800220,-1
35414.472,2,1110945,100,800220,-1
35414.729,1,1111355,100,800170,-1
35415.031,2,1111355,100,800170,-1
35415.124,1,1111692,100,800190,-1
35415.77,2,1111692,100,800190,-1
35416.046,1,1112552,100,800180,-1
35416.41,2,1112552,100,800180,-1
35416.657,1,1113229,100,800240,-1
35417.115,2,1113229,100,800240,-1
35417.365,1,1113973,100,800230,-1
35418.894,1,1115505,100,799400,1
35418.976,2,1087599,400,801300,-1
35418.978,2,1029233,500,794300,1
35418.986,1,1115590,400,801800,-1
35418.988,1,1115591,500,796000,1
35419.41,2,1105853,500,799310,1
35419.613,1,1116136,500,799410,1
35420.733,2,1090304,900,801800,-1
35420.736,2,1090305,1000,797100,1
35420.74,2,1113973,100,800230,-1
35420.765,1,1117450,900,802600,-1
35420.767,1,1117452,1000,798100,1
35421.328,1,1118030,100,800560,-1
35422.865,2,1117450,900,802600,-1
35422.88,1,1119541,1000,803800,-1
35424.019,2,1115590,400,801800,-1
35424.028,1,1120649,400,802600,-1
35424.353,2,1049255,300,804900,-1
35424.686,2,1115591,500,796000,1
35424.704,1,1121246,500,797100,1
35426.496,1,1122782,900,799510,1
35426.91,2,1116136,500,799410,1
35426.965,2,1117452,1000,798100,1
35426.977,1,1123146,1000,799100,1
35427.059,1,1123192,300,805600,-1
35427.115,1,1123247,500,799520,1
35429.692,2,1123146,1000,799100,1
35429.703,1,1125596,1000,798900,1
35429.909,1,1125784,500,799800,1
35430.812,2,1123247,500,799520,1
35431.762,1,1127333,500,799810,1
35433.285,2,1127333,500,799810,1
35435.048,2,1125784,500,799800,1
35435.443,1,1130777,500,799520,1
35438.019,2,1125596,1000,798900,1
35438.036,1,1132927,1000,798700,1
35438.63,2,1132927,1000,798700,1
35438.648,1,1133435,1000,798400,1
35438.895,2,1115505,100,799400,1
35441.922,1,1136385,100,799400,1
35443.804,2,1122782,900,799510,1
35444.761,2,1118030,100,800560,-1
35444.965,1,1138977,100,800750,-1
35445.1,2,1133435,1000,798400,1
35445.117,1,1139122,1000,799000,1
35449.172,2,1120649,400,802600,-1
35449.196,1,1142669,400,803500,-1
35449.214,2,1121246,500,797100,1
35449.231,1,1142702,500,797900,1
35449.863,2,1138977,100,800750,-1
35450.147,1,1143561,100,800520,-1
35451.094,2,1139122,1000,799000,1
35451.111,1,1144415,1000,799200,1
35452.532,2,1142702,500,797900,1
35452.549,1,1145700,500,797300,1
35452.838,2,1144415,1000,799200,1
35452.849,1,1145986,1000,799000,1
35454.31,2,1145986,1000,799000,1
35454.324,1,1147226,1000,798800,1
35456.459,2,1142669,400,803500,-1
35456.472,1,1149050,400,802300,-1
35456.81,2,1143561,100,800520,-1
35456.875,2,1145700,500,797300,1
35456.893,1,1149429,500,796500,1
35457.052,1,1149561,100,800430,-1
35457.639,2,1149561,100,800430,-1
35457.949,1,1150411,100,800410,-1
35458.337,2,1150411,100,800410,-1
35458.475,1,1150862,100,800440,-1
35458.728,2,1150862,100,800440,-1
35458.987,1,1151230,100,800420,-1
35459.188,2,1151230,100,800420,-1
35459.237,1,1151390,100,800380,-1
35459.322,2,1151390,100,800380,-1
35459.354,1,1151474,100,800370,-1
35459.61,2,1151474,100,800370,-1
35459.689,2,1033725,1500,698500,1
35459.983,1,1151904,100,800340,-1
35460.444,2,1151904,100,800340,-1
35460.541,1,1152346,100,800330,-1
35460.891,2,1152346,100,800330,-1
35460.912,1,1152577,500,799920,1
35461.081,1,1152685,100,800270,-1
35461.242,2,1130777,500,799520,1
35461.312,2,1152685,100,800270,-1
35461.447,1,1152989,100,800260,-1
35461.647,2,1152989,100,800260,-1
35461.926,2,1136385,100,799400,1
35462.125,1,1153554,100,800240,-1
35462.651,2,1153554,100,800240,-1
35463.067,1,1154399,100,800350,-1
35463.596,2,1154399,100,800350,-1
35464.006,1,1155279,100,800450,-1
35464.479,2,1155279,100,800450,-1
35464.758,1,1155961,100,800390,-1
35465.948,2,1155961,100,800390,-1
35466.532,2,1099500,300,798200,1
35466.606,1,1157455,100,800350,-1
35467.242,2,1157455,100,800350,-1
35467.446,1,1158120,100,800370,-1
35467.869,1,1158448,100,799400,1
35468.838,2,1158120,100,800370,-1
35469.485,1,1159712,100,800620,-1
35470.507,2,1147226,1000,798800,1
35470.521,1,1160562,1000,799100,1
35470.721,1,1160758,500,799930,1
35475.647,2,1159712,100,800620,-1
35475.752,1,1164581,100,800680,-1
35476.29,2,1164581,100,800680,-1
35476.342,1,1164965,100,800690,-1
35476.588,2,1164965,100,800690,-1
35476.824,1,1165364,100,800750,-1
35477.52,2,1160562,1000,799100,1
35477.523,1,1165872,1000,799000,1
35479.697,2,1165364,100,800750,-1
35479.921,1,1167582,100,800710,-1
35480.719,2,1167582,100,800710,-1
35481.101,1,1168476,100,800610,-1
35481.529,2,1168476,100,800610,-1
35481.815,1,1169098,100,800620,-1
35482.394,2,1169098,100,800620,-1
35482.505,1,1169615,100,800660,-1
35483.848,2,1165872,1000,799000,1
35483.857,1,1170635,1000,799200,1
35486.427,2,1119541,1000,803800,-1
35486.441,1,1172648,1000,805500,-1
35487.584,2,1149429,500,796500,1
35487.599,1,1173420,500,797500,1
35487.866,2,1158448,100,799400,1
35488.897,2,1169615,100,800660,-1
35488.9,1,1174236,100,799400,1
35489.526,1,1174769,100,800690,-1
35490.459,2,1174769,100,800690,-1
35490.692,1,1175551,100,800670,-1
35490.894,2,1175551,100,800670,-1
35491.028,1,1175803,100,800640,-1
35491.227,2,1175803,100,800640,-1
35491.285,1,1176003,100,800660,-1
35491.972,2,1176003,100,800660,-1
35492.026,1,1176574,100,800660,-1
35492.334,2,1176574,100,800660,-1
35492.396,1,1176862,100,800680,-1
35492.576,2,1176862,100,800680,-1
35492.705,1,1177080,100,800640,-1
35492.873,2,1177080,100,800640,-1
35492.961,1,1177305,100,800640,-1
35493.201,2,1177305,100,800640,-1
35493.251,1,1177511,100,800610,-1
35493.999,2,1177511,100,800610,-1
35494.604,1,1178480,100,800650,-1
35494.695,2,1178480,100,800650,-1
35494.742,1,1178575,100,800650,-1
35495.079,2,1178575,100,800650,-1
35495.113,1,1178831,100,800660,-1
35495.293,2,1178831,100,800660,-1
35495.354,1,1178996,100,800650,-1
35495.396,2,1178996,100,800650,-1
35495.664,1,1179165,100,800650,-1
35495.98,2,1179165,100,800650,-1
35496.087,1,1179466,100,800650,-1
35496.151,2,1179466,100,800650,-1
35496.211,1,1179555,100,800650,-1
35496.428,2,1179555,100,800650,-1
35496.472,1,1179702,100,800660,-1
35496.729,2,1179702,100,800660,-1
35496.846,1,1179934,100,800660,-1
35497.342,2,1179934,100,800660,-1
35497.378,1,1180337,100,800650,-1
35497.543,2,1180337,100,800650,-1
35497.576,1,1180508,100,800660,-1
35498.016,2,1180508,100,800660,-1
35498.168,1,1180964,100,800690,-1
35498.329,2,1180964,100,800690,-1
35498.389,1,1181119,100,800700,-1
35499.941,2,1181119,100,800700,-1
35500.082,1,1182207,100,800680,-1
35500.695,2,1182207,100,800680,-1
35500.81,1,1182714,100,800640,-1
35501.081,2,1182714,100,800640,-1
35501.109,1,1182913,100,800630,-1
35501.41,2,1182913,100,800630,-1
35501.447,1,1183079,100,800620,-1
35501.749,2,1183079,100,800620,-1
35501.791,1,1183273,100,800620,-1
35501.968,2,1183273,100,800620,-1
35501.994,1,1183396,100,800610,-1
35502.131,2,1183396,100,800610,-1
35502.18,1,1183545,100,800600,-1
35502.737,2,1183545,100,800600,-1
35502.906,1,1184127,100,800530,-1
35503.169,2,1184127,100,800530,-1
35503.199,1,1184307,100,800540,-1
35503.235,2,1184307,100,800540,-1
35503.285,1,1184364,100,800570,-1
35503.504,2,1184364,100,800570,-1
35503.542,1,1184537,100,800560,-1
35503.826,2,1184537,100,800560,-1
35504.004,1,1184867,100,800550,-1
35504.6,2,1184867,100,800550,-1
35504.834,1,1185544,100,800530,-1
35505.076,2,1160758,500,799930,1
35505.327,2,1185544,100,800530,-1
35505.811,1,1186292,100,800420,-1
35506.434,2,1186292,100,800420,-1
35506.597,1,1186854,100,800410,-1
35506.628,2,1172648,1000,805500,-1
35506.631,2,1170635,1000,799200,1
35506.643,1,1186888,900,803400,-1
35506.645,1,1186890,1000,799000,1
35507.018,2,1186854,100,800410,-1
35507.172,1,1187330,100,800430,-1
35507.776,2,1187330,100,800430,-1
35507.902,1,1187870,100,800420,-1
35508.028,2,1187870,100,800420,-1
35508.074,1,1187989,100,800420,-1
35508.557,2,1187989,100,800420,-1
35508.728,1,1188504,100,800540,-1
35508.75,2,1186890,1000,799000,1
35508.776,1,1188563,1000,798700,1
35508.897,2,1174236,100,799400,1
35509.294,2,1188504,100,800540,-1
35509.455,1,1189123,100,800600,-1
35509.597,2,1189123,100,800600,-1
35509.757,1,1189374,100,800590,-1
35509.897,1,1189475,100,799400,1
35510.118,2,1189374,100,800590,-1
35510.294,1,1189747,300,800330,1
35510.331,1,1189778,100,800570,-1
35510.484,2,1189778,100,800570,-1
35510.557,1,1189964,100,800570,-1
35510.626,2,1189964,100,800570,-1
35510.831,1,1190174,100,800610,-1
35511.47,2,1190174,100,800610,-1
35511.99,1,1191060,100,800730,-1
35512.222,5,1189786,100,800370,1
35512.693,5,1190058,300,800370,1
35513.607,2,1191060,100,800730,-1
35514.055,1,1192728,100,800610,-1
35514.367,2,1192728,100,800610,-1
35514.411,1,1192967,100,800610,-1
35514.663,2,1192967,100,800610,-1
35514.819,1,1193268,100,800590,-1
35514.874,2,1188563,1000,798700,1
35514.884,1,1193335,1000,799100,1
35515.952,2,1193268,100,800590,-1
35516.083,1,1194261,100,800660,-1
35517.028,2,1194261,100,800660,-1
35517.099,5,1190058,100,800370,1
35517.179,1,1195082,100,800660,-1
35517.272,2,1195082,100,800660,-1
35517.339,1,1195200,100,800660,-1
35517.652,2,1195200,100,800660,-1
35518.188,1,1195792,100,800530,-1
35518.24,4,1195792,100,800530,-1
35518.858,2,1193335,1000,799100,1
35518.863,1,1196307,1000,798900,1
35520.828,1,1197893,1,10000,1
35521.036,5,1197813,300,800380,1
35521.036,5,1195834,400,800370,1
35521.036,4,1189747,100,800330,1
35522.028,4,1189747,200,800330,1
35528.971,2,1196307,1000,798900,1
35528.974,1,1204106,1000,799100,1
35529.898,2,1189475,100,799400,1
35530.862,1,1205318,100,799300,1
35530.947,2,1204106,1000,799100,1
35530.951,1,1205401,1000,798900,1
35533.485,2,1152577,500,799920,1
35533.655,2,1097053,2,810000,-1
35533.679,1,1207291,500,799310,1
35535.143,1,1208294,200,800200,-1
35537.082,2,1208294,200,800200,-1
35537.086,1,1209545,200,800000,-1
35541.638,2,1149050,400,802300,-1
35541.656,1,1213172,400,803000,-1
35541.966,2,1205401,1000,798900,1
35541.976,1,1213460,1000,798700,1
35546.597,1,1216805,100,798900,1
35549.39,1,1218489,100,799500,1
35549.601,2,1207291,500,799310,1
35549.629,1,1218669,2,810000,-1
35549.841,1,1218808,500,799510,1
35550.871,2,1205318,100,799300,1
35551.21,2,1209545,200,800000,-1
35551.879,1,1220127,100,799400,1
35553.496,1,1221122,200,800200,-1
35554.504,1,1221752,100,799700,1
35554.691,2,1218808,500,799510,1
35554.781,1,1221928,500,799710,1
35556.072,2,1221752,100,799700,1
35556.072,2,1218489,100,799500,1
35556.229,4,1221122,200,800200,-1
35558.3,2,1173420,500,797500,1
35558.317,1,1225055,500,798100,1
35559.266,2,1213460,1000,798700,1
35559.283,1,1225728,1000,799100,1
35564.725,2,1220127,100,799400,1
35564.882,2,1221928,500,799710,1
35564.898,1,1230074,100,799900,1
35564.912,1,1230085,500,799810,1
35564.945,2,1218669,2,810000,-1
35565.053,2,1230085,500,799810,1
35565.098,1,1230212,500,799910,1
35565.546,1,1230526,2,810000,-1
35569.202,2,1216805,100,798900,1
35569.204,1,1232952,300,800000,1
35569.611,2,1230212,500,799910,1
35569.897,1,1233491,500,800010,1
35577.753,2,1233491,500,800010,1
35583.347,2,1213172,400,803000,-1
35583.374,1,1243873,400,804200,-1
35584.899,2,1230074,100,799900,1
35585.184,2,1225728,1000,799100,1
35585.191,1,1245576,1000,798800,1
35585.897,1,1246235,100,799800,1
35586.903,2,1246235,100,799800,1
35587.037,1,1247212,200,800100,1
35587.21,4,1247212,200,800100,1
35587.513,2,1225055,500,798100,1
35587.527,1,1247649,500,798700,1
35587.888,1,1247982,100,799800,1
35587.968,2,1247982,100,799800,1
35588.881,1,1248779,100,799800,1
35588.96,2,1248779,100,799800,1
35589.874,1,1249533,100,799800,1
35589.965,2,1249533,100,799800,1
35590.878,1,1250171,100,799800,1
35590.919,2,1250171,100,799800,1
35591.648,2,1123192,300,805600,-1
35591.916,1,1250840,100,799800,1
35591.973,2,1250840,100,799800,1
35592.612,2,1186888,900,803400,-1
35592.616,1,1251264,900,802400,-1
35592.851,2,1247649,500,798700,1
35592.864,1,1251414,500,798300,1
35592.865,1,1251415,1000,801800,-1
35596.156,2,1230526,2,810000,-1
35603.158,1,1258299,500,800010,1
35603.511,1,1258569,300,807800,-1
35603.877,1,1258842,100,797500,1
35605.508,2,1251415,1000,801800,-1
35608.897,2,1251414,500,798300,1
35608.908,1,1262379,500,797800,1
35610.217,2,1251264,900,802400,-1
35610.218,2,1245576,1000,798800,1
35610.23,1,1263429,600,802000,-1
35610.232,1,1263430,1000,798300,1
35610.331,2,1258299,500,800010,1
35612.749,2,1243873,400,804200,-1
35612.759,1,1265583,400,803100,-1
35615.236,1,1267750,1000,801000,-1
35617.626,2,1263430,1000,798300,1
35617.641,1,1269636,1000,797700,1
35617.791,2,1263429,600,802000,-1
35617.795,1,1269771,600,801500,-1
35619.774,1,1271366,500,800010,1
35620.361,2,1267750,1000,801000,-1
35621.744,2,1269771,600,801500,-1
35621.748,1,1272841,600,801700,-1
35622.007,2,1271366,500,800010,1
35622.212,1,1273208,500,800280,1
35625.139,2,1273208,500,800280,1
35625.565,1,1276198,500,800070,1
35625.896,1,1276487,100,801000,-1
35635.622,2,1276198,500,800070,1
35639.936,2,1272841,600,801700,-1
35639.958,1,1285811,600,801400,-1
35641.649,2,1285811,600,801400,-1
35641.653,1,1286945,600,801600,-1
35641.854,1,1287132,500,800090,1
35644.393,2,1286945,600,801600,-1
35644.416,1,1288742,600,802000,-1
35645.017,2,1265583,400,803100,-1
35645.018,2,1262379,500,797800,1
35645.03,1,1289169,200,801600,-1
35645.032,1,1289170,500,795900,1
35645.901,2,1276487,100,801000,-1
35646.607,2,1287132,500,800090,1
35646.668,1,1290221,500,800330,1
35647.034,1,1290473,2,810000,-1
35647.155,1,1290532,9,835300,-1
35647.902,1,1291022,100,800500,1
35647.908,2,1290221,500,800330,1
35647.983,2,1291022,100,800500,1
35648.082,2,1290473,2,810000,-1
35648.089,2,1290532,9,835300,-1
35648.446,1,1291346,500,800130,1
35649.08,1,1291764,100,800500,1
35649.141,2,1291764,100,800500,1
35649.886,1,1292252,100,800500,1
35649.951,2,1292252,100,800500,1
35650.009,2,1291346,500,800130,1
35650.05,1,1292378,500,800040,1
35650.118,2,1288742,600,802000,-1
35650.12,2,1269636,1000,797700,1
35650.138,1,1292451,900,802600,-1
35650.141,1,1292454,1000,798800,1
35650.892,1,1292970,100,800500,1
35650.982,2,1292970,100,800500,1
35651.886,1,1293710,100,800500,1
35651.946,2,1293710,100,800500,1
35652.859,1,1294256,100,800500,1
35652.922,2,1294256,100,800500,1
35652.948,2,1292378,500,800040,1
35653.107,1,1294477,500,800140,1
35654.509,2,1289169,200,801600,-1
35654.513,1,1295331,200,802000,-1
35655.831,2,1294477,500,800140,1
35655.999,1,1296497,500,800390,1
35658.661,2,1296497,500,800390,1
35658.775,1,1298701,500,800160,1
35660.255,1,1299647,500,801000,-1
35665.919,2,1298701,500,800160,1
35666.096,1,1303138,500,800380,1
35667.431,2,1299647,500,801000,-1
35668.905,1,1304951,100,800600,1
35669.138,1,1305072,2,810000,-1
35669.16,2,1303138,500,800380,1
35669.252,1,1305144,9,835300,-1
35672.859,2,1292451,900,802600,-1
35672.878,1,1307385,600,802300,-1
35673.783,2,1304951,100,800600,1
35673.957,2,1305072,2,810000,-1
35673.964,2,1305144,9,835300,-1
35673.973,1,1308132,500,800600,1
35674.525,1,1308488,2,810000,-1
35674.534,1,1308495,9,835300,-1
35675.539,2,1308488,2,810000,-1
35675.545,2,1308495,9,835300,-1
35681.179,2,1308132,500,800600,1
35681.461,1,1312023,500,800930,1
35683.068,1,1312944,500,801200,-1
35683.348,1,1313099,9,835300,-1
35683.461,1,1313187,2,810000,-1
35683.641,2,1295331,200,802000,-1
35683.653,1,1313262,200,802300,-1
35685.465,2,1312944,500,801200,-1
35686.087,2,1312023,500,800930,1
35686.264,2,1313099,9,835300,-1
35686.272,2,1313187,2,810000,-1
35686.287,1,1314930,500,800700,1
35687.721,1,1316043,9,835300,-1
35687.735,2,1307385,600,802300,-1
35687.737,1,1316058,600,802600,-1
35687.861,1,1316184,2,810000,-1
35690.262,2,1313262,200,802300,-1
35690.264,2,1289170,500,795900,1
35690.283,1,1317823,400,803000,-1
35690.287,1,1317827,500,797700,1
35697.147,2,1316058,600,802600,-1
35697.159,1,1322218,900,801500,-1
35697.16,1,1322220,600,802000,-1
35697.753,2,1322218,900,801500,-1
35697.883,1,1322782,1000,801500,-1
35698.95,2,1322782,1000,801500,-1
35699.712,2,1314930,500,800700,1
35699.799,1,1324050,500,800460,1
35699.816,2,1316043,9,835300,-1
35699.822,2,1316184,2,810000,-1
35699.966,1,1324160,1000,801700,-1
35700.716,2,1324160,1000,801700,-1
35702.144,1,1325496,1000,801700,-1
35703.918,1,1326550,100,801700,-1
35704.361,2,1322220,600,802000,-1
35704.364,1,1326915,600,802100,-1
35705.707,1,1328003,2,810000,-1
35705.833,1,1328092,9,835300,-1
35707.15,2,1326915,600,802100,-1
35707.154,1,1329194,600,802300,-1
35708.936,2,1324050,500,800460,1
35709.066,2,1325496,1000,801700,-1
35709.097,1,1330779,500,800790,1
35713.523,2,1329194,600,802300,-1
35713.526,1,1333862,600,802500,-1
35714.176,1,1334246,500,801300,-1
35715.759,2,1334246,500,801300,-1
35715.765,1,1335196,500,801300,-1
35717.608,2,1330779,500,800790,1
35717.787,1,1336587,500,801030,1
35718.065,1,1336802,200,801700,-1
35719.869,2,1336587,500,801030,1
35720.327,1,1338623,500,800730,1
35720.676,2,1336802,200,801700,-1
35720.897,2,1317823,400,803000,-1
35720.9,1,1339131,400,803500,-1
35721.466,2,1326550,100,801700,-1
35721.803,1,1339768,1000,801200,-1
35721.903,2,1338623,500,800730,1
35722.073,1,1339935,500,800460,1
35722.517,1,1340225,1000,801100,-1
35722.602,2,1339768,1000,801200,-1
35723.942,2,1340225,1000,801100,-1
35725.896,1,1342248,100,801100,-1
35726.335,2,1335196,500,801300,-1
35727.5,2,1328003,2,810000,-1
35727.507,2,1328092,9,835300,-1
35727.637,2,1339935,500,800460,1
35727.824,1,1343453,500,800710,1
35728.501,1,1343812,2,810000,-1
35728.527,1,1343829,9,835300,-1
35728.949,1,1344075,900,801100,-1
35729.524,2,1343812,2,810000,-1
35729.531,2,1343829,9,835300,-1
35729.995,1,1344755,2,810000,-1
35730.046,1,1344787,9,835300,-1
35732.231,2,1344755,2,810000,-1
35732.237,2,1344787,9,835300,-1
35732.881,1,1346311,2,810000,-1
35732.89,1,1346321,9,835300,-1
35732.98,2,1346311,2,810000,-1
35732.987,2,1346321,9,835300,-1
35736.078,1,1348015,2,810000,-1
35736.183,1,1348124,9,835300,-1
35736.716,2,1348015,2,810000,-1
35736.724,2,1348124,9,835300,-1
35737.362,2,1333862,600,802500,-1
35737.379,1,1348966,900,803100,-1
35737.622,1,1349102,2,810000,-1
35737.63,1,1349109,9,835300,-1
35737.833,2,1349102,2,810000,-1
35737.84,2,1349109,9,835300,-1
35739.0,2,1343453,500,800710,1
35739.147,1,1350286,500,800900,1
35739.177,1,1350314,2,810000,-1
35739.181,1,1350319,9,835300,-1
35739.638,2,1350286,500,800900,1
35739.775,1,1350735,500,800510,1
35741.129,2,1350314,2,810000,-1
35741.136,2,1350319,9,835300,-1
35742.734,1,1352737,900,801000,-1
35742.872,2,1342248,100,801100,-1
35743.4,2,1292454,1000,798800,1
35743.416,1,1353397,1000,799500,1
35744.044,2,1348966,900,803100,-1
35744.056,1,1354022,900,803800,-1
35746.694,5,1352755,200,800980,-1
35747.84,4,1352737,400,801000,-1
35748.325,4,1352737,500,801000,-1
35749.037,2,1344075,900,801100,-1
35749.558,2,1354022,900,803800,-1
35749.575,1,1359545,1000,805400,-1
35749.974,2,1353397,1000,799500,1
35749.988,1,1359894,1000,800300,1
35750.946,2,1359894,1000,800300,1
35750.962,1,1360769,1000,800100,1
35752.888,1,1362409,100,800500,1
35764.742,1,1371543,500,802500,-1
35765.574,2,1360769,1000,800100,1
35765.597,1,1372278,1000,799800,1
35767.651,2,1359545,1000,805400,-1
35767.654,1,1373531,900,804000,-1
35770.471,2,1371543,500,802500,-1
35772.736,2,1362409,100,800500,1
35772.891,1,1376879,100,801400,1
35772.974,2,1350735,500,800510,1
35773.676,1,1377342,2,810000,-1
35773.844,1,1377435,9,835300,-1
35778.98,5,1376741,300,801550,1
35778.98,5,1378422,200,801500,1
35779.119,5,1378422,500,801500,1
35781.046,2,1372278,1000,799800,1
35781.049,1,1381300,1000,799400,1
35783.145,2,1339131,400,803500,-1
35783.147,2,1317827,500,797700,1
35783.16,1,1382438,200,802500,-1
35783.162,1,1382439,500,796000,1
35792.895,2,1376879,100,801400,1
35793.034,2,1377342,2,810000,-1
35793.04,2,1377435,9,835300,-1
35793.177,2,1373531,900,804000,-1
35793.192,1,1388435,600,803100,-1
35793.251,1,1388478,500,800890,1
35794.856,1,1390004,600,801800,-1
35795.074,2,1381300,1000,799400,1
35795.077,1,1390216,1000,798800,1
35795.372,2,1388478,500,800890,1
35795.634,1,1390776,500,800680,1
35796.738,2,1382438,200,802500,-1
35796.776,1,1392167,200,802200,-1
35798.749,1,1394102,1000,801600,-1
35798.756,2,1390004,600,801800,-1
35799.398,1,1394662,9,835300,-1
35799.403,1,1394666,2,810000,-1
35799.868,2,1388435,600,803100,-1
35799.912,1,1395125,600,802300,-1
35800.076,2,1390776,500,800680,1
35800.215,1,1395430,500,800460,1
35801.95,2,1395430,500,800460,1
35802.107,1,1397052,500,800540,1
35802.168,2,1395125,600,802300,-1
35802.18,1,1397110,600,802500,-1
35802.576,1,1397414,200,801200,-1
35802.659,1,1397464,1200,800000,1
35803.522,2,1392167,200,802200,-1
35803.542,1,1398201,200,802500,-1
35808.102,2,1398201,200,802500,-1
35808.111,1,1401628,200,802200,-1
35808.453,1,1401899,1000,801500,-1
35808.47,2,1394102,1000,801600,-1
35812.189,2,1401628,200,802200,-1
35812.194,1,1404214,200,802000,-1
35818.67,2,1397052,500,800540,1
35818.773,1,1407882,500,800760,1
35819.498,2,1397414,200,801200,-1
35823.932,1,1411280,500,801300,-1
35824.547,2,1404214,200,802000,-1
35824.557,1,1411679,200,801800,-1
35825.458,2,1411679,200,801800,-1
35825.471,1,1412160,200,802000,-1
35826.108,2,1401899,1000,801500,-1
35827.701,1,1413156,1000,802000,-1
35827.797,2,1413156,1000,802000,-1
35828.251,1,1413566,1000,802000,-1
35829.043,2,1397110,600,802500,-1
35829.048,1,1414200,600,802800,-1
35830.049,2,1412160,200,802000,-1
35830.053,1,1414879,200,802100,-1
35831.338,5,1413410,500,801260,-1
35831.718,2,1411280,500,801300,-1
35833.857,2,1414879,200,802100,-1
35833.86,1,1417337,200,801900,-1
35835.203,1,1418441,500,801800,-1
35835.531,2,1414200,600,802800,-1
35835.536,1,1418761,600,802400,-1
35836.882,1,1419974,100,801800,-1
35837.447,1,1420376,1000,801900,-1
35837.537,2,1413566,1000,802000,-1
35837.651,2,1417337,200,801900,-1
35837.667,1,1420564,200,802000,-1
35838.877,2,1407882,500,800760,1
35839.005,1,1421619,500,800980,1
35839.612,2,1420376,1000,801900,-1
35839.888,1,1422304,200,801700,-1
35840.147,2,1418441,500,801800,-1
35840.885,1,1423161,25,801900,-1
35843.29,1,1424782,1000,801800,-1
35843.95,2,1418761,600,802400,-1
35843.953,1,1425236,600,802600,-1
35844.827,2,1420564,200,802000,-1
35844.837,1,1425787,200,802100,-1
35845.246,1,1426066,100,801700,-1
35845.95,2,1423161,25,801900,-1
35846.031,2,1422304,200,801700,-1
35847.052,1,1427163,1000,801600,-1
35847.139,2,1424782,1000,801800,-1
35848.225,1,1427879,200,801400,-1
35848.798,2,1421619,500,800980,1
35849.141,1,1428426,500,801270,1
35849.843,2,1427163,1000,801600,-1
35850.192,2,1427879,200,801400,-1
35851.667,1,1430167,1000,801600,-1
35851.982,2,1425787,200,802100,-1
35851.998,1,1430429,200,802400,-1
35852.027,2,1428426,500,801270,1
35852.073,5,1430446,500,801350,-1
35852.213,2,1430167,1000,801600,-1
35853.002,1,1431005,200,801300,-1
35853.25,4,1431005,200,801300,-1
35853.887,2,1419974,100,801800,-1
35854.031,2,1394662,9,835300,-1
35854.039,2,1394666,2,810000,-1
35854.455,2,1430429,200,802400,-1
35854.467,1,1431944,200,802600,-1
35856.99,1,1433706,9,835300,-1
35856.998,1,1433710,2,810000,-1
35859.947,1,1435756,100,801500,-1
35861.666,2,1433706,9,835300,-1
35861.673,2,1433710,2,810000,-1
35861.875,2,1435756,100,801500,-1
35862.301,4,1426066,100,801700,-1
35862.386,1,1437199,500,801840,-1
35862.615,2,1437199,500,801840,-1
35862.892,1,1437473,100,801400,1
35862.977,1,1437511,500,801830,-1
35863.539,1,1437899,9,835300,-1
35863.651,1,1437958,2,810000,-1
35863.653,2,1437511,500,801830,-1
35863.785,1,1438051,500,801800,-1
35863.876,2,1438051,500,801800,-1
35864.021,2,1232952,300,800000,1
35864.025,1,1438195,100,801500,1
35864.066,1,1438215,500,801790,-1
35864.592,2,1438215,500,801790,-1
35864.869,1,1438696,500,801810,-1
35865.164,2,1438696,500,801810,-1
35865.249,1,1438908,500,801840,-1
35865.457,2,1438908,500,801840,-1
35865.534,1,1439125,500,801800,-1
35865.894,2,1439125,500,801800,-1
35866.022,1,1439379,500,801780,-1
35866.181,2,1439379,500,801780,-1
35866.477,1,1439570,500,801790,-1
35866.701,2,1439570,500,801790,-1
35866.814,1,1439755,500,801820,-1
35866.918,2,1439755,500,801820,-1
35866.985,1,1439839,500,801830,-1
35867.285,2,1439839,500,801830,-1
35867.394,1,1440055,500,801840,-1
35867.677,2,1440055,500,801840,-1
35867.765,1,1440289,500,801850,-1
35869.888,2,1437473,100,801400,1
35870.881,1,1442106,100,801400,1
35870.931,2,1442106,100,801400,1
35871.882,1,1442752,100,801400,1
35874.532,2,1440289,500,801850,-1
35874.569,1,1444347,500,802080,-1
35880.914,2,1444347,500,802080,-1
35881.092,1,1447725,500,801990,-1
35881.138,5,1446352,500,801700,1
35881.797,2,1447725,500,801990,-1
35882.011,1,1448249,500,801800,-1
35882.306,2,1425236,600,802600,-1
35882.323,1,1448453,600,803000,-1
35882.396,2,1448249,500,801800,-1
35882.566,1,1448658,500,801930,-1
35883.559,2,1448658,500,801930,-1
35883.597,1,1449297,1000,801500,1
35883.665,1,1449339,500,801940,-1
35883.734,2,1449339,500,801940,-1
35884.008,1,1449489,500,801910,-1
35884.185,2,1449489,500,801910,-1
35884.459,1,1449732,500,801920,-1
35884.594,2,1448453,600,803000,-1
35884.596,2,1390216,1000,798800,1
35884.603,2,1431944,200,802600,-1
35884.607,1,1449825,900,803600,-1
35884.608,1,1449826,1000,799800,1
35884.622,1,1449843,200,803000,-1
35884.634,2,1449732,500,801920,-1
35884.974,1,1450030,500,801900,-1
35885.137,2,1450030,500,801900,-1
35885.184,1,1450138,500,801890,-1
35886.62,2,1450138,500,801890,-1
35886.988,1,1451042,500,801690,-1
35887.423,2,1438195,100,801500,1
35888.063,2,1449826,1000,799800,1
35888.08,1,1451731,1000,798500,1
35889.593,4,1449297,200,801500,1
35889.613,4,1449297,500,801500,1
35890.892,2,1449825,900,803600,-1
35890.898,1,1453473,600,802500,-1
35891.591,2,1453473,600,802500,-1
35891.609,1,1453973,600,802900,-1
35891.772,1,1454080,150,802000,-1
35891.878,2,1442752,100,801400,1
35892.262,4,1449297,300,801500,1
35892.374,2,1437899,9,835300,-1
35892.375,2,1437958,2,810000,-1
35892.662,1,1454563,500,801010,1
35897.686,1,1457173,9,835300,-1
35898.701,1,1457588,2,810000,-1
35908.92,1,1462876,500,800810,1
35910.406,2,1457173,9,835300,-1
35910.415,2,1457588,2,810000,-1
35911.91,1,1464448,9,835300,-1
35912.024,1,1464504,2,810000,-1
35912.072,2,1453973,600,802900,-1
35912.076,1,1464538,600,802500,-1
35912.425,2,1449843,200,803000,-1
35912.443,1,1464784,200,802500,-1
35912.467,1,1464799,120,800000,1
35912.954,2,1451042,500,801690,-1
35913.141,2,1464538,600,802500,-1
35913.144,1,1465148,600,802800,-1
35913.677,1,1465397,500,801690,-1
35914.873,1,1466081,1000,801500,-1
35915.088,2,1454563,500,801010,1
35915.12,2,1465397,500,801690,-1
35915.528,1,1466524,500,800820,1
35915.541,1,1466527,500,801490,-1
35915.973,1,1466815,1000,801490,-1
35918.737,2,1466524,500,800820,1
35922.811,1,1471616,200,801400,-1
35922.965,2,1466527,500,801490,-1
35923.001,1,1471728,500,801400,-1
35923.276,2,1466815,1000,801490,-1
35924.53,2,1466081,1000,801500,-1
35925.444,2,1471616,200,801400,-1
35925.445,2,1471728,500,801400,-1
35926.516,1,1474028,600,801600,-1
35926.624,1,1474105,500,801390,-1
35927.197,2,1474028,600,801600,-1
35928.178,2,1474105,500,801390,-1
35929.082,5,1472745,200,800860,1
35929.082,4,1462876,200,800810,1
35930.41,1,1476568,500,801390,-1
35933.354,2,1476568,500,801390,-1
35933.983,1,1478626,500,801390,-1
35944.234,2,1478626,500,801390,-1
35945.137,1,1485728,500,801400,-1
35946.28,2,1451731,1000,798500,1
35946.3,1,1486537,1000,799300,1
35946.479,2,1465148,600,802800,-1
35946.504,1,1486727,600,803300,-1
35946.634,1,1486825,500,800820,1
35949.921,2,1464448,9,835300,-1
35949.928,2,1464504,2,810000,-1
35949.934,2,1485728,500,801400,-1
35950.542,1,1489601,500,801490,-1
35954.384,2,1489601,500,801490,-1
35955.15,1,1492100,500,801500,-1
35959.834,2,1492100,500,801500,-1
35960.632,1,1495066,500,801590,-1
35960.889,2,1495066,500,801590,-1
35960.924,1,1495239,500,801500,-1
35963.642,4,1495239,500,801500,-1
35985.983,2,1486825,500,800820,1
35988.689,1,1513040,2,810000,-1
35988.81,1,1513134,9,835300,-1
35992.29,1,1515665,1000,801700,-1
35992.3,2,1515665,1000,801700,-1
35994.051,2,1513040,2,810000,-1
35994.057,2,1513134,9,835300,-1
35996.562,1,1518983,1000,801600,-1
35997.177,1,1519567,1000,801700,-1
35997.644,2,1486727,600,803300,-1
35997.646,2,1486537,1000,799300,1
35997.659,1,1520036,600,802500,-1
35997.662,1,1520038,1000,798700,1
35999.063,2,1464784,200,802500,-1
