34215.339,2,139499,300,807900,-1
34215.567,2,136814,300,787600,1
34215.703,1,153971,300,805700,-1
34216.45,2,153971,300,805700,-1
34216.759,1,154351,300,790100,1
34217.494,1,154554,300,805700,-1
34224.028,2,154554,300,805700,-1
34227.599,1,157918,300,805600,-1
34237.66,2,157918,300,805600,-1
34250.656,2,154351,300,790100,1
34252.252,1,167750,300,805400,-1
34252.658,2,167750,300,805400,-1
34267.401,1,174822,300,788800,1
34270.18,1,176346,300,805300,-1
34270.905,2,176346,300,805300,-1
34292.49,1,188252,300,804700,-1
34307.798,2,174822,300,788800,1
34326.983,1,202689,300,790100,1
34331.655,1,204877,800,797180,-1
34332.173,1,205097,800,795120,1
34332.85,2,205097,800,795120,1
34332.852,2,204877,800,797180,-1
34332.954,1,205386,800,797280,-1
34333.238,1,205500,1000,797100,1
34333.483,4,205500,1000,797100,1
34333.498,1,205604,800,795220,1
34333.702,1,205708,300,801680,-1
34334.089,2,205604,800,795220,1
34334.091,2,205386,800,797280,-1
34334.157,1,205896,800,797380,-1
34334.702,1,206100,800,795320,1
34335.859,1,206602,1000,796000,1
34339.097,2,206100,800,795320,1
34339.099,2,205896,800,797380,-1
34339.175,1,207840,700,796300,1
34339.209,1,207858,800,797680,-1
34339.266,2,207840,700,796300,1
34339.735,1,208050,800,795620,1
34340.11,2,206602,1000,796000,1
34340.177,1,208260,1000,796500,1
34341.222,2,208050,800,795620,1
34341.224,2,207858,800,797680,-1
34341.289,1,208635,800,797780,-1
34341.88,1,208844,800,795720,1
34343.391,2,208844,800,795720,1
34343.394,2,208635,800,797780,-1
34343.539,1,209474,800,797880,-1
34344.02,1,209664,800,795820,1
34345.474,2,209664,800,795820,1
34345.477,2,209474,800,797880,-1
34345.646,1,210284,800,797980,-1
34346.163,1,210476,800,795920,1
34347.666,2,210476,800,795920,1
34347.667,2,210284,800,797980,-1
34347.672,1,210999,800,798180,-1
34348.23,1,211181,800,796120,1
34349.041,2,211181,800,796120,1
34349.042,2,210999,800,798180,-1
34349.048,1,211474,800,797980,-1
34349.383,2,211474,800,797980,-1
34349.556,1,211747,800,798180,-1
34349.77,2,211747,800,798180,-1
34349.885,2,208260,1000,796500,1
34349.947,1,211981,1000,796800,1
34350.04,1,212028,800,797980,-1
34350.593,1,212381,800,795920,1
34350.984,2,212381,800,795920,1
34350.986,2,212028,800,797980,-1
34351.129,1,212700,800,798280,-1
34351.366,2,138591,850,790100,1
34351.373,1,212802,850,792100,1
34351.536,2,212700,800,798280,-1
34351.674,1,212979,800,798180,-1
34351.833,2,212979,800,798180,-1
34352.344,1,213320,800,798280,-1
34352.752,2,213320,800,798280,-1
34352.932,1,213619,800,798080,-1
34353.107,2,213619,800,798080,-1
34353.485,1,213907,800,798280,-1
34354.001,1,214174,800,796220,1
34360.047,2,214174,800,796220,1
34360.049,2,213907,800,798280,-1
34360.057,1,216419,800,798080,-1
34360.221,2,216419,800,798080,-1
34360.715,1,216690,800,798280,-1
34361.241,1,216914,800,796220,1
34363.184,1,217611,100,797500,-1
34363.498,2,216914,800,796220,1
34363.5,2,216690,800,798280,-1
34363.657,1,217790,800,796420,1
34364.253,1,218015,800,798480,-1
34366.273,2,217790,800,796420,1
34366.275,2,218015,800,798480,-1
34366.392,1,219001,800,796320,1
34367.086,1,219266,800,798380,-1
34369.077,2,219001,800,796320,1
34369.083,2,219266,800,798380,-1
34369.085,1,220129,800,796520,1
34369.121,2,211981,1000,796800,1
34369.194,1,220185,1000,797000,1
34369.543,1,220387,800,798580,-1
34370.199,2,220129,800,796520,1
34370.201,2,220387,800,798580,-1
34370.255,1,220724,800,796420,1
34370.357,2,220724,800,796420,1
34370.886,1,221050,800,796320,1
34371.487,1,221299,800,798380,-1
34371.993,2,221050,800,796320,1
34371.994,2,221299,800,798380,-1
34372.093,1,221533,800,796220,1
34372.629,1,221733,800,798280,-1
34377.132,2,221533,800,796220,1
34377.134,2,221733,800,798280,-1
34377.22,1,223396,800,796420,1
34377.95,1,223657,800,798480,-1
34378.922,2,223396,800,796420,1
34378.924,2,223657,800,798480,-1
34378.938,1,224027,800,796320,1
34379.155,2,224027,800,796320,1
34379.518,1,224272,800,796420,1
34379.656,2,224272,800,796420,1
34380.156,1,224645,800,796120,1
34380.503,2,224645,800,796120,1
34380.803,1,225023,800,796420,1
34381.006,2,225023,800,796420,1
34381.29,1,225325,800,796420,1
34381.709,2,225325,800,796420,1
34381.952,1,225776,800,798180,-1
34382.034,2,225776,800,798180,-1
34382.512,1,226076,800,796420,1
34383.038,1,226375,800,798480,-1
34384.474,2,226076,800,796420,1
34384.476,2,226375,800,798480,-1
34384.561,1,227279,800,798280,-1
34384.801,2,227279,800,798280,-1
34385.112,1,227600,800,796420,1
34385.264,2,217611,100,797500,-1
34385.618,1,227895,800,798480,-1
34386.192,2,227600,800,796420,1
34386.193,2,227895,800,798480,-1
34386.327,1,228288,800,798580,-1
34386.859,1,228576,800,796520,1
34388.477,2,220185,1000,797000,1
34388.547,1,229452,1000,797500,1
34389.02,2,228576,800,796520,1
34389.022,2,228288,800,798580,-1
34389.145,1,229734,800,798680,-1
34389.688,1,230014,800,796620,1
34390.632,2,230014,800,796620,1
34390.634,2,229734,800,798680,-1
34390.739,1,230479,800,798780,-1
34391.304,1,230689,800,796720,1
34393.362,2,230689,800,796720,1
34393.365,2,230479,800,798780,-1
34393.367,1,231849,800,798680,-1
34393.76,2,231849,800,798680,-1
34393.867,1,232177,800,798580,-1
34394.471,1,232503,800,796520,1
34395.627,2,232503,800,796520,1
34395.629,2,232177,800,798580,-1
34395.865,1,233355,800,798680,-1
34396.454,1,233660,800,796620,1
34398.091,2,233660,800,796620,1
34398.093,2,233355,800,798680,-1
34398.206,1,234631,800,798780,-1
34398.781,1,234927,800,796720,1
34400.357,1,235572,1000,797700,1
34401.573,2,234927,800,796720,1
34401.575,2,234631,800,798780,-1
34401.694,1,236113,800,798880,-1
34402.262,1,236338,800,796820,1
34402.324,2,229452,1000,797500,1
34402.425,1,236399,1000,797700,1
34402.474,2,236399,1000,797700,1
34404.937,2,236338,800,796820,1
34404.938,2,236113,800,798880,-1
34404.981,1,237629,800,799180,-1
34405.559,1,237968,800,797120,1
34408.262,2,237968,800,797120,1
34408.265,2,237629,800,799180,-1
34408.273,1,239365,800,798880,-1
34408.835,1,239694,800,796820,1
34410.01,1,240251,1000,797900,1
34410.014,2,235572,1000,797700,1
34410.527,2,239694,800,796820,1
34410.529,2,239365,800,798880,-1
34410.646,1,240551,800,798980,-1
34411.203,1,240770,800,796920,1
34413.171,2,240251,1000,797900,1
34415.112,1,242416,1000,797900,1
34417.448,2,240770,800,796920,1
34417.449,2,240551,800,798980,-1
34417.456,1,243427,800,799280,-1
34417.933,2,243427,800,799280,-1
34418.095,1,243811,800,798980,-1
34418.159,2,242416,1000,797900,1
34418.526,2,202689,300,790100,1
34418.672,1,244081,800,796920,1
34419.695,1,244530,1000,797800,1
34422.681,2,244081,800,796920,1
34422.684,2,243811,800,798980,-1
34422.816,1,245823,800,799080,-1
34423.351,2,244530,1000,797800,1
34423.375,1,246087,800,797020,1
34424.482,1,246536,1000,797800,1
34424.494,2,246087,800,797020,1
34424.495,2,245823,800,799080,-1
34424.604,1,246596,800,798980,-1
34424.785,2,246596,800,798980,-1
34425.109,1,246861,800,799080,-1
34425.672,1,247171,800,797020,1
34426.256,5,246709,100,798050,1
34431.667,2,247171,800,797020,1
34431.669,2,246861,800,799080,-1
34431.779,1,250017,800,798880,-1
34432.188,1,250263,800,796820,1
34435.655,5,246545,200,797850,1
34435.655,5,250027,200,797850,1
34435.655,5,246534,100,797810,1
34436.593,2,246536,1000,797800,1
34438.09,2,250263,800,796820,1
34438.094,2,250017,800,798880,-1
34438.192,1,252929,800,798980,-1
34438.605,1,253125,300,792100,1
34438.773,1,253221,800,796920,1
34438.815,2,252929,800,798980,-1
34438.831,2,253221,800,796920,1
34439.317,1,253517,800,799180,-1
34439.904,1,253848,800,797120,1
34444.542,2,253848,800,797120,1
34444.544,2,253517,800,799180,-1
34444.746,1,255999,800,798980,-1
34445.065,1,256132,1000,797700,1
34445.234,1,256221,800,796920,1
34445.492,2,212802,850,792100,1
34445.5,1,256346,850,794100,1
34451.07,2,256132,1000,797700,1
34451.497,1,258897,1000,797500,1
34453.148,1,259615,1,100,1
34454.748,2,255999,800,798980,-1
34454.952,1,260460,800,798980,-1
34455.238,2,256221,800,796920,1
34455.546,1,260712,800,796920,1
34458.239,1,261825,1000,797900,1
34458.323,2,258897,1000,797500,1
34458.427,2,261825,1000,797900,1
34458.447,2,259615,1,100,1
34458.747,1,262050,100,797410,1
34458.751,1,262054,1,9999900,-1
34458.815,2,260712,800,796920,1
34458.818,2,260460,800,798980,-1
34458.933,1,262144,800,796820,1
34459.499,1,262404,800,798880,-1
34460.348,2,262144,800,796820,1
34460.35,2,262404,800,798880,-1
34460.352,1,262839,800,797020,1
34460.986,1,263176,800,799080,-1
34462.778,2,262839,800,797020,1
34462.782,2,263176,800,799080,-1
34462.868,1,264082,800,796920,1
34463.39,1,264323,800,798980,-1
34464.467,2,264082,800,796920,1
34464.597,2,264323,800,798980,-1
34464.606,1,264877,800,796720,1
34464.779,2,262054,1,9999900,-1
34464.816,1,264993,1000,797900,1
34465.059,1,265134,100,9999990,-1
34465.187,1,265240,800,798780,-1
34465.246,2,264993,1000,797900,1
34466.328,2,264877,800,796720,1
34466.331,2,265240,800,798780,-1
34466.414,1,265956,800,798880,-1
34466.953,1,266224,800,796820,1
34469.498,2,266224,800,796820,1
34469.5,2,265956,800,798880,-1
34469.507,1,267372,800,797120,1
34470.084,1,267684,800,799180,-1
34470.15,2,265134,100,9999990,-1
34470.166,1,267727,1000,797900,1
34470.337,1,267792,100,9999990,-1
34470.535,2,262050,100,797410,1
34470.808,1,268022,100,797810,1
34472.362,2,267372,800,797120,1
34472.365,2,267684,800,799180,-1
34472.426,1,268737,800,799280,-1
34473.002,1,268966,800,797220,1
34474.668,2,268966,800,797220,1
34474.673,2,268737,800,799280,-1
34474.705,1,269785,800,799080,-1
34475.248,1,270060,800,797020,1
34477.209,2,267727,1000,797900,1
34484.307,2,270060,800,797020,1
34484.308,2,269785,800,799080,-1
34484.427,1,274337,800,799180,-1
34484.606,1,274410,1000,798300,-1
34484.766,2,274337,800,799180,-1
34485.061,1,274559,800,799080,-1
34485.409,1,274740,1000,798300,-1
34485.681,1,274892,800,797020,1
34489.775,2,274559,800,799080,-1
34489.778,2,274892,800,797020,1
34489.786,1,276582,800,798880,-1
34490.36,1,276840,800,796820,1
34494.368,1,278478,100,798300,-1
34494.624,1,278560,100,798300,-1
34494.779,2,276840,800,796820,1
34494.78,2,276582,800,798880,-1
34494.854,1,278715,800,798680,-1
34494.941,1,278791,100,798300,-1
34495.087,1,278886,100,798300,-1
34495.089,2,278478,100,798300,-1
34495.399,2,278560,100,798300,-1
34495.4,1,279067,800,796620,1
34495.522,1,279153,100,796700,1
34495.741,1,279311,100,796700,1
34495.874,2,278791,100,798300,-1
34495.874,2,278886,100,798300,-1
34495.976,2,279067,800,796620,1
34495.979,2,278715,800,798680,-1
34495.983,1,279445,800,798880,-1
34496.038,1,279485,100,798300,-1
34496.262,1,279602,100,798300,-1
34496.405,1,279676,800,798300,-1
34496.509,1,279727,800,796820,1
34496.562,1,279756,100,797000,1
34496.812,2,279153,100,796700,1
34496.813,1,279895,100,796900,1
34496.891,2,267792,100,9999990,-1
34496.894,2,268022,100,797810,1
34496.945,2,279311,100,796700,1
34496.982,2,279676,800,798300,-1
34497.294,1,280141,100,9999990,-1
34497.297,1,280143,100,797710,1
34498.158,2,279727,800,796820,1
34498.162,2,279445,800,798880,-1
34498.168,1,280524,800,798680,-1
34498.252,2,279895,100,796900,1
34498.253,1,280568,100,798300,-1
34498.253,2,279756,100,797000,1
34498.256,1,280572,100,798300,-1
34498.558,2,279485,100,798300,-1
34498.559,2,279602,100,798300,-1
34498.702,1,280832,800,796620,1
34498.708,1,280838,100,796700,1
34498.762,1,280866,100,796800,1
34499.35,1,281147,800,798400,-1
34499.768,2,280832,800,796620,1
34499.771,2,280524,800,798680,-1
34499.772,1,281398,800,796920,1
34499.785,2,280572,100,798300,-1
34499.901,2,280568,100,798300,-1
34499.902,1,281465,100,798200,-1
34499.902,1,281466,100,798300,-1
34500.249,2,281147,800,798400,-1
34500.362,5,281470,200,798150,-1
34500.363,1,281738,100,796900,1
34500.408,1,281760,800,798980,-1
34500.411,1,281762,100,797000,1
34500.734,2,280866,100,796800,1
34500.795,2,280838,100,796700,1
34501.373,2,281465,100,798200,-1
34501.579,1,282380,100,798300,-1
34502.987,2,281762,100,797000,1
34502.988,2,282380,100,798300,-1
34502.988,1,283115,100,798150,-1
34502.989,2,281738,100,796900,1
34502.994,1,283118,100,798150,-1
34503.071,2,281398,800,796920,1
34503.073,2,281760,800,798980,-1
34503.082,1,283174,800,798680,-1
34503.474,2,281466,100,798300,-1
34503.591,1,283469,100,796700,1
34503.654,1,283515,100,796800,1
34505.005,2,280141,100,9999990,-1
34505.33,2,283174,800,798680,-1
34505.338,2,283118,100,798150,-1
34505.349,1,284449,800,796920,1
34505.362,2,283115,100,798150,-1
34505.362,1,284458,100,798300,-1
34505.455,1,284507,100,9999990,-1
34505.489,1,284522,100,798300,-1
34505.863,1,284739,800,798980,-1
34505.924,1,284756,100,797000,1
34505.97,1,284778,100,797000,1
34506.068,2,284458,100,798300,-1
34506.194,2,283515,100,796800,1
34506.251,5,283119,400,798100,-1
34506.253,1,284895,1000,798100,1
34506.272,2,283469,100,796700,1
34506.333,2,284756,100,797000,1
34506.338,2,284449,800,796920,1
34506.34,2,284739,800,798980,-1
34506.352,2,284895,1000,798100,1
34506.396,1,284980,800,798880,-1
34506.412,2,284778,100,797000,1
34506.471,1,285029,100,798200,-1
34506.535,2,284980,800,798880,-1
34506.622,1,285107,100,797000,1
34506.735,2,285029,100,798200,-1
34506.913,2,285107,100,797000,1
34507.003,1,285373,800,798780,-1
34507.073,1,285421,100,798200,-1
34507.205,1,285503,1000,798500,-1
34507.241,1,285540,100,798200,-1
34507.389,2,285373,800,798780,-1
34507.395,2,284522,100,798300,-1
34507.398,2,285421,100,798200,-1
34507.437,2,285540,100,798200,-1
34507.558,1,285785,800,798980,-1
34507.587,1,285809,100,798400,-1
34507.72,1,285880,100,798300,-1
34508.08,1,286046,100,797100,1
34508.124,1,286067,800,796920,1
34508.286,1,286161,100,797000,1
34508.373,2,285503,1000,798500,-1
34508.545,2,280143,100,797710,1
34508.745,1,286431,100,100,1
34509.177,2,286067,800,796920,1
34509.179,2,285785,800,798980,-1
34509.282,1,286708,800,797020,1
34509.777,1,287064,1,9999900,-1
34509.784,5,285696,200,798250,-1
34509.874,1,287117,800,799080,-1
34510.214,4,274410,200,798300,-1
34512.656,1,288486,1,100,1
34513.71,2,205708,300,801680,-1
34513.759,2,285880,100,798300,-1
34513.874,2,286708,800,797020,1
34513.876,2,287117,800,799080,-1
34513.967,1,289034,800,799180,-1
34514.114,1,289088,100,798400,-1
34514.546,1,289256,800,797120,1
34515.374,2,274410,800,798300,-1
34515.376,2,274740,1000,798300,-1
34515.377,2,285809,100,798400,-1
34515.381,2,289088,100,798400,-1
34515.698,1,289773,1000,798500,-1
34515.784,1,289834,1000,798400,-1
34515.878,2,289773,1000,798500,-1
34515.879,2,289834,1000,798400,-1
34516.302,1,290113,1000,798600,-1
34516.529,1,290221,100,798400,-1
34516.648,1,290293,100,798400,-1
34516.814,1,290357,1000,798400,-1
34516.902,2,290113,1000,798600,-1
34517.02,2,287064,1,9999900,-1
34517.023,2,288486,1,100,1
34517.075,2,284507,100,9999990,-1
34517.077,2,286431,100,100,1
34517.222,1,290559,300,799090,-1
34517.231,1,290564,100,100,1
34517.283,1,290596,100,9999990,-1
34517.289,1,290599,100,798210,1
34517.307,2,286046,100,797100,1
34517.313,1,290612,100,796900,1
34517.34,1,290629,100,796800,1
34517.341,2,286161,100,797000,1
34517.476,2,289256,800,797120,1
34517.477,2,289034,800,799180,-1
34517.507,1,290722,800,798980,-1
34518.084,1,291201,800,796920,1
34518.944,2,291201,800,796920,1
34518.951,2,290722,800,798980,-1
34519.049,1,291802,800,799080,-1
34519.644,1,292230,800,797020,1
34520.158,1,292497,100,798310,-1
34520.158,1,292499,100,798310,-1
34520.257,2,290599,100,798210,1
34520.285,2,290293,100,798400,-1
34520.311,2,290564,100,100,1
34520.593,2,290221,100,798400,-1
34520.624,1,292748,100,100,1
34520.627,1,292750,100,100,1
34521.235,1,293029,800,798980,-1
34521.238,2,291802,800,799080,-1
34521.246,2,292230,800,797020,1
34521.733,1,293263,800,796920,1
34522.055,2,292499,100,798310,-1
34522.293,1,293470,100,798310,-1
34522.978,2,290357,1000,798400,-1
34523.527,2,292748,100,100,1
34523.531,2,290596,100,9999990,-1
34523.574,2,292750,100,100,1
34523.578,2,290559,300,799090,-1
34523.796,1,294006,100,100,1
34523.8,1,294007,300,798790,-1
34523.84,1,294020,100,100,1
34523.844,1,294021,100,798390,-1
34523.923,2,292497,100,798310,-1
34523.924,2,293470,100,798310,-1
34525.185,1,294644,100,798300,-1
34525.185,1,294645,100,798200,-1
34525.442,1,294762,1000,798200,-1
34527.966,2,294645,100,798200,-1
34528.126,1,296131,100,797000,1
34528.524,2,290629,100,796800,1
34528.704,1,296373,100,798300,-1
34529.811,2,294006,100,100,1
34529.883,1,296815,100,100,1
34529.964,2,294020,100,100,1
34530.248,1,297012,100,100,1
34530.369,2,293263,800,796920,1
34530.372,2,293029,800,798980,-1
34530.432,2,296815,100,100,1
34530.48,1,297143,800,796820,1
34530.56,1,297191,100,100,1
34530.605,2,297012,100,100,1
34530.882,1,297354,100,100,1
34532.795,2,297143,800,796820,1
34532.935,1,298191,800,796720,1
34532.999,2,297191,100,100,1
34533.069,2,297354,100,100,1
34533.202,1,298313,100,100,1
34533.369,1,298370,100,100,1
34533.53,1,298414,100,798300,-1
34534.818,2,298191,800,796720,1
34535.002,2,296131,100,797000,1
34535.003,1,299076,100,798000,-1
34535.025,2,290612,100,796900,1
34535.031,1,299098,100,798100,-1
34535.07,1,299123,800,796420,1
34535.14,2,296373,100,798300,-1
34535.356,1,299286,1000,798000,-1
34535.45,2,294762,1000,798200,-1
34535.514,1,299364,100,796800,1
34535.52,2,294644,100,798300,-1
34535.629,1,299435,100,796700,1
34536.201,2,298414,100,798300,-1
34536.263,1,299720,100,798000,-1
34537.519,2,299123,800,796420,1
34537.63,1,300392,800,796320,1
34537.646,2,299720,100,798000,-1
34538.395,2,298313,100,100,1
34538.495,2,298370,100,100,1
34538.591,1,300835,200,796010,1
34538.802,1,300943,100,100,1
34539.016,2,299076,100,798000,-1
34539.209,1,301115,100,798100,-1
34539.426,2,294007,300,798790,-1
34539.44,1,301204,1000,798000,-1
34539.473,2,294021,100,798390,-1
34539.523,1,301234,200,798000,-1
34539.581,2,299286,1000,798000,-1
34539.706,1,301348,800,798380,-1
34539.798,1,301400,100,798000,-1
34540.017,2,300392,800,796320,1
34540.018,2,301348,800,798380,-1
34540.252,1,301648,800,796220,1
34540.81,1,301951,800,798280,-1
34541.89,1,302432,100,797100,-1
34541.915,2,301648,800,796220,1
34541.918,2,301951,800,798280,-1
34542.014,1,302486,800,796120,1
34542.764,2,301234,200,798000,-1
34542.765,2,301400,100,798000,-1
34542.862,1,302849,100,799590,-1
34542.977,1,302904,100,799190,-1
34545.075,2,302486,800,796120,1
34545.186,1,303920,800,798080,-1
34546.508,2,299364,100,796800,1
34546.685,1,304553,100,796700,1
34546.694,1,304558,800,796020,1
34548.859,2,304558,800,796020,1
34548.861,2,303920,800,798080,-1
34548.969,1,305688,800,795920,1
34549.32,2,301204,1000,798000,-1
34549.574,1,305928,800,797980,-1
34551.208,2,300943,100,100,1
34551.269,2,300835,200,796010,1
34551.272,2,302849,100,799590,-1
34551.391,1,306764,100,796710,1
34551.518,1,306819,100,796310,1
34551.522,1,306822,200,797590,-1
34553.409,2,304553,100,796700,1
34553.409,2,299435,100,796700,1
34553.411,1,307755,100,796500,1
34553.412,1,307757,100,796400,1
34553.566,2,305688,800,795920,1
34553.569,2,305928,800,797980,-1
34553.576,1,307868,800,797780,-1
34553.624,2,307755,100,796500,1
34554.017,1,308180,100,796500,1
34554.099,1,308222,100,797700,-1
34554.477,2,306822,200,797590,-1
34554.487,2,301115,100,798100,-1
34554.513,1,308430,100,797800,-1
34554.665,1,308517,100,9999990,-1
34554.687,2,299098,100,798100,-1
34556.531,2,302432,100,797100,-1
34556.597,1,309459,100,797000,-1
34558.719,2,309459,100,797000,-1
34558.786,1,310633,100,796900,-1
34559.903,2,306764,100,796710,1
34559.948,2,306819,100,796310,1
34560.093,1,311198,800,795720,1
34560.165,1,311221,200,796010,1
34560.232,1,311236,100,100,1
34560.912,1,311550,1000,796900,-1
34561.274,2,308180,100,796500,1
34561.399,1,311767,100,796400,1
34561.826,2,311198,800,795720,1
34561.833,2,307868,800,797780,-1
34561.837,1,311972,800,797580,-1
34561.878,2,311767,100,796400,1
34561.879,2,307757,100,796400,1
34562.0,1,312061,100,796200,1
34562.037,1,312085,100,796200,1
34562.309,1,312267,800,795520,1
34562.472,1,312353,100,797500,-1
34562.556,1,312409,100,797500,-1
34562.666,2,308222,100,797700,-1
34562.951,2,308430,100,797800,-1
34565.309,2,308517,100,9999990,-1
34565.35,2,311236,100,100,1
34565.353,2,302904,100,799190,-1
34565.462,1,313805,100,9999990,-1
34565.664,1,313893,100,796410,1
34565.667,1,313897,100,9999990,-1
34566.502,2,312267,800,795520,1
34566.51,2,311972,800,797580,-1
34566.53,2,312409,100,797500,-1
34566.536,2,312353,100,797500,-1
34566.651,1,314377,100,796400,1
34566.709,1,314408,100,796400,1
34566.812,1,314472,800,797780,-1
34566.957,2,310633,100,796900,-1
34567.001,2,312085,100,796200,1
34567.018,1,314585,100,796600,-1
34567.072,2,312061,100,796200,1
34567.215,1,314692,100,797700,-1
34567.356,1,314800,100,797700,-1
34567.459,1,314861,100,796600,-1
34568.389,2,314472,800,797780,-1
34568.617,1,315610,800,797680,-1
34570.142,2,313805,100,9999990,-1
34570.19,2,313897,100,9999990,-1
34570.564,1,316532,200,797390,-1
34570.57,1,316537,100,9999990,-1
34572.353,2,311221,200,796010,1
34572.47,1,317516,100,100,1
34572.495,1,317528,800,795620,1
34573.956,2,311550,1000,796900,-1
34574.374,1,318417,1000,797000,-1
34576.083,2,314377,100,796400,1
34576.429,1,319413,100,796300,1
34576.704,2,316532,200,797390,-1
34576.836,2,316537,100,9999990,-1
34576.894,1,319668,200,797590,-1
34577.142,1,319799,100,797190,-1
34578.621,2,315610,800,797680,-1
34579.432,2,314408,100,796400,1
34579.896,2,314585,100,796600,-1
34579.944,2,314861,100,796600,-1
34579.953,1,321219,100,796300,1
34579.994,1,321236,100,796800,-1
34580.05,1,321263,100,796800,-1
34580.051,2,321263,100,796800,-1
34580.52,2,319668,200,797590,-1
34580.522,2,317516,100,100,1
34580.567,2,319799,100,797190,-1
34580.571,2,313893,100,796410,1
34580.669,1,321526,800,797680,-1
34580.712,1,321544,300,797490,-1
34580.715,1,321547,100,100,1
34580.862,1,321633,100,797090,-1
34580.866,1,321637,100,100,1
34581.502,2,317528,800,795620,1
34581.503,2,321526,800,797680,-1
34581.637,1,322004,800,795720,1
34581.729,2,318417,1000,797000,-1
34584.315,2,322004,800,795720,1
34584.321,1,323402,800,795520,1
34584.335,2,319413,100,796300,1
34584.336,2,321219,100,796300,1
34584.336,1,323409,100,797400,-1
34584.432,1,323463,100,796800,-1
34584.483,1,323494,100,797400,-1
34584.631,2,314692,100,797700,-1
34584.741,2,314800,100,797700,-1
34584.807,1,323678,100,796100,1
34585.122,1,323862,100,796100,1
34585.311,2,321236,100,796800,-1
34585.363,2,323463,100,796800,-1
34585.409,1,324058,100,796900,-1
34585.461,1,324094,100,796900,-1
34587.39,2,323402,800,795520,1
34587.561,1,325312,800,795620,1
34587.63,1,325340,1000,796900,-1
34589.436,2,324094,100,796900,-1
34590.192,2,321637,100,100,1
34590.285,2,325312,800,795620,1
34590.291,1,326822,800,795820,1
34590.292,2,323494,100,797400,-1
34590.293,2,323409,100,797400,-1
34590.293,1,326825,100,796300,1
34590.294,1,326827,100,796300,1
34590.376,2,321547,100,100,1
34590.483,1,326955,100,100,1
34590.488,2,325340,1000,796900,-1
34590.53,1,326978,100,100,1
34590.672,2,323678,100,796100,1
34590.733,2,323862,100,796100,1
34590.831,1,327142,100,797600,-1
34590.948,1,327214,1000,796900,-1
34591.008,1,327247,100,797600,-1
34591.335,2,327214,1000,796900,-1
34592.9,2,321633,100,797090,-1
34592.947,2,321544,300,797490,-1
34593.003,1,328260,800,797880,-1
34593.113,1,328318,400,796500,1
34593.149,2,326827,100,796300,1
34593.15,1,328334,100,797400,-1
34593.176,1,328343,300,798390,-1
34593.226,1,328387,100,797990,-1
34593.241,2,326825,100,796300,1
34593.244,2,326822,800,795820,1
34593.246,2,328260,800,797880,-1
34593.248,1,328397,100,797400,-1
34593.571,2,327142,100,797600,-1
34593.641,1,328643,800,795620,1
34593.673,2,327247,100,797600,-1
34593.737,1,328708,100,796100,1
34593.817,1,328750,100,796100,1
34594.187,1,328935,800,797680,-1
34595.686,4,324058,100,796900,-1
34595.944,2,328643,800,795620,1
34595.947,2,328935,800,797680,-1
34595.984,1,329848,1000,797900,-1
34596.065,1,329879,800,797900,-1
34596.153,1,329912,400,796900,1
34596.664,2,328334,100,797400,-1
34596.664,2,328397,100,797400,-1
34597.072,1,330398,100,797000,-1
34597.438,2,329848,1000,797900,-1
34597.844,2,329879,800,797900,-1
34598.02,1,330938,100,797900,-1
34598.021,1,330939,100,797900,-1
34598.106,2,330398,100,797000,-1
34598.341,1,331144,1000,797900,-1
34598.352,2,329912,400,796900,1
34598.589,2,326955,100,100,1
34598.609,2,330939,100,797900,-1
34598.612,1,331303,100,796300,1
34598.657,2,330938,100,797900,-1
34598.657,1,331344,100,796300,1
34598.658,2,328750,100,796100,1
34598.877,2,326978,100,100,1
34598.939,1,331497,100,100,1
34599.105,1,331608,100,100,1
34599.108,2,328708,100,796100,1
34599.11,1,331611,100,797900,-1
34599.11,1,331612,100,797900,-1
34599.299,2,331344,100,796300,1
34599.372,2,331303,100,796300,1
34599.661,1,331947,100,797900,-1
34599.866,2,331612,100,797900,-1
34599.869,1,332092,100,797900,-1
34599.952,1,332146,800,797900,-1
34600.11,2,331611,100,797900,-1
34600.184,1,332286,100,796100,1
34600.348,2,332146,800,797900,-1
34600.358,1,332399,100,796100,1
34600.664,1,332545,800,797980,-1
34601.142,1,332795,800,795920,1
34602.264,1,333362,100,797900,-1
34603.233,2,331947,100,797900,-1
34603.234,2,332092,100,797900,-1
34603.812,2,333362,100,797900,-1
34603.917,1,334212,100,797400,-1
34604.568,1,334496,100,797400,-1
34604.571,1,334499,100,797400,-1
34607.058,2,332795,800,795920,1
34607.061,2,332545,800,797980,-1
34607.159,1,335754,800,797880,-1
34607.36,2,331144,1000,797900,-1
34607.399,2,335754,800,797880,-1
34607.475,2,334499,100,797400,-1
34607.475,1,335950,100,797700,-1
34607.503,2,334496,100,797400,-1
34607.716,1,336152,100,797700,-1
34607.727,1,336159,800,796120,1
34608.016,1,336405,100,796400,1
34608.019,2,332399,100,796100,1
34608.208,1,336581,100,796400,1
34608.289,2,332286,100,796100,1
34608.798,2,336159,800,796120,1
34608.874,1,336982,800,796020,1
34611.854,2,336982,800,796020,1
34611.867,1,338624,800,797880,-1
34611.961,2,336581,100,796400,1
34611.965,2,336405,100,796400,1
34611.966,1,338667,100,797400,-1
34611.972,1,338675,100,797500,-1
34612.212,2,336152,100,797700,-1
34612.391,2,331608,100,100,1
34612.42,2,335950,100,797700,-1
34612.427,1,338968,800,795820,1
34612.429,2,338624,800,797880,-1
34612.44,2,331497,100,100,1
34612.506,1,339016,100,796200,1
34612.52,2,338968,800,795820,1
34612.586,1,339072,100,796410,1
34612.602,2,338667,100,797400,-1
34612.602,1,339087,100,796400,1
34612.605,2,338675,100,797500,-1
34612.731,1,339194,100,100,1
34612.794,2,334212,100,797400,-1
34612.92,1,339310,800,798080,-1
34612.983,1,339339,100,797700,-1
34613.07,1,339408,100,797700,-1
34613.113,2,339310,800,798080,-1
34613.358,1,339651,1000,797700,-1
34613.518,1,339746,800,798180,-1
34613.532,1,339755,100,796400,1
34613.646,2,339016,100,796200,1
34613.812,1,339989,100,797400,-1
34614.277,2,339651,1000,797700,-1
34614.348,2,328343,300,798390,-1
34614.446,2,328387,100,797990,-1
34614.456,1,340335,1000,797800,-1
34614.6,1,340412,100,798290,-1
34614.762,1,340504,100,797890,-1
34615.39,2,339989,100,797400,-1
34615.463,1,340887,100,797200,-1
34615.678,1,341024,1000,797700,-1
34615.68,2,340335,1000,797800,-1
34615.847,2,341024,1000,797700,-1
34616.362,1,341377,1000,797800,-1
34617.014,2,340887,100,797200,-1
34617.267,1,341848,1000,797700,-1
34617.328,4,339339,100,797700,-1
34617.328,4,339408,100,797700,-1
34617.432,2,341377,1000,797800,-1
34617.572,1,341980,100,796900,1
34617.572,1,341981,100,796900,1
34617.576,2,339755,100,796400,1
34617.628,4,341848,1000,797700,-1
34617.628,4,340504,100,797890,-1
34617.912,1,342189,100,798890,-1
34617.934,2,339087,100,796400,1
34618.182,1,342331,100,796900,1
34618.26,1,342360,1000,797800,-1
34618.335,1,342396,100,796900,1
34618.688,1,342608,100,797000,1
34618.787,1,342659,100,797000,1
34618.83,2,340412,100,798290,-1
34618.832,2,339072,100,796410,1
34618.901,1,342694,300,797790,-1
34618.938,2,342360,1000,797800,-1
34618.948,2,342189,100,798890,-1
34618.951,2,339194,100,100,1
34618.988,1,342730,800,798280,-1
34618.991,2,339746,800,798180,-1
34619.001,1,342736,100,100,1
34619.025,2,341981,100,796900,1
34619.2,2,341980,100,796900,1
34619.266,1,342844,100,9999990,-1
34619.271,1,342847,100,100,1
34619.359,1,342893,100,797000,1
34619.419,1,342920,100,797000,1
34619.422,1,342921,100,797300,-1
34619.555,2,342659,100,797000,1
34619.555,2,342396,100,796900,1
34619.555,2,342608,100,797000,1
34619.556,2,342893,100,797000,1
34619.557,2,342331,100,796900,1
34619.731,2,342920,100,797000,1
34619.734,1,343050,800,796220,1
34619.967,1,343145,100,796800,1
34620.041,1,343168,100,796800,1
34620.224,2,342921,100,797300,-1
34620.53,1,343423,100,797000,1
34620.677,2,343050,800,796220,1
34620.681,2,342730,800,798280,-1
34620.684,1,343558,800,797980,-1
34620.816,1,343644,100,797000,1
34620.818,2,343168,100,796800,1
34620.885,2,343423,100,797000,1
34621.036,2,343145,100,796800,1
34621.098,2,343644,100,797000,1
34621.123,1,343834,100,796800,1
34621.196,1,343876,100,796800,1
34621.247,1,343912,800,795920,1
34621.329,2,343558,800,797980,-1
34621.578,2,343912,800,795920,1
34621.636,1,344166,100,796800,1
34621.638,1,344169,100,796800,1
34621.649,2,342847,100,100,1
34621.654,2,342844,100,9999990,-1
34621.699,2,342736,100,100,1
34621.808,1,344301,100,796710,1
34621.86,1,344337,800,798080,-1
34622.019,1,344455,100,100,1
34622.023,1,344458,100,797390,-1
34622.472,2,342694,300,797790,-1
34622.604,1,344854,100,9999990,-1
34626.049,2,344337,800,798080,-1
34626.057,1,346966,800,797880,-1
34626.301,2,346966,800,797880,-1
34626.359,2,344854,100,9999990,-1
34626.408,2,344458,100,797390,-1
34626.507,1,347302,200,797890,-1
34626.697,1,347467,100,9999990,-1
34626.746,1,347495,800,798080,-1
34626.863,2,347495,800,798080,-1
34627.239,1,347900,800,797880,-1
34629.4,2,347900,800,797880,-1
34629.471,1,349104,800,797980,-1
34629.486,2,347302,200,797890,-1
34629.672,1,349185,100,9999990,-1
34630.578,2,344301,100,796710,1
34630.747,1,349729,800,795920,1
34630.772,1,349744,300,796710,1
34631.717,1,350220,100,797400,-1
34633.432,1,351316,100,797400,-1
34634.643,2,349729,800,795920,1
34634.647,2,349104,800,797980,-1
34634.733,1,352146,800,798080,-1
34636.091,2,351316,100,797400,-1
34636.425,1,353181,100,797500,-1
34637.089,2,350220,100,797400,-1
34637.294,1,353576,100,797500,-1
34638.16,2,344455,100,100,1
34638.198,2,349744,300,796710,1
34638.253,1,354163,800,796020,1
34638.35,1,354211,300,796810,1
34638.477,1,354280,100,797210,1
34640.284,2,349185,100,9999990,-1
34640.287,2,354211,300,796810,1
34640.536,1,355424,300,797890,-1
34640.54,1,355426,100,796810,1
34640.702,2,354163,800,796020,1
34640.704,2,352146,800,798080,-1
34640.813,1,355578,800,798180,-1
34642.03,2,355578,800,798180,-1
34642.081,2,353181,100,797500,-1
34642.081,2,353576,100,797500,-1
34642.083,1,356237,100,797700,-1
34642.083,1,356238,100,797700,-1
34642.211,1,356337,800,798380,-1
34644.365,2,356237,100,797700,-1
34644.632,1,357864,100,797800,-1
34645.922,2,356238,100,797700,-1
34646.115,1,358677,100,797800,-1
34650.356,2,347467,100,9999990,-1
34650.642,1,361016,100,797490,-1
34652.214,2,356337,800,798380,-1
34653.074,2,328318,400,796500,1
34653.163,1,362574,400,797300,1
34653.257,2,361016,100,797490,-1
34653.261,2,354280,100,797210,1
34653.306,2,355424,300,797890,-1
34653.309,2,355426,100,796810,1
34653.361,1,362718,800,798380,-1
34653.453,1,362754,100,797390,-1
34653.457,1,362756,100,100,1
34653.476,4,362754,100,797390,-1
34653.539,1,362801,300,797790,-1
34653.542,1,362805,300,796710,1
34653.894,1,363012,800,796320,1
34653.954,1,363046,100,798390,-1
34660.878,2,363046,100,798390,-1
34660.97,2,362801,300,797790,-1
34661.041,1,367644,300,797990,-1
34661.204,1,367717,100,797590,-1
34662.034,2,367644,300,797990,-1
34662.262,2,367717,100,797590,-1
34662.309,1,368228,300,798090,-1
34662.584,1,368367,100,797690,-1
34663.364,2,362718,800,798380,-1
34663.895,2,363012,800,796320,1
34664.098,2,362805,300,796710,1
34664.101,2,368228,300,798090,-1
34664.17,1,369103,100,100,1
34664.199,1,369117,800,798380,-1
34664.214,2,362756,100,100,1
34664.266,1,369168,200,798090,-1
34664.679,1,369383,100,797210,1
34666.309,2,369117,800,798380,-1
34667.091,2,357864,100,797800,-1
34667.314,1,370632,100,797900,-1
34667.376,2,369168,200,798090,-1
34667.443,2,368367,100,797690,-1
34667.489,1,370730,100,797600,-1
34667.627,1,370849,100,9999990,-1
34667.65,2,358677,100,797800,-1
34667.739,1,370938,100,798290,-1
34667.917,1,371110,100,797600,-1
34667.918,1,371112,800,798180,-1
34668.358,2,370632,100,797900,-1
34668.413,2,369383,100,797210,1
34668.487,2,369103,100,100,1
34668.63,1,371662,800,796120,1
34668.737,1,371740,300,796910,1
34668.786,1,371772,100,100,1
34669.006,2,371662,800,796120,1
34669.01,2,371112,800,798180,-1
34669.264,1,372108,800,798280,-1
34670.447,1,372946,1000,797900,-1
34670.9,5,371247,100,797560,-1
34670.9,4,370730,100,797600,-1
34670.9,4,371110,100,797600,-1
34670.9,5,373108,200,797600,-1
34671.145,2,343834,100,796800,1
34671.145,2,344169,100,796800,1
34671.289,2,343876,100,796800,1
34671.289,2,344166,100,796800,1
34671.301,2,372946,1000,797900,-1
34671.398,1,373665,800,796220,1
34671.434,1,373680,100,796700,1
34671.434,1,373681,100,796700,1
34671.849,2,373665,800,796220,1
34671.851,2,372108,800,798280,-1
34671.918,1,373989,100,796700,1
34671.918,1,373990,100,796700,1
34671.966,1,374024,800,798380,-1
34672.264,1,374170,1000,797900,-1
34672.486,2,374170,1000,797900,-1
34672.905,1,374524,1000,798200,-1
34673.407,2,374024,800,798380,-1
34673.43,2,370938,100,798290,-1
34673.478,2,370849,100,9999990,-1
34673.515,1,374861,800,798480,-1
34673.646,1,374959,300,798790,-1
34673.7,1,375010,100,9999990,-1
34673.903,2,371740,300,796910,1
34674.032,1,375210,800,796420,1
34674.17,1,375299,100,100,1
34674.839,2,375210,800,796420,1
34674.842,2,374861,800,798480,-1
34674.914,1,375802,800,798680,-1
34674.972,2,375802,800,798680,-1
34675.294,1,376094,800,798480,-1
34675.431,2,376094,800,798480,-1
34675.632,1,376410,600,798900,-1
34675.646,1,376413,600,795700,1
34675.845,1,376566,800,798480,-1
34676.408,1,376889,800,796420,1
34676.769,2,376889,800,796420,1
34676.772,2,376566,800,798480,-1
34676.85,1,377184,800,796720,1
34677.452,1,377625,800,798780,-1
34677.868,2,377184,800,796720,1
34677.87,2,377625,800,798780,-1
34678.134,1,378097,800,798780,-1
34678.275,2,378097,800,798780,-1
34678.672,1,378493,1000,797900,-1
34678.719,1,378528,800,798680,-1
34678.76,2,374524,1000,798200,-1
34679.023,2,378528,800,798680,-1
34679.284,1,378916,800,798780,-1
34679.292,1,378923,100,797200,1
34679.293,1,378924,100,797200,1
34679.295,2,373681,100,796700,1
34679.406,2,373680,100,796700,1
34679.423,2,375299,100,100,1
34679.427,2,378916,800,798780,-1
34679.465,2,378924,100,797200,1
34679.513,2,371772,100,100,1
34679.56,1,379081,200,797110,1
34679.561,2,378923,100,797200,1
34679.722,1,379193,100,100,1
34679.798,1,379247,800,798580,-1
34679.842,1,379284,100,797000,1
34679.963,1,379360,100,797000,1
34680.032,2,378493,1000,797900,-1
34680.307,1,379619,1000,798100,-1
34680.434,2,373989,100,796700,1
34680.434,1,379680,100,797000,1
34680.434,1,379681,100,797000,1
34680.564,2,373990,100,796700,1
34683.128,2,374959,300,798790,-1
34683.251,2,379081,200,797110,1
34683.313,1,381293,100,9999990,-1
34683.327,1,381298,800,796520,1
34683.366,2,375010,100,9999990,-1
34683.502,1,381357,300,797110,1
34683.67,1,381439,100,798190,-1
34683.922,2,381298,800,796520,1
34683.925,2,379247,800,798580,-1
34684.032,1,381608,800,798680,-1
34685.044,2,381293,100,9999990,-1
34685.127,2,379193,100,100,1
34685.176,1,382137,100,9999990,-1
34685.406,1,382236,100,797510,1
34685.501,2,381357,300,797110,1
34685.505,2,382137,100,9999990,-1
34685.59,1,382340,300,797510,1
34685.593,1,382343,300,798590,-1
34685.658,1,382381,100,798100,-1
34685.807,2,382236,100,797510,1
34686.142,1,382611,100,797910,1
34686.354,1,382706,100,798100,-1
34686.729,2,381608,800,798680,-1
34688.101,1,383537,100,797100,1
34688.355,2,379619,1000,798100,-1
34688.504,1,383775,100,797100,1
34688.507,2,379360,100,797000,1
34688.64,1,383852,100,797100,1
34688.672,2,382343,300,798590,-1
34688.811,1,383981,200,798590,-1
34688.835,2,379284,100,797000,1
34688.985,2,379680,100,797000,1
34689.005,1,384074,100,797100,1
34689.425,2,379681,100,797000,1
34691.61,1,385382,100,798010,-1
34691.611,1,385383,100,798010,-1
34691.734,1,385466,1000,798100,-1
34691.844,2,382706,100,798100,-1
34691.861,2,382340,300,797510,1
34691.91,2,382611,100,797910,1
34692.003,1,385580,800,796820,1
34692.059,1,385613,300,797110,1
34692.126,2,382381,100,798100,-1
34692.183,1,385681,100,797510,1
34692.732,2,385580,800,796820,1
34692.748,2,383775,100,797100,1
34692.748,2,384074,100,797100,1
34692.749,1,386015,100,796900,1
34692.764,2,383537,100,797100,1
34692.764,2,383852,100,797100,1
34692.765,1,386024,100,796900,1
34692.891,1,386113,1000,798100,-1
34692.893,2,385466,1000,798100,-1
34693.312,1,386393,100,798100,-1
34693.374,1,386439,100,798100,-1
34693.461,2,385382,100,798010,-1
34693.803,2,385383,100,798010,-1
34693.89,1,386768,100,796900,1
34693.956,1,386810,100,796900,1
34694.253,2,383981,200,798590,-1
34694.256,2,385613,300,797110,1
34694.374,1,387124,300,798490,-1
34694.378,1,387126,200,797010,1
34694.404,1,387137,800,798580,-1
34694.533,2,381439,100,798190,-1
34694.537,2,385681,100,797510,1
34694.825,1,387410,100,798100,-1
34694.828,1,387411,100,797410,1
34696.07,2,387137,800,798580,-1
34696.104,2,386393,100,798100,-1
34696.107,1,388162,100,797200,1
34696.11,1,388165,100,797200,1
34696.111,2,386439,100,798100,-1
34696.225,1,388242,800,798580,-1
34696.257,2,388162,100,797200,1
34696.258,2,386024,100,796900,1
34696.297,2,388165,100,797200,1
34696.637,1,388476,100,798100,-1
34696.721,1,388519,100,796900,1
34696.906,2,388476,100,798100,-1
34696.929,2,388242,800,798580,-1
34696.99,1,388720,800,798780,-1
34697.215,2,386015,100,796900,1
34697.216,1,388852,100,797200,1
34697.216,1,388853,100,797200,1
34697.309,2,388519,100,796900,1
34697.717,2,387410,100,798100,-1
34697.764,1,389182,100,798010,-1
34697.765,1,389183,100,798010,-1
34698.123,1,389504,100,800090,-1
34698.191,2,389183,100,798010,-1
34698.276,2,387126,200,797010,1
34698.297,2,386810,100,796900,1
34698.297,1,389683,100,797200,1
34698.333,1,389705,100,797200,1
34698.338,2,386768,100,796900,1
34698.537,1,389840,100,100,1
34698.719,2,389182,100,798010,-1
34699.01,1,390159,100,798010,-1
34699.013,1,390165,100,798010,-1
34700.359,2,389840,100,100,1
34700.509,2,387411,100,797410,1
34700.596,1,391316,800,796720,1
34700.611,1,391328,100,100,1
34700.827,1,391501,100,100,1
34700.924,2,391316,800,796720,1
34700.928,2,388720,800,798780,-1
34701.18,1,391810,800,796620,1
34702.659,4,362574,400,797300,1
34702.659,1,393051,100,797300,-1
34702.673,4,393051,100,797300,-1
34702.777,2,389705,100,797200,1
34702.779,2,388853,100,797200,1
34702.78,1,393138,100,796700,1
34702.78,1,393139,100,796700,1
34702.781,2,389683,100,797200,1
34702.782,2,388852,100,797200,1
34703.342,1,393469,100,796700,1
34703.343,1,393472,100,796700,1
34703.466,2,376410,600,798900,-1
34703.47,1,393561,800,799300,-1
34705.282,2,390159,100,798010,-1
34705.284,2,390165,100,798010,-1
34705.466,1,394670,800,798680,-1
34705.802,2,387124,300,798490,-1
34705.807,2,391328,100,100,1
34705.857,2,386113,1000,798100,-1
34705.88,2,389504,100,800090,-1
34705.883,2,391501,100,100,1
34705.921,2,376413,600,795700,1
34705.922,1,394939,800,796200,1
34706.051,1,395014,100,797890,-1
34706.056,1,395018,300,796710,1
34706.213,2,391810,800,796620,1
34706.215,2,394670,800,798680,-1
34706.235,1,395122,100,797490,-1
34706.24,1,395127,100,100,1
34706.374,1,395207,800,796520,1
34706.552,1,395308,100,798000,-1
34706.552,1,395309,100,798000,-1
34707.062,1,395640,800,798580,-1
34707.575,2,395309,100,798000,-1
34707.581,2,395308,100,798000,-1
34707.586,1,396014,100,798200,-1
34707.607,2,395207,800,796520,1
34707.609,2,395640,800,798580,-1
34707.723,1,396128,800,796720,1
34707.754,1,396149,100,798200,-1
34708.202,2,393561,800,799300,-1
34708.214,1,396479,1200,800200,-1
34708.942,2,396128,800,796720,1
34709.076,1,397067,800,796620,1
34709.693,4,395122,100,797490,-1
34709.771,1,397480,800,798680,-1
34710.253,1,397822,100,798490,-1
34711.38,2,397067,800,796620,1
34711.382,2,397480,800,798680,-1
34711.466,1,398624,800,796520,1
34711.883,2,394939,800,796200,1
34711.886,1,398859,800,796600,1
34714.315,2,395014,100,797890,-1
34714.389,1,400397,800,798580,-1
34714.565,1,400481,100,9999990,-1
34714.694,2,397822,100,798490,-1
34715.041,1,400738,100,9999990,-1
34715.659,2,398624,800,796520,1
34715.661,2,400397,800,798580,-1
34715.816,1,401178,800,796620,1
34716.374,1,401414,800,798680,-1
34716.892,1,401650,100,797400,1
34716.945,1,401677,100,797400,1
34717.102,2,393138,100,796700,1
34717.282,2,393139,100,796700,1
34717.495,1,401999,100,797400,1
34717.552,1,402036,100,797400,1
34717.616,2,398859,800,796600,1
34717.619,1,402077,400,796900,1
34717.761,2,393469,100,796700,1
34717.913,2,393472,100,796700,1
34718.696,2,400481,100,9999990,-1
34718.884,1,402712,300,798490,-1
34718.954,2,401178,800,796620,1
34718.956,2,401414,800,798680,-1
34719.06,1,402801,800,798780,-1
34722.149,2,396149,100,798200,-1
34722.434,1,404349,100,798300,-1
34722.85,2,396014,100,798200,-1
34723.17,1,404826,100,798300,-1
34724.359,2,402077,400,796900,1
34724.363,1,405499,600,797200,1
34724.643,2,404826,100,798300,-1
34724.643,2,404349,100,798300,-1
34724.73,2,402801,800,798780,-1
34724.734,1,405750,800,796920,1
34724.81,1,405808,100,798500,-1
34724.812,1,405810,100,798500,-1
34725.149,2,402712,300,798490,-1
34725.218,1,406137,800,798980,-1
34725.322,1,406212,100,9999990,-1
34726.34,2,396479,1200,800200,-1
34726.353,1,406884,1000,801600,-1
34727.5,2,406212,100,9999990,-1
34727.549,2,400738,100,9999990,-1
34727.753,1,407759,100,9999990,-1
34727.843,1,407812,100,9999990,-1
34728.245,2,405750,800,796920,1
34728.325,4,405808,100,798500,-1
34728.341,2,406137,800,798980,-1
34728.348,1,408216,800,797020,1
34728.419,4,405810,100,798500,-1
34728.922,1,408562,800,799080,-1
34729.501,2,407759,100,9999990,-1
34729.548,2,407812,100,9999990,-1
34729.69,1,409020,300,798790,-1
34729.712,1,409039,700,798300,-1
34729.828,1,409094,100,9999990,-1
34730.229,4,409039,400,798300,-1
34730.29,4,409039,300,798300,-1
34730.492,1,409448,100,797500,1
34730.492,1,409449,100,797500,1
34730.529,2,408216,800,797020,1
34730.532,2,408562,800,799080,-1
34730.626,2,401650,100,797400,1
34730.678,1,409599,800,798880,-1
34730.777,2,401677,100,797400,1
34731.039,1,409816,100,797500,1
34731.039,1,409817,100,797500,1
34731.124,2,401999,100,797400,1
34731.323,2,402036,100,797400,1
34731.509,1,410104,800,796820,1
34731.796,1,410299,100,797600,1
34732.116,1,410467,100,797600,1
34732.25,1,410543,400,798310,-1
34732.348,2,409448,100,797500,1
34732.348,1,410607,100,797600,1
34732.348,2,409817,100,797500,1
34732.566,2,409449,100,797500,1
34732.652,1,410783,100,797600,1
34733.067,2,410104,800,796820,1
34733.218,2,410467,100,797600,1
34733.22,2,409816,100,797500,1
34733.22,1,411128,100,797800,1
34733.249,1,411151,100,797800,1
34733.432,2,410299,100,797600,1
34733.654,2,411128,100,797800,1
34733.664,2,411151,100,797800,1
34733.781,2,409599,800,798880,-1
34733.786,1,411484,800,797020,1
34733.79,1,411487,100,797600,1
34733.79,1,411488,100,797600,1
34733.858,2,410543,400,798310,-1
34734.481,1,411938,800,799080,-1
34735.673,1,412593,100,797800,1
34735.842,1,412680,100,797800,1
34735.876,2,395018,300,796710,1
34735.959,2,411488,100,797600,1
34736.02,2,395127,100,100,1
34736.076,2,411487,100,797600,1
34736.125,1,412842,300,797510,1
34736.147,2,405499,600,797200,1
34736.149,1,412860,600,797500,1
34736.364,1,412981,100,797910,1
34736.401,1,413011,100,797800,1
34736.401,1,413013,100,797800,1
34736.573,2,410783,100,797600,1
34736.715,2,411484,800,797020,1
34736.719,2,411938,800,799080,-1
34736.772,2,410607,100,797600,1
34736.83,1,413238,800,799180,-1
34736.972,2,413238,800,799180,-1
34736.984,2,412680,100,797800,1
34736.985,2,413011,100,797800,1
34736.985,1,413333,100,797600,1
34737.02,2,412593,100,797800,1
34737.02,1,413356,100,797600,1
34737.023,2,413013,100,797800,1
34737.384,1,413620,800,798880,-1
34737.55,1,413728,100,797600,1
34737.714,1,413860,100,797600,1
34737.905,2,413620,800,798880,-1
34738.009,1,414039,800,798980,-1
34738.111,2,414039,800,798980,-1
34738.115,1,414142,100,797800,1
34738.115,1,414143,100,797800,1
34738.364,2,413356,100,797600,1
34738.482,2,414142,100,797800,1
34738.483,2,413333,100,797600,1
34738.483,2,414143,100,797800,1
34738.571,1,414520,800,798980,-1
34738.693,1,414626,100,797600,1
34738.903,1,414806,100,797600,1
34740.27,2,409020,300,798790,-1
34740.397,1,415929,100,9999990,-1
34741.279,2,415929,100,9999990,-1
34741.421,2,409094,100,9999990,-1
34741.616,1,416526,100,9999990,-1
34741.741,1,416580,100,9999990,-1
34742.347,2,412860,600,797500,1
34742.353,1,416888,600,797300,1
34742.657,2,414520,800,798980,-1
34742.766,1,417074,800,799080,-1
34743.735,1,417525,100,798400,-1
34743.797,5,417534,300,797960,1
34743.797,5,416315,200,797950,1
34744.405,1,417884,100,798400,-1
34744.556,1,417959,400,798100,-1
34744.569,2,412842,300,797510,1
34744.758,1,418089,300,796810,1
34744.832,2,412981,100,797910,1
34744.889,1,418174,800,797020,1
34745.178,1,418345,100,797210,1
34745.289,2,418174,800,797020,1
34745.291,2,417074,800,799080,-1
34745.462,2,417525,100,798400,-1
34745.463,2,414626,100,797600,1
34745.463,2,417884,100,798400,-1
34745.463,1,418537,100,797700,1
34745.464,1,418538,100,797700,1
34745.596,2,414806,100,797600,1
34745.687,2,418537,100,797700,1
34745.783,2,418538,100,797700,1
34745.913,1,418901,800,799280,-1
34746.003,1,418959,100,797600,1
34746.072,1,418996,100,797600,1
34746.106,2,418901,800,799280,-1
34746.229,1,419086,600,797200,1
34746.479,1,419222,800,799180,-1
34746.53,1,419264,100,798600,-1
34746.569,1,419283,100,798600,-1
34747.586,1,419825,100,797700,1
34747.635,1,419849,100,797700,1
34747.737,2,418959,100,797600,1
34747.74,2,413860,100,797600,1
34747.816,2,418996,100,797600,1
34747.816,2,419849,100,797700,1
34747.817,2,413728,100,797600,1
34747.874,2,419825,100,797700,1
34748.175,2,419222,800,799180,-1
34748.182,1,420105,100,797400,1
34748.241,2,419086,600,797200,1
34748.26,1,420147,100,797400,1
34748.299,1,420176,800,799080,-1
34748.768,1,420413,100,797700,1
34748.812,2,417959,400,798100,-1
34748.887,2,420147,100,797400,1
34748.887,1,420485,100,797700,1
34749.213,2,420105,100,797400,1
34749.361,1,420699,100,797700,1
34749.419,1,420747,1000,797200,1
34749.484,1,420786,100,797700,1
34749.737,2,420413,100,797700,1
34749.738,2,420699,100,797700,1
34749.793,2,420786,100,797700,1
34749.797,2,420485,100,797700,1
34749.953,1,421018,100,797600,1
34749.954,2,419264,100,798600,-1
34750.034,1,421063,100,797600,1
34750.132,2,420747,1000,797200,1
34750.518,1,421320,100,797600,1
34750.519,1,421321,100,798700,-1
34750.933,2,419283,100,798600,-1
34750.938,1,421596,1000,797200,1
34751.045,1,421651,100,797700,1
34751.094,2,421063,100,797600,1
34751.095,1,421669,100,797700,1
34751.306,1,421787,400,798100,1
34751.341,1,421817,200,798600,1
34751.424,2,421018,100,797600,1
34751.557,1,421945,100,798700,-1
34751.673,1,422008,100,797700,1
34751.837,2,421669,100,797700,1
34751.891,2,421651,100,797700,1
34751.891,2,421320,100,797600,1
34751.891,2,422008,100,797700,1
34751.916,2,420176,800,799080,-1
34752.026,1,422203,800,799180,-1
34752.215,1,422322,100,797600,1
34752.264,1,422353,100,797600,1
34752.738,1,422606,100,797600,1
34752.854,1,422653,100,797600,1
34753.035,2,422203,800,799180,-1
34753.114,1,422776,800,799280,-1
34753.309,2,422322,100,797600,1
34753.309,1,422862,100,797900,1
34753.384,1,422893,100,797900,1
34753.841,2,422353,100,797600,1
34753.841,1,423085,100,797900,1
34753.842,2,422606,100,797600,1
34753.892,4,421321,100,798700,-1
34753.892,4,421945,100,798700,-1
34753.961,1,423149,500,797000,1
34754.0,1,423167,100,797900,1
34754.063,2,422862,100,797900,1
34754.063,2,423085,100,797900,1
34754.064,2,422893,100,797900,1
34754.067,2,422653,100,797600,1
34754.197,2,423167,100,797900,1
34754.292,2,416888,600,797300,1
34754.294,1,423310,600,797500,1
34754.353,2,416580,100,9999990,-1
34754.356,2,418345,100,797210,1
34754.401,2,416526,100,9999990,-1
34754.405,2,418089,300,796810,1
34754.483,1,423408,100,797400,1
34754.484,1,423410,100,797400,1
34754.52,2,253125,300,792100,1
34754.554,5,423124,200,798650,1
34754.557,1,423449,300,796910,1
34754.682,2,421596,1000,797200,1
34754.683,1,423509,100,9999990,-1
34754.687,1,423515,100,797310,1
34754.732,1,423540,100,799650,-1
34754.824,2,188252,300,804700,-1
34755.088,1,423713,100,797400,1
34755.088,1,423714,100,797400,1
34755.31,2,423540,100,799650,-1
34755.313,2,423449,300,796910,1
34755.555,1,423976,200,9999990,-1
34755.56,1,423978,100,100,1
34756.079,2,423310,600,797500,1
34756.081,1,424291,600,797400,1
34756.898,2,422776,800,799280,-1
34757.035,1,424753,800,799180,-1
34757.068,4,421817,200,798600,1
34757.068,1,424780,300,798600,-1
34757.266,1,424873,100,797500,1
34757.319,1,424899,100,797500,1
34757.414,2,423509,100,9999990,-1
34757.434,1,424964,400,798200,-1
34757.465,2,423976,200,9999990,-1
34757.609,2,424964,400,798200,-1
34757.631,1,425065,100,9999990,-1
34757.691,2,423408,100,797400,1
34757.692,2,423410,100,797400,1
34757.718,1,425110,100,798390,-1
34757.76,1,425131,300,795100,1
34757.989,1,425274,100,797500,1
34757.989,1,425275,100,797500,1
34758.242,1,425495,300,808100,-1
34758.327,2,423714,100,797400,1
34758.374,2,423713,100,797400,1
34759.265,2,424780,300,798600,-1
34760.014,2,424753,800,799180,-1
34760.131,1,426595,800,799280,-1
34760.221,2,424899,100,797500,1
34760.221,1,426643,100,797200,1
34760.223,2,425274,100,797500,1
34760.28,2,425275,100,797500,1
34760.28,2,424873,100,797500,1
34760.282,1,426685,100,797200,1
34760.768,1,426961,100,797200,1
34760.829,1,426987,100,797200,1
34761.691,2,425065,100,9999990,-1
34761.789,2,425110,100,798390,-1
34761.837,1,427584,100,9999990,-1
34762.107,1,427714,100,9999990,-1
34762.426,2,421787,400,798100,1
34762.553,1,427982,800,797220,1
34764.237,1,428924,100,797500,1
34764.304,1,428976,100,797500,1
34764.487,2,426643,100,797200,1
34764.512,2,426685,100,797200,1
34764.89,1,429296,100,797500,1
34764.946,1,429327,100,797500,1
34765.033,2,426987,100,797200,1
34765.033,2,426961,100,797200,1
34765.824,1,429780,100,798000,1
34765.927,2,423515,100,797310,1
34766.008,2,423978,100,100,1
34766.043,1,429892,100,798000,1
34766.129,2,428976,100,797500,1
34766.129,2,428924,100,797500,1
34766.189,1,429964,200,797510,1
34766.238,1,429996,100,100,1
34766.49,1,430152,100,798000,1
34766.561,1,430186,100,798000,1
34766.728,2,429296,100,797500,1
34766.728,2,429327,100,797500,1
34767.138,2,427982,800,797220,1
34767.139,2,426595,800,799280,-1
34767.241,1,430536,800,799380,-1
34768.339,1,431027,100,798800,-1
34768.65,1,431183,100,798800,-1
34769.282,5,431173,100,798790,-1
34769.324,5,431173,100,798790,-1
34770.106,2,429996,100,100,1
34770.11,2,427714,100,9999990,-1
34770.495,1,432032,100,797910,1
34770.5,1,432034,100,9999990,-1
34770.538,2,427584,100,9999990,-1
34770.668,1,432128,100,9999990,-1
34772.231,1,433012,100,798100,1
34772.364,2,430186,100,798000,1
34772.364,2,430152,100,798000,1
34772.365,2,429780,100,798000,1
34772.367,2,432032,100,797910,1
34772.369,2,429892,100,798000,1
34772.455,2,429964,200,797510,1
34772.476,1,433118,100,797200,1
34772.508,2,433012,100,798100,1
34772.559,1,433154,800,797320,1
34772.601,2,424291,600,797400,1
34772.604,1,433174,600,797500,1
34772.641,1,433201,300,797110,1
34772.69,1,433227,100,797510,1
34772.809,1,433290,100,797200,1
34773.034,1,433393,100,797200,1
34773.381,1,433607,100,797200,1
34774.218,2,433154,800,797320,1
34774.221,2,430536,800,799380,-1
34774.344,2,431183,100,798800,-1
34774.347,2,431027,100,798800,-1
34774.348,1,434139,100,799100,-1
34774.397,1,434191,800,797520,1
34774.46,1,434247,100,799100,-1
34775.019,1,434694,800,799580,-1
34775.477,2,434247,100,799100,-1
34775.487,1,435087,100,799300,-1
34775.527,2,434139,100,799100,-1
34775.529,1,435118,100,799300,-1
34775.705,2,432128,100,9999990,-1
34775.884,2,434191,800,797520,1
34775.886,2,434694,800,799580,-1
34776.036,1,435642,800,797720,1
34776.048,2,432034,100,9999990,-1
34776.051,1,435651,200,799190,-1
34776.275,1,435870,800,799780,-1
34776.391,1,435981,100,9999990,-1
34777.778,2,435642,800,797720,1
34777.781,2,435870,800,799780,-1
34777.802,1,437147,800,797620,1
34778.291,2,406884,1000,801600,-1
34778.302,1,437494,1000,802600,-1
34778.312,1,437501,800,799680,-1
34778.899,1,437856,1000,797900,1
34778.917,2,433227,100,797510,1
34778.966,2,433201,300,797110,1
34779.085,2,433174,600,797500,1
34779.088,1,437991,600,798000,1
34779.136,1,438026,300,797410,1
34779.218,1,438090,100,797810,1
34779.433,2,437856,1000,797900,1
34784.219,1,440972,100,798000,1
34784.22,1,440973,100,798100,1
34784.267,2,435651,200,799190,-1
34784.338,2,433290,100,797200,1
34784.399,2,433118,100,797200,1
34784.413,1,441052,100,799190,-1
34784.727,1,441232,100,798100,1
34784.727,1,441233,100,798100,1
34784.92,2,440972,100,798000,1
34785.043,2,433393,100,797200,1
34785.267,2,437991,600,798000,1
34785.272,1,441595,600,797900,1
34785.352,1,441654,100,798100,1
34785.467,2,433607,100,797200,1
34786.212,1,442211,1000,798100,1
34786.281,2,423149,500,797000,1
34786.312,1,442290,500,797500,1
34786.365,1,442323,100,798200,1
34786.365,1,442324,100,798200,1
34786.456,2,441052,100,799190,-1
34786.568,2,435981,100,9999990,-1
34786.611,2,441233,100,798100,1
34786.728,1,442585,300,799290,-1
34786.746,2,440973,100,798100,1
34786.75,2,442211,1000,798100,1
34786.999,1,442801,100,798200,1
34787.139,1,442888,100,798200,1
34787.249,2,441654,100,798100,1
34787.249,1,442969,100,9999990,-1
34787.434,2,441232,100,798100,1
34787.809,2,437147,800,797620,1
34788.32,2,437501,800,799680,-1
34788.437,1,443770,800,799680,-1
34793.939,2,438090,100,797810,1
34793.986,2,438026,300,797410,1
34794.016,1,447537,800,797620,1
34794.072,1,447577,100,798300,1
34794.072,2,442324,100,798200,1
34794.073,1,447579,100,798300,1
34794.13,2,441595,600,797900,1
34794.133,1,447617,600,798100,1
34794.268,2,442323,100,798200,1
34794.27,1,447709,100,100,1
34794.322,1,447748,100,798210,1
34794.625,2,442801,100,798200,1
34794.625,1,447956,100,798300,1
34794.627,1,447962,100,798300,1
34794.77,2,442888,100,798200,1
34796.088,2,447537,800,797620,1
34796.091,2,447579,100,798300,1
34796.091,2,447962,100,798300,1
34796.091,2,447577,100,798300,1
34796.091,1,449125,100,798200,1
34796.092,1,449126,100,798200,1
34796.096,2,447956,100,798300,1
34796.171,2,443770,800,799680,-1
34796.206,1,449246,800,799480,-1
34796.597,1,449606,100,799000,-1
34796.687,1,449707,100,799000,-1
34796.735,2,435087,100,799300,-1
34796.986,2,435118,100,799300,-1
34797.137,1,450086,100,798200,1
34797.304,1,450224,100,798200,1
34797.525,2,447617,600,798100,1
34797.541,1,450431,600,798000,1
34797.756,1,450615,100,798300,1
34798.045,1,450803,100,798300,1
34798.11,2,449125,100,798200,1
34798.184,2,437494,1000,802600,-1
34798.184,2,450431,600,798000,1
34798.205,1,450932,900,801100,-1
34798.207,1,450934,600,797700,1
34798.332,1,451047,100,798300,1
34798.369,2,449126,100,798200,1
34798.553,1,451239,100,798300,1
34798.642,2,450086,100,798200,1
34798.909,2,450224,100,798200,1
34799.688,2,449246,800,799480,-1
34799.759,1,452106,100,798400,1
34799.76,2,449707,100,799000,-1
34799.784,2,449606,100,799000,-1
34799.785,2,450615,100,798300,1
34799.786,1,452130,100,798400,1
34799.819,1,452157,800,799680,-1
34800.186,2,442585,300,799290,-1
34800.215,2,450803,100,798300,1
34800.31,1,452488,100,799300,-1
34800.328,1,452494,100,799300,-1
34800.373,1,452518,100,9999990,-1
34800.766,1,452816,200,798800,-1
34800.911,2,451047,100,798300,1
34800.913,1,452922,100,798400,1
34801.052,1,453007,100,798400,1
34801.345,2,451239,100,798300,1
34803.389,2,452518,100,9999990,-1
34803.599,1,454826,300,799390,-1
34803.715,2,442969,100,9999990,-1
34804.077,1,455111,100,9999990,-1
34804.106,2,452816,200,798800,-1
34804.242,1,455217,100,798500,1
34804.245,1,455220,100,798500,1
34804.309,1,455254,200,798900,-1
34804.406,2,447709,100,100,1
34804.484,2,455254,200,798900,-1
34804.721,2,447748,100,798210,1
34804.726,1,455472,300,798010,1
34804.771,1,455501,100,798500,1
34804.775,2,452106,100,798400,1
34804.776,2,452922,100,798400,1
34804.8,2,452130,100,798400,1
34804.8,1,455519,100,798500,1
34804.8,2,453007,100,798400,1
34804.89,1,455573,200,798900,-1
34804.974,2,455573,200,798900,-1
34805.359,1,455870,100,100,1
34805.68,1,456075,200,798900,-1
34806.092,2,452157,800,799680,-1
34806.205,1,456422,800,797720,1
34808.44,1,457875,200,798700,-1
34808.441,2,456075,200,798900,-1
34808.537,2,457875,200,798700,-1
34808.73,2,454826,300,799390,-1
34808.734,2,455472,300,798010,1
34808.902,2,455111,100,9999990,-1
34808.906,2,455870,100,100,1
34808.932,2,452488,100,799300,-1
34808.932,1,458255,100,799500,-1
34808.939,2,452494,100,799300,-1
34808.952,1,458269,100,9999990,-1
34808.956,1,458271,100,100,1
34808.975,2,456422,800,797720,1
34808.977,1,458285,800,797920,1
34809.036,1,458341,100,799500,-1
34809.182,2,458285,800,797920,1
34809.298,1,458607,100,798790,-1
34809.306,1,458613,100,798310,1
34809.429,1,458728,800,797920,1
34810.017,1,459201,800,799980,-1
34810.794,1,459930,100,798600,1
34810.794,1,459931,100,798600,1
34810.908,2,458271,100,100,1
34810.914,2,455220,100,798500,1
34810.961,2,458613,100,798310,1
34810.992,2,450934,600,797700,1
34811.004,1,460114,600,798000,1
34811.126,2,455217,100,798500,1
34811.158,1,460260,300,798110,1
34811.286,1,460375,100,100,1
34811.298,1,460382,100,798600,1
34811.31,1,460393,100,798600,1
34811.392,2,458607,100,798790,-1
34811.459,2,455519,100,798500,1
34811.775,2,455501,100,798500,1
34811.815,1,460804,100,800790,-1
34812.85,2,458341,100,799500,-1
34812.929,2,458255,100,799500,-1
34812.934,1,461682,100,799700,-1
34812.976,2,458728,800,797920,1
34812.978,2,459201,800,799980,-1
34813.031,2,458269,100,9999990,-1
34813.059,1,461770,800,798120,1
34813.08,1,461786,100,799700,-1
34813.4,1,462079,300,799390,-1
34813.403,2,460804,100,800790,-1
34813.474,1,462144,800,800180,-1
34813.624,1,462241,100,9999990,-1
34814.253,2,460375,100,100,1
34814.256,2,462241,100,9999990,-1
34814.486,1,462858,100,799500,-1
34814.554,2,461770,800,798120,1
34814.559,2,462144,800,800180,-1
34814.61,2,460260,300,798110,1
34814.67,1,462997,100,798510,1
34814.677,1,463009,100,798990,-1
34814.744,1,463064,100,100,1
34814.762,2,461682,100,799700,-1
34814.762,1,463081,100,799500,-1
34814.807,2,461786,100,799700,-1
34814.841,1,463160,800,797820,1
34815.16,1,463418,100,798700,1
34815.244,2,459930,100,798600,1
34815.244,1,463496,100,798700,1
34815.472,2,459931,100,798600,1
34815.645,1,463876,100,798700,1
34815.758,2,460393,100,798600,1
34815.758,1,463941,100,798700,1
34816.015,2,460382,100,798600,1
34816.169,2,463496,100,798700,1
34816.169,2,463941,100,798700,1
34816.25,2,463160,800,797820,1
34816.264,2,463418,100,798700,1
34816.265,2,463876,100,798700,1
34816.265,1,464366,100,798500,1
34816.411,2,462997,100,798510,1
34816.418,1,464500,100,798500,1
34816.456,2,463064,100,100,1
34816.672,1,464753,300,798210,1
34816.683,1,464760,100,798700,1
34816.794,1,464858,100,100,1
34816.861,1,464923,800,797920,1
34817.031,2,464500,100,798500,1
34817.032,1,465055,100,798700,1
34817.163,2,464366,100,798500,1
34817.317,1,465277,100,798700,1
34817.486,2,462079,300,799390,-1
34817.528,1,465417,100,798700,1
34817.674,1,465517,100,799390,-1
34819.737,2,464753,300,798210,1
34819.986,1,467219,100,100,1
34820.737,2,465517,100,799390,-1
34820.741,2,467219,100,100,1
34820.856,1,467784,800,799980,-1
34820.927,1,467829,100,9999990,-1
34820.93,1,467832,300,798210,1
34821.4,2,463009,100,798990,-1
34821.693,1,468397,100,9999990,-1
34822.964,1,469228,100,798500,1
34822.964,2,465055,100,798700,1
34822.976,2,465417,100,798700,1
34823.042,2,464760,100,798700,1
34823.042,1,469296,100,798500,1
34823.046,2,465277,100,798700,1
34823.116,2,464923,800,797920,1
34823.119,2,467784,800,799980,-1
34823.121,1,469363,800,799680,-1
34823.286,2,469363,800,799680,-1
34823.33,1,469523,200,798900,-1
34823.539,1,469704,800,799980,-1
34823.576,1,469745,100,798800,1
34823.577,1,469749,100,798800,1
34823.581,2,469228,100,798500,1
34823.731,2,462858,100,799500,-1
34823.731,2,463081,100,799500,-1
34823.929,2,469296,100,798500,1
34823.988,2,469704,800,799980,-1
34824.113,1,470177,100,799700,-1
34824.114,1,470179,100,799700,-1
34824.392,1,470441,800,799980,-1
34824.579,2,469523,200,798900,-1
34824.658,1,470680,100,799500,-1
34824.712,1,470732,100,799500,-1
34824.714,2,470177,100,799700,-1
34825.029,2,470179,100,799700,-1
34825.252,1,471285,100,798800,1
34825.252,1,471286,100,798800,1
34827.378,2,469745,100,798800,1
34827.378,2,471285,100,798800,1
34827.381,2,471286,100,798800,1
34827.382,2,469749,100,798800,1
34827.401,5,472385,100,799000,1
34827.499,1,473036,100,798700,1
34827.499,1,473037,100,798700,1
34827.817,1,473271,800,797920,1
34827.964,1,473376,100,798700,1
34828.032,1,473417,100,798700,1
34828.232,2,470732,100,799500,-1
34828.232,2,470680,100,799500,-1
34828.356,2,473271,800,797920,1
34828.358,2,470441,800,799980,-1
34828.385,1,473718,800,798120,1
34828.641,1,473939,100,799800,-1
34828.641,1,473941,100,799800,-1
34828.999,1,474236,800,800180,-1
34829.519,1,474604,100,798800,1
34829.519,1,474607,100,798800,1
34829.698,2,473036,100,798700,1
34829.698,2,474607,100,798800,1
34829.72,2,474604,100,798800,1
34829.72,2,473037,100,798700,1
34829.989,1,474903,100,798700,1
34830.083,1,474962,100,798700,1
34830.337,2,467829,100,9999990,-1
34830.421,2,464858,100,100,1
34830.425,2,468397,100,9999990,-1
34830.49,1,475237,100,9999990,-1
34830.627,1,475332,100,798800,1
34830.627,2,474903,100,798700,1
34830.627,1,475333,100,798800,1
34830.783,2,474962,100,798700,1
34830.803,1,475433,100,798610,1
34830.808,1,475434,100,9999990,-1
34831.131,1,475628,100,798800,1
34831.131,2,473417,100,798700,1
34831.131,1,475629,100,798800,1
34831.375,2,473376,100,798700,1
34831.71,1,475977,100,798700,1
34831.71,2,475628,100,798800,1
34831.711,2,475333,100,798800,1
34831.712,2,475629,100,798800,1
34831.714,2,475332,100,798800,1
34831.714,1,475980,100,798700,1
34832.291,1,476301,100,798800,1
34832.292,1,476303,100,798800,1
34832.293,2,475980,100,798700,1
34832.428,2,475977,100,798700,1
34832.836,1,476619,100,798800,1
34832.891,1,476650,100,798800,1
34832.994,2,476303,100,798800,1
34832.997,2,476301,100,798800,1
34832.997,2,476619,100,798800,1
34833.046,2,476650,100,798800,1
34833.359,1,476945,100,798700,1
34833.447,1,477002,100,798700,1
34833.81,2,473718,800,798120,1
34833.922,1,477323,100,798700,1
34833.987,2,474236,800,800180,-1
34834.0,1,477384,800,800080,-1
34834.074,2,477384,800,800080,-1
34834.113,2,475237,100,9999990,-1
34834.155,1,477490,100,798800,1
34834.157,2,477002,100,798700,1
34834.161,2,475434,100,9999990,-1
34834.283,2,473939,100,799800,-1
34834.301,1,477624,100,9999990,-1
34834.386,2,473941,100,799800,-1
34834.479,2,460114,600,798000,1
34834.492,1,477842,600,798300,1
34834.518,1,477876,100,798800,1
34834.52,1,477879,200,799300,-1
34834.541,1,477902,100,9999990,-1
34834.615,2,477879,200,799300,-1
34834.694,1,478057,100,800000,-1
34834.779,1,478144,800,800380,-1
34834.825,2,476945,100,798700,1
34834.98,2,477876,100,798800,1
34834.983,2,477490,100,798800,1
34834.986,1,478313,100,800000,-1
34835.143,1,478457,100,798800,1
34835.281,1,478562,800,798320,1
34835.429,2,450932,900,801100,-1
34835.438,1,478714,900,801800,-1
34835.58,1,478850,100,798800,1
34835.669,1,478940,100,798800,1
34836.133,1,479270,100,798800,1
34836.471,2,477323,100,798700,1
34837.383,2,477624,100,9999990,-1
34837.582,1,480240,300,799790,-1
34838.58,1,480960,100,800200,-1
34838.581,2,478313,100,800000,-1
34838.584,2,478057,100,800000,-1
34838.592,1,480976,100,800200,-1
34838.832,2,478562,800,798320,1
34838.838,2,478144,800,800380,-1
34838.84,1,481200,800,798520,1
34839.309,1,481515,800,800580,-1
34840.38,2,442290,500,797500,1
34840.423,1,482603,500,798600,1
34840.648,2,480240,300,799790,-1
34840.654,2,477902,100,9999990,-1
34840.664,1,482853,1000,799000,1
34840.881,2,477842,600,798300,1
34840.886,1,483087,600,798800,1
34840.91,1,483107,300,799890,-1
34841.001,1,483183,100,799490,-1
34841.606,2,478714,900,801800,-1
34841.612,1,483812,1000,802600,-1
34842.8,2,467832,300,798210,1
34842.95,2,482853,1000,799000,1
34842.986,1,484934,100,799200,1
34842.988,1,484940,100,799200,1
34843.065,2,475433,100,798610,1
34843.069,1,485006,100,798810,1
34843.099,2,478850,100,798800,1
34843.347,2,478457,100,798800,1
34843.513,1,485375,100,799210,1
34843.518,1,485377,100,799200,1
34843.544,1,485399,100,799200,1
34843.668,2,479270,100,798800,1
34843.959,2,478940,100,798800,1
34844.05,2,483107,300,799890,-1
34844.054,2,485006,100,798810,1
34844.102,1,485875,100,799300,1
34844.102,1,485878,100,799300,1
34844.135,2,481200,800,798520,1
34844.138,2,481515,800,800580,-1
34844.23,2,484940,100,799200,1
34844.301,1,486033,800,800680,-1
34844.371,1,486085,200,799890,-1
34844.375,1,486092,300,798810,1
34844.416,4,483183,100,799490,-1
34844.426,2,484934,100,799200,1
34844.645,1,486353,100,799300,1
34844.788,2,485377,100,799200,1
34844.789,1,486472,100,799300,1
34844.917,1,486554,100,800490,-1
34845.028,2,485399,100,799200,1
34846.985,2,485878,100,799300,1
34846.986,1,488109,100,799000,1
34846.987,2,486353,100,799300,1
34847.039,2,486033,800,800680,-1
34847.057,1,488177,800,800380,-1
34847.059,1,488180,100,799000,1
34847.064,2,485875,100,799300,1
34847.067,2,486472,100,799300,1
34847.363,2,486085,200,799890,-1
34847.618,1,488656,100,799100,1
34847.684,1,488722,100,799100,1
34847.735,1,488754,100,9999990,-1
34847.897,2,488109,100,799000,1
34848.058,2,488180,100,799000,1
34848.265,2,488177,800,800380,-1
34848.265,1,489235,100,799300,1
34848.276,1,489241,100,799300,1
34848.407,2,488722,100,799100,1
34848.549,1,489558,800,800680,-1
34848.724,1,489712,100,799300,1
34848.769,1,489751,100,799300,1
34849.251,2,488656,100,799100,1
34850.558,2,482603,500,798600,1
34850.559,1,491147,500,799000,1
34850.694,2,486554,100,800490,-1
34850.825,2,488754,100,9999990,-1
34850.828,2,486092,300,798810,1
34850.953,2,480960,100,800200,-1
34850.966,1,491456,100,799400,1
34850.977,1,491468,100,799400,1
34850.983,2,480976,100,800200,-1
34851.036,2,485375,100,799210,1
34851.042,1,491538,100,9999990,-1
34851.085,2,489558,800,800680,-1
34851.09,1,491600,300,799990,-1
34851.097,1,491604,300,798910,1
34851.215,2,489235,100,799300,1
34851.36,1,491863,800,800880,-1
34851.436,1,491943,100,799310,1
34851.496,2,489751,100,799300,1
34851.497,1,491998,100,800400,-1
34851.499,1,492003,100,800400,-1
34852.04,2,489241,100,799300,1
34852.04,1,492482,100,799400,1
34852.041,1,492483,100,799400,1
34852.275,2,491147,500,799000,1
34852.279,2,489712,100,799300,1
34852.299,1,492668,500,799500,1
34853.293,2,483087,600,798800,1
34853.295,1,493517,600,799100,1
34853.894,2,491456,100,799400,1
34853.897,2,492483,100,799400,1
34853.898,1,493925,100,799000,1
34853.898,2,491468,100,799400,1
34853.898,1,493926,100,799000,1
34853.9,2,492482,100,799400,1
34854.456,1,494289,100,799000,1
34854.51,1,494316,100,799000,1
34855.074,1,494723,100,799100,1
34855.226,1,494875,100,799100,1
34855.425,2,493926,100,799000,1
34855.587,2,493925,100,799000,1
34855.636,1,495215,100,799100,1
34855.78,1,495341,100,799100,1
34855.976,2,494289,100,799000,1
34856.159,2,494316,100,799000,1
34857.162,2,491863,800,800880,-1
34857.185,2,492003,100,800400,-1
34857.186,1,496558,100,799200,1
34857.187,2,494723,100,799100,1
34857.195,2,491998,100,800400,-1
34857.195,1,496574,100,799200,1
34857.271,1,496673,800,801080,-1
34857.273,2,494875,100,799100,1
34857.306,2,483812,1000,802600,-1
34857.311,1,496723,1000,803700,-1
34857.682,1,497086,100,800600,-1
34857.751,1,497141,100,799400,1
34858.088,2,496574,100,799200,1
34858.225,1,497503,100,799400,1
34858.255,2,496673,800,801080,-1
34858.276,1,497541,800,800980,-1
34858.288,1,497558,100,800600,-1
34858.342,2,496558,100,799200,1
34858.392,2,497541,800,800980,-1
34858.499,2,491600,300,799990,-1
34858.56,2,493517,600,799100,1
34858.564,1,497792,300,799400,1
34858.581,1,497806,100,9999990,-1
34858.775,1,497978,800,801080,-1
34858.787,1,497989,100,799400,1
34858.919,2,495341,100,799100,1
34858.92,1,498076,100,799400,1
34859.171,2,495215,100,799100,1
34859.291,1,498371,100,800400,-1
34859.352,2,497978,800,801080,-1
34859.422,2,497086,100,800600,-1
34859.422,1,498477,100,800400,-1
34859.455,1,498506,800,800780,-1
34859.643,2,497558,100,800600,-1
34860.145,2,497792,300,799400,1
34860.147,1,499099,300,799200,1
34860.624,2,497806,100,9999990,-1
34860.817,1,499704,100,9999990,-1
34861.009,2,491538,100,9999990,-1
34861.294,2,498371,100,800400,-1
34861.297,1,500155,100,800600,-1
34861.299,1,500157,100,9999990,-1
34861.302,2,498506,800,800780,-1
34861.307,1,500166,800,800980,-1
34861.412,2,498477,100,800400,-1
34861.412,1,500267,100,800600,-1
34861.585,2,500166,800,800980,-1
34861.856,1,500671,100,800400,-1
34861.885,2,500157,100,9999990,-1
34861.916,1,500710,800,800780,-1
34861.977,2,499704,100,9999990,-1
34861.983,2,500267,100,800600,-1
34861.984,1,500752,100,800400,-1
34862.082,2,500671,100,800400,-1
34862.128,2,500710,800,800780,-1
34862.141,1,500897,100,9999990,-1
34862.192,1,500943,100,9999990,-1
34862.234,2,500752,100,800400,-1
34862.246,2,500155,100,800600,-1
34862.337,1,501064,800,800980,-1
34862.396,1,501105,100,799500,1
34862.396,2,497141,100,799400,1
34862.397,1,501108,100,799500,1
34862.836,5,500996,300,799750,1
34862.855,2,497503,100,799400,1
34862.908,1,501491,100,800600,-1
34862.996,1,501547,100,800600,-1
34863.484,2,501064,800,800980,-1
34863.502,1,501957,100,799500,1
34863.502,2,498076,100,799400,1
34863.578,1,502027,100,799500,1
34863.694,1,502124,800,801080,-1
34863.711,2,491604,300,798910,1
34863.809,1,502197,200,798910,1
34863.901,2,497989,100,799400,1
34865.258,2,502124,800,801080,-1
34865.285,1,503291,800,800780,-1
34865.286,1,503292,100,800400,-1
34865.286,1,503293,100,800400,-1
34865.66,2,501547,100,800600,-1
34865.684,2,501491,100,800600,-1
34866.243,2,499099,300,799200,1
34866.247,1,504024,300,799400,1
34869.212,2,492668,500,799500,1
34869.656,2,504024,300,799400,1
34869.659,1,506620,300,799200,1
34870.952,2,503291,800,800780,-1
34870.96,1,507604,800,800580,-1
34870.998,2,501957,100,799500,1
34870.998,2,501108,100,799500,1
34871.001,1,507640,100,799300,1
34871.009,2,501105,100,799500,1
34871.009,2,502027,100,799500,1
34871.022,1,507666,100,799300,1
34871.215,2,507640,100,799300,1
34871.485,1,508107,100,800100,-1
34871.558,1,508187,100,799300,1
34871.574,2,506620,300,799200,1
34871.584,1,508216,600,799100,1
34871.628,2,503293,100,800400,-1
34871.868,2,496723,1000,803700,-1
34871.876,1,508451,900,802000,-1
34872.064,1,508627,100,799300,1
34872.091,1,508656,100,800100,-1
34872.303,2,503292,100,800400,-1
34872.48,2,508216,600,799100,1
34872.482,1,508960,600,798800,1
34872.671,1,509105,100,799300,1
34872.826,2,508107,100,800100,-1
34872.826,1,509229,100,799500,1
34872.829,2,508656,100,800100,-1
34872.868,2,507604,800,800580,-1
34872.973,1,509374,800,800780,-1
34873.21,1,509575,200,799800,-1
34873.287,2,508187,100,799300,1
34873.292,2,507666,100,799300,1
34873.296,1,509659,100,799500,1
34873.394,2,509575,200,799800,-1
34873.498,1,509870,100,800400,-1
34873.595,2,500897,100,9999990,-1
34873.757,1,510085,200,800000,-1
34873.828,1,510141,100,800400,-1
34873.829,2,500943,100,9999990,-1
34873.841,1,510149,100,9999990,-1
34873.882,1,510169,100,799500,1
34874.149,1,510380,100,9999990,-1
34874.363,2,508627,100,799300,1
34874.384,2,509105,100,799300,1
34874.384,1,510567,100,799500,1
34875.01,2,256346,850,794100,1
34875.017,1,510965,850,795100,1
34875.063,2,502197,200,798910,1
34875.228,1,511125,100,100,1
34875.453,2,510085,200,800000,-1
34876.976,1,512689,100,799600,1
34876.976,1,512690,100,799600,1
34877.178,2,509229,100,799500,1
34877.257,2,509659,100,799500,1
34877.493,1,513072,100,799600,1
34877.628,1,513169,100,799600,1
34877.656,2,510169,100,799500,1
34877.656,2,510567,100,799500,1
34877.902,2,509374,800,800780,-1
34878.027,1,513450,800,800880,-1
34878.656,1,514016,800,798820,1
34878.958,2,509870,100,800400,-1
34878.96,2,513169,100,799600,1
34878.96,2,512689,100,799600,1
34879.439,1,514574,100,799600,1
34880.009,1,514967,100,799600,1
34884.071,1,517375,200,800000,-1
34884.62,2,517375,200,800000,-1
34885.916,1,518463,1000,792500,1
34886.18,1,518624,100,799700,1
34886.243,1,518669,100,799700,1
34886.506,2,512690,100,799600,1
34886.609,2,514574,100,799600,1
34886.814,1,519036,100,799700,1
34886.924,1,519103,100,799700,1
34887.004,2,510149,100,9999990,-1
34887.05,2,513072,100,799600,1
34887.078,1,519226,300,800490,-1
34887.135,2,514967,100,799600,1
34888.031,2,513450,800,800880,-1
34888.115,1,519866,800,800880,-1
34888.661,2,514016,800,798820,1
34888.878,1,520387,800,798820,1
34889.051,2,510141,100,800400,-1
34889.1,2,520387,800,798820,1
34889.103,2,519866,800,800880,-1
34889.185,2,511125,100,100,1
34889.286,2,491943,100,799310,1
34889.372,1,520785,100,800700,-1
34889.38,1,520795,300,799010,1
34889.535,1,520896,100,100,1
34889.554,1,520913,800,799020,1
34889.624,1,520979,200,800000,-1
34890.245,2,520979,200,800000,-1
34890.348,1,521580,800,801080,-1
34890.359,1,521586,500,799100,1
34890.526,2,520896,100,100,1
34890.53,2,510380,100,9999990,-1
34891.025,1,522074,100,799410,1
34891.029,1,522082,100,800090,-1
34891.662,1,522544,100,800500,-1
34891.662,2,520913,800,799020,1
34891.669,2,521580,800,801080,-1
34891.971,2,520785,100,800700,-1
34892.099,1,522920,200,799800,-1
34893.686,1,524121,100,800700,-1
34893.69,2,522544,100,800500,-1
34894.563,4,522920,200,799800,-1
34896.126,1,525947,1000,799600,1
34899.74,1,528295,100,800400,-1
34900.013,2,525947,1000,799600,1
34900.236,2,524121,100,800700,-1
34900.499,2,522074,100,799410,1
34900.503,2,520795,300,799010,1
34900.615,1,528929,300,799110,1
34900.741,1,529012,100,799510,1
34901.219,2,518669,100,799700,1
34901.219,2,519103,100,799700,1
34901.22,1,529372,100,799600,1
34901.288,2,518624,100,799700,1
34901.288,2,519036,100,799700,1
34901.289,1,529422,100,799600,1
34901.704,1,529734,100,799600,1
34901.788,1,529810,100,799600,1
34902.358,1,530256,100,799700,1
34902.36,1,530260,100,799700,1
34902.515,2,529422,100,799600,1
34902.698,2,529372,100,799600,1
34902.843,1,530730,100,799700,1
34902.913,1,530774,100,799700,1
34903.073,2,529734,100,799600,1
34903.156,2,529810,100,799600,1
34903.338,2,530256,100,799700,1
34903.338,2,530260,100,799700,1
34903.338,2,530730,100,799700,1
34903.339,2,530774,100,799700,1
34903.526,1,531275,100,799600,1
34903.526,1,531276,100,799600,1
34903.971,1,531605,100,799600,1
34904.028,1,531624,100,799600,1
34904.585,1,532038,100,799700,1
34904.585,1,532039,100,799700,1
34904.706,2,531276,100,799600,1
34904.948,2,531275,100,799600,1
34905.117,1,532464,100,799700,1
34905.235,2,531624,100,799600,1
34905.277,1,532588,100,799700,1
34905.432,2,531605,100,799600,1
34905.611,2,532038,100,799700,1
34905.611,2,532039,100,799700,1
34905.611,2,532588,100,799700,1
34905.612,1,532882,100,799600,1
34905.615,2,532464,100,799700,1
34905.984,1,533166,100,799700,1
34906.181,1,533310,100,799700,1
34906.366,2,532882,100,799600,1
34906.525,1,533595,100,799700,1
34906.75,1,533784,100,799700,1
34906.837,2,533595,100,799700,1
34906.838,2,533166,100,799700,1
34906.903,2,533310,100,799700,1
34906.906,2,533784,100,799700,1
34907.124,1,534023,100,799600,1
34907.402,1,534265,100,799600,1
34907.56,1,534392,100,799600,1
34908.076,1,534819,100,799700,1
34908.077,2,534265,100,799600,1
34908.175,1,534896,100,799700,1
34908.411,2,534023,100,799600,1
34908.622,1,535366,100,799700,1
34908.834,2,528295,100,800400,-1
34908.906,1,535578,100,799700,1
34908.907,2,534819,100,799700,1
34908.907,2,535366,100,799700,1
34908.97,2,534896,100,799700,1
34908.972,2,534392,100,799600,1
34908.988,1,535648,800,800780,-1
34909.111,2,535578,100,799700,1
34909.209,1,535810,100,799600,1
34909.402,1,535950,100,799600,1
34909.836,1,536268,100,800500,-1
34909.911,1,536328,100,799600,1
34910.046,2,521586,500,799100,1
34910.047,2,519226,300,800490,-1
34910.299,1,536613,100,9999990,-1
34910.341,1,536651,100,799700,1
34910.461,1,536721,100,799700,1
34910.654,2,535950,100,799600,1
34910.78,2,535810,100,799600,1
34910.987,1,537078,100,799700,1
34910.987,1,537079,100,799700,1
34911.059,2,536651,100,799700,1
34911.219,2,537079,100,799700,1
34911.219,2,536721,100,799700,1
34911.318,2,537078,100,799700,1
34911.319,2,536328,100,799600,1
34911.351,2,522082,100,800090,-1
34911.4,2,536613,100,9999990,-1
34911.402,1,537379,100,799600,1
34911.518,1,537443,100,799600,1
34911.629,1,537522,100,9999990,-1
34911.796,1,537620,100,9999990,-1
34911.986,1,537756,100,799600,1
34912.015,1,537785,1000,800000,1
34912.047,1,537817,100,799600,1
34912.203,2,537443,100,799600,1
34912.205,2,537379,100,799600,1
34912.236,2,537756,100,799600,1
34912.237,2,537817,100,799600,1
34912.307,2,535648,800,800780,-1
34912.31,1,538039,800,800580,-1
34912.518,1,538230,100,799500,1
34912.584,1,538303,100,799500,1
34912.977,2,538039,800,800580,-1
34913.077,1,538714,100,800200,-1
34913.105,1,538749,100,799500,1
34913.215,1,538885,800,800680,-1
34913.577,2,536268,100,800500,-1
34913.695,1,539383,100,799500,1
34913.824,1,539517,500,800900,-1
34914.287,2,537785,1000,800000,1
34914.631,2,508451,900,802000,-1
34914.641,1,540366,600,801100,-1
34914.685,2,508960,600,798800,1
34914.699,1,540422,600,798300,1
34915.712,2,538714,100,800200,-1
34915.887,1,541550,500,800000,-1
34915.909,1,541562,100,800300,-1
34916.136,1,541739,400,800900,-1
34916.139,1,541743,400,797100,1
34916.66,1,542295,200,800500,-1
34917.035,5,541577,500,799960,-1
34917.279,5,541599,500,799960,-1
34917.53,5,541563,200,799980,-1
34917.53,4,541550,100,800000,-1
34917.566,4,541550,200,800000,-1
34917.667,1,543154,1000,807500,-1
34917.77,4,541550,200,800000,-1
34918.108,2,542295,200,800500,-1
34919.206,2,528929,300,799110,1
34919.249,2,529012,100,799510,1
34919.456,1,544569,300,799510,1
34919.535,1,544636,800,798620,1
34919.55,1,544653,100,799910,1
34919.801,2,544636,800,798620,1
34919.805,2,538885,800,800680,-1
34920.015,1,545067,800,800780,-1
34920.261,2,545067,800,800780,-1
34920.362,2,538230,100,799500,1
34920.384,1,545388,100,799800,1
34920.386,2,541562,100,800300,-1
34920.389,1,545397,100,799800,1
34920.472,1,545471,800,800980,-1
34920.976,1,546073,200,800500,-1
34920.999,2,538303,100,799500,1
34921.073,2,538749,100,799500,1
34921.078,1,546232,100,799800,1
34921.117,1,546301,100,800500,-1
34921.219,2,545471,800,800980,-1
34921.354,1,546678,100,799800,1
34921.449,1,546777,800,801080,-1
34921.914,2,539383,100,799500,1
34921.983,2,541739,400,800900,-1
34921.986,1,547293,400,800700,-1
34923.406,2,544569,300,799510,1
34923.59,2,540366,600,801100,-1
34923.595,1,548808,600,801300,-1
34923.605,1,548817,100,100,1
34923.663,2,544653,100,799910,1
34923.687,1,548894,800,799020,1
34923.758,2,548894,800,799020,1
34923.76,2,546777,800,801080,-1
34924.001,1,549127,100,799510,1
34924.115,2,547293,400,800700,-1
34924.124,1,549236,400,801000,-1
34924.247,1,549348,800,799120,1
34926.581,1,551195,1000,800200,-1
34926.85,2,549348,800,799120,1
34926.953,1,551462,800,799020,1
34927.04,2,546073,200,800500,-1
34927.282,5,551474,200,800190,-1
34927.849,2,537522,100,9999990,-1
34927.854,2,548817,100,100,1
34927.9,2,537620,100,9999990,-1
34927.903,2,549127,100,799510,1
34928.118,1,552385,300,800490,-1
34928.123,1,552387,300,799310,1
34928.215,1,552459,100,9999990,-1
34928.218,1,552462,100,100,1
34928.956,2,552387,300,799310,1
34929.03,2,546301,100,800500,-1
34929.144,1,553115,100,100,1
34929.206,1,553163,100,800600,-1
34930.511,2,551462,800,799020,1
34930.625,1,554011,800,798920,1
34931.086,2,553115,100,100,1
34931.215,1,554389,300,799210,1
34931.374,2,552462,100,100,1
34931.385,5,548902,300,799840,1
34931.692,1,554801,100,100,1
34931.726,2,553163,100,800600,-1
34931.731,1,554824,100,800800,-1
34931.841,2,554011,800,798920,1
34931.858,1,554941,800,799220,1
34932.03,5,548902,200,799840,1
34932.03,4,545388,100,799800,1
34932.03,4,545397,100,799800,1
34932.069,2,551195,1000,800200,-1
34932.179,2,554941,800,799220,1
34932.239,1,555242,100,799800,1
34932.279,4,546232,100,799800,1
34932.327,1,555322,100,799800,1
34932.343,1,555346,800,799120,1
34932.823,1,555762,100,799800,1
34933.166,2,555242,100,799800,1
34933.166,2,555762,100,799800,1
34933.168,1,556054,100,799700,1
34933.169,2,555322,100,799800,1
34933.171,2,546678,100,799800,1
34933.494,1,556319,100,799700,1
34933.776,1,556534,100,799700,1
34933.817,2,539517,500,800900,-1
34934.04,1,556748,100,799700,1
34935.986,2,554824,100,800800,-1
34936.035,2,549236,400,801000,-1
34936.052,1,558259,400,801400,-1
34936.146,1,558360,100,801000,-1
34936.176,2,555346,800,799120,1
34936.216,1,558432,800,799320,1
34936.771,1,558989,500,799500,1
34937.49,2,558432,800,799320,1
34937.506,2,540422,600,798300,1
34937.508,1,559603,600,798900,1
34937.557,2,548808,600,801300,-1
34937.566,1,559643,600,801800,-1
34937.68,1,559728,800,801280,-1
34939.735,1,561402,100,799800,1
34939.735,1,561403,100,799800,1
34939.925,2,556319,100,799700,1
34940.229,2,556054,100,799700,1
34940.284,1,561836,100,799800,1
34940.357,1,561915,100,799800,1
34940.459,2,556748,100,799700,1
34940.709,2,559728,800,801280,-1
34940.807,2,556534,100,799700,1
34940.809,2,558360,100,801000,-1
34940.939,1,562440,100,801200,-1
34941.026,1,562508,800,799420,1
34941.071,2,558989,500,799500,1
34941.116,1,562597,500,800000,1
34941.857,1,563205,1000,799700,1
34942.765,2,559643,600,801800,-1
34942.775,1,563885,900,802400,-1
34944.021,2,562508,800,799420,1
34944.024,1,564707,800,801380,-1
34944.176,2,559603,600,798900,1
34944.18,1,564867,600,799200,1
34944.224,2,564707,800,801380,-1
34944.309,1,564981,100,801000,-1
34944.562,2,562440,100,801200,-1
34944.625,2,541743,400,797100,1
34944.635,1,565268,400,798100,1
34944.953,1,565552,800,801280,-1
34945.264,2,561402,100,799800,1
34945.265,2,561915,100,799800,1
34945.267,2,561836,100,799800,1
34945.268,2,561403,100,799800,1
34945.268,1,565868,100,799700,1
34945.268,1,565869,100,799700,1
34945.502,5,562612,25,800040,1
34945.733,1,566255,100,799700,1
34945.737,2,564867,600,799200,1
34945.741,1,566265,600,799000,1
34945.766,1,566290,100,800700,-1
34945.918,2,565552,800,801280,-1
34945.92,1,566415,800,800980,-1
34946.349,2,564981,100,801000,-1
34946.423,2,552385,300,800490,-1
34946.468,1,566847,100,799800,1
34946.468,1,566848,100,799800,1
34946.609,1,566965,200,800490,-1
34946.692,2,565868,100,799700,1
34946.726,2,565869,100,799700,1
34946.787,2,562597,500,800000,1
34946.831,1,567140,500,799300,1
34946.915,1,567204,100,799800,1
34946.915,1,567205,100,799800,1
34947.18,2,563205,1000,799700,1
34947.347,2,566255,100,799700,1
34947.526,2,566965,200,800490,-1
34947.862,1,567941,300,800490,-1
34948.565,5,566108,100,800000,1
34948.695,2,567941,300,800490,-1
34948.824,1,568861,100,9999990,-1
34950.104,2,554801,100,100,1
34950.107,2,552459,100,9999990,-1
34950.289,2,567140,500,799300,1
34950.389,2,568861,100,9999990,-1
34950.422,2,565268,400,798100,1
34950.434,1,570149,400,797500,1
34950.531,1,570237,100,9999990,-1
34950.565,1,570276,100,799610,1
34950.568,1,570279,100,9999990,-1
34951.996,2,570279,100,9999990,-1
34952.04,2,570237,100,9999990,-1
34952.192,1,571439,300,800990,-1
34952.586,1,571725,100,9999990,-1
34953.139,2,566415,800,800980,-1
34953.261,1,572206,800,801080,-1
34953.642,1,572438,200,800270,-1
34954.126,2,554389,300,799210,1
34954.2,1,572809,100,100,1
34954.231,1,572828,800,799020,1
34954.815,2,567204,100,799800,1
34954.816,1,573164,100,799700,1
34954.816,2,566848,100,799800,1
34954.852,2,566847,100,799800,1
34954.852,1,573188,100,799700,1
34954.853,2,567205,100,799800,1
34954.937,2,572828,800,799020,1
34954.992,2,572206,800,801080,-1
34954.995,1,573286,800,800780,-1
34955.01,2,573164,100,799700,1
34955.372,1,573560,100,799700,1
34955.373,1,573565,100,800500,-1
34955.603,2,566290,100,800700,-1
34955.942,1,573948,100,799700,1
34956.003,1,574008,100,799700,1
34956.243,2,563885,900,802400,-1
34956.255,1,574191,600,801100,-1
34956.293,2,566265,600,799000,1
34956.302,1,574222,600,798200,1
34956.482,1,574373,800,798720,1
34957.6,2,574373,800,798720,1
34957.602,2,573286,800,800780,-1
34957.717,1,575054,800,798820,1
34958.013,2,558259,400,801400,-1
34958.027,1,575249,400,801000,-1
34958.217,1,575362,800,800880,-1
34960.024,2,573188,100,799700,1
34960.025,1,576580,100,799800,1
34960.027,5,574362,25,800230,-1
34960.546,1,576857,100,799800,1
34960.55,2,574008,100,799700,1
34961.537,1,577370,100,799800,1
34961.694,2,573560,100,799700,1
34962.105,1,577651,100,799800,1
34962.228,2,573948,100,799700,1
34963.781,4,576580,100,799800,1
34963.83,1,578645,100,799700,1
34963.832,2,577370,100,799800,1
34963.832,2,577651,100,799800,1
34963.835,2,576857,100,799800,1
34963.838,1,578651,100,799700,1
34964.377,1,578992,100,799700,1
34964.381,1,578996,100,799700,1
34965.938,2,575054,800,798820,1
34965.965,2,578645,100,799700,1
34965.966,2,578996,100,799700,1
34965.981,1,579946,800,800680,-1
34965.984,2,575362,800,800880,-1
34966.004,2,578651,100,799700,1
34966.004,2,578992,100,799700,1
34966.087,1,580021,100,799500,1
34966.251,1,580154,100,799500,1
34966.586,1,580415,800,798620,1
34966.613,1,580439,100,799500,1
34966.675,1,580481,100,800300,-1
34966.679,2,573565,100,800500,-1
34966.781,1,580548,500,800800,-1
34967.034,1,580715,200,799970,-1
34967.382,1,580980,100,799500,1
34967.688,2,574191,600,801100,-1
34967.696,1,581218,600,800800,-1
34968.037,1,581383,250,798200,1
34968.053,1,581391,250,800000,-1
34968.089,5,561609,100,799700,1
34968.105,4,570276,100,799610,1
34968.562,1,581772,100,798610,1
34968.78,5,581443,300,799930,-1
34969.272,5,581968,400,799930,-1
34969.318,5,581968,100,799930,-1
34969.318,5,582286,200,799930,-1
34969.699,2,575249,400,801000,-1
34969.709,1,582612,400,800800,-1
34969.982,2,581383,250,798200,1
34969.985,2,581391,250,800000,-1
34970.015,1,582793,250,798800,1
34970.019,1,582796,250,800600,-1
34970.032,5,582286,100,799930,-1
34970.646,1,583187,100,799600,1
34970.664,1,583193,100,799600,1
34970.845,2,580154,100,799500,1
34970.99,2,580021,100,799500,1
34971.227,1,583497,100,799600,1
34971.319,1,583572,100,799600,1
34971.444,2,580980,100,799500,1
34971.57,2,580439,100,799500,1
34971.571,2,583497,100,799600,1
34971.574,2,583193,100,799600,1
34971.658,2,583572,100,799600,1
34971.659,2,583187,100,799600,1
34971.749,2,572809,100,100,1
34971.803,2,581772,100,798610,1
34971.915,1,583924,100,799600,1
34971.939,1,583941,100,100,1
34971.973,1,583956,100,799600,1
34972.252,2,582796,250,800600,-1
34972.285,1,584156,500,800600,-1
34972.355,1,584192,100,100,1
34972.413,1,584254,100,799600,1
34972.457,1,584286,100,799600,1
34972.666,2,580481,100,800300,-1
34972.748,2,584254,100,799600,1
34972.751,2,583956,100,799600,1
34972.759,4,583924,100,799600,1
34972.759,4,584286,100,799600,1
34972.766,2,583941,100,100,1
34972.791,2,580415,800,798620,1
34972.793,2,579946,800,800680,-1
34972.799,1,584550,800,798820,1
34972.853,2,584156,500,800600,-1
34972.886,1,584621,250,800600,-1
34972.889,2,574222,600,798200,1
34972.891,1,584626,600,797900,1
34972.97,2,584192,100,100,1
34973.033,1,584724,100,100,1
34973.151,1,584816,100,799500,1
34973.206,1,584849,100,799500,1
34973.44,4,584816,100,799500,1
34973.44,4,584849,100,799500,1
34973.64,2,582793,250,798800,1
34973.642,2,584621,250,800600,-1
34973.736,1,585248,250,799200,1
34973.74,1,585254,500,801000,-1
34973.792,1,585290,100,799500,1
34974.096,2,585290,100,799500,1
34974.118,2,584550,800,798820,1
34974.248,1,585612,100,799200,1
34974.248,1,585613,800,800780,-1
34974.268,1,585637,100,100,1
34974.552,4,585248,250,799200,1
34974.552,4,585612,50,799200,1
34974.658,4,585612,50,799200,1
34974.658,1,585892,350,799200,-1
34974.714,2,581218,600,800800,-1
34974.721,1,585938,600,801000,-1
34974.774,1,585967,800,798720,1
34974.826,1,586014,50,800400,-1
34975.091,2,586014,50,800400,-1
34975.185,2,585967,800,798720,1
34975.187,2,585613,800,800780,-1
34975.27,1,586322,250,798600,1
34975.273,2,585254,500,801000,-1
34975.291,1,586336,800,798620,1
34975.306,1,586348,250,800400,-1
34975.39,2,570149,400,797500,1
34975.392,1,586409,400,797000,1
34975.396,1,586411,100,800500,-1
34975.524,1,586493,500,799500,-1
34975.99,1,586733,100,800500,-1
34976.109,2,586336,800,798620,1
34976.112,1,586817,800,798520,1
34976.147,2,582612,400,800800,-1
34976.151,1,586838,400,801000,-1
34976.85,1,587226,100,800400,-1
34977.098,2,586411,100,800500,-1
34977.32,1,587485,100,800400,-1
34977.379,1,587535,800,798420,1
34977.381,2,586817,800,798520,1
34977.381,2,586493,500,799500,-1
34977.42,2,586322,250,798600,1
34977.437,2,586733,100,800500,-1
34977.454,1,587569,250,798200,1
34977.476,2,587569,250,798200,1
34977.522,1,587624,250,798600,1
34977.571,2,587624,250,798600,1
34977.574,2,586348,250,800400,-1
34977.637,1,587732,250,798200,1
34977.641,1,587741,250,800000,-1
34978.03,2,587535,800,798420,1
34978.036,2,587226,100,800400,-1
34978.037,1,588004,100,800200,-1
34978.077,1,588031,800,798220,1
34978.234,2,588031,800,798220,1
34978.609,1,588432,100,800200,-1
34978.612,2,587485,100,800400,-1
34978.735,1,588521,800,798120,1
34979.222,2,585892,350,799200,-1
34979.326,1,588911,800,800180,-1
34979.368,1,588943,100,800100,-1
34979.379,2,571725,100,9999990,-1
34979.441,2,571439,300,800990,-1
34979.444,2,584724,100,100,1
34979.463,2,587732,250,798200,1
34979.467,2,587741,250,800000,-1
34979.498,1,589077,250,797800,1
34979.501,1,589079,250,800000,-1
34979.629,1,589214,300,800190,-1
34979.633,1,589217,100,100,1
34979.709,2,585637,100,100,1
34979.717,1,589298,100,800000,-1
34979.767,2,588004,100,800200,-1
34979.946,1,589451,100,800100,-1
34980.123,1,589600,100,100,1
34980.354,2,588432,100,800200,-1
34980.837,2,586838,400,801000,-1
34980.844,1,590203,400,800800,-1
34981.533,2,589600,100,100,1
34981.616,2,589217,100,100,1
34981.787,1,590761,100,798410,1
34981.852,1,590807,100,100,1
34982.473,2,589079,250,800000,-1
34982.475,2,589298,100,800000,-1
34982.674,2,588521,800,798120,1
34982.677,2,588911,800,800180,-1
34982.818,1,591506,100,801790,-1
34982.876,1,591553,800,798220,1
34984.892,2,518463,1000,792500,1
34984.999,2,140805,100,789500,1
34985.274,2,543154,1000,807500,-1
34987.386,1,594204,100,799600,-1
34987.508,2,588943,100,800100,-1
34988.031,1,594610,100,799600,-1
34988.063,2,589451,100,800100,-1
34988.626,2,589214,300,800190,-1
34988.648,2,591553,800,798220,1
34988.664,1,594985,800,800080,-1
34988.742,2,591506,100,801790,-1
34988.844,2,594204,100,799600,-1
34988.844,2,594610,100,799600,-1
34988.845,1,595119,100,800100,-1
34988.862,2,580715,200,799970,-1
34988.865,2,572438,200,800270,-1
34988.877,1,595150,100,799990,-1
34989.113,1,595275,800,798020,1
34989.135,1,595284,100,799600,-1
34989.459,2,589077,250,797800,1
34989.462,1,595492,250,800000,-1
34989.496,1,595517,250,798200,1
34989.506,1,595534,100,800100,-1
34989.933,1,595876,100,798600,1
34990.122,2,595517,250,798200,1
34990.133,2,595492,250,800000,-1
34990.154,1,596015,250,797800,1
34990.168,1,596035,250,799600,-1
34990.354,2,585938,600,801000,-1
34990.356,2,584626,600,797900,1
34990.37,1,596192,600,800100,-1
34990.37,1,596193,1000,792400,1
34990.619,1,596385,100,799500,-1
34990.801,2,595119,100,800100,-1
34991.025,1,596639,500,799500,-1
34991.182,1,596735,100,799500,-1
34991.378,2,590203,400,800800,-1
34991.381,2,595534,100,800100,-1
34991.381,2,586409,400,797000,1
34991.386,1,596872,200,800100,-1
34991.387,1,596874,400,795700,1
34991.422,2,595284,100,799600,-1
34991.653,1,597037,100,801590,-1
34991.786,1,597101,100,799400,-1
34991.965,2,596385,100,799500,-1
34992.381,1,597410,100,799400,-1
34992.552,2,596735,100,799500,-1
34992.942,2,597101,100,799400,-1
34992.943,2,597410,100,799400,-1
34992.946,1,597709,100,799500,-1
34992.981,2,596015,250,797800,1
34992.983,2,596035,250,799600,-1
34993.028,1,597768,250,797400,1
34993.032,1,597771,250,799200,-1
34993.401,4,595876,100,798600,1
34993.401,1,598079,250,798600,-1
34993.484,1,598155,100,799500,-1
34993.875,2,595275,800,798020,1
34993.877,2,594985,800,800080,-1
34993.952,1,598514,800,797920,1
34994.18,2,597771,250,799200,-1
34994.214,1,598681,250,799600,-1
34994.22,2,598681,250,799600,-1
34994.253,1,598712,250,799200,-1
34994.271,2,598079,250,798600,-1
34994.486,2,597768,250,797400,1
34994.488,2,598712,250,799200,-1
34994.519,1,598953,250,797800,1
34994.523,1,598959,250,799600,-1
34994.91,1,599213,500,799200,-1
34995.115,1,599356,100,799400,-1
34995.305,2,598953,250,797800,1
34995.308,2,598959,250,799600,-1
34995.338,1,599539,250,797400,1
34995.341,1,599545,250,799200,-1
34995.69,1,599806,100,799400,-1
34995.692,2,598155,100,799500,-1
34995.706,2,596639,500,799500,-1
34995.777,2,599545,250,799200,-1
34995.814,1,599880,250,799600,-1
34995.953,2,597709,100,799500,-1
34996.152,2,599806,100,799400,-1
34996.154,2,599356,100,799400,-1
34996.34,1,600214,100,799500,-1
34996.441,2,599539,250,797400,1
34996.473,1,600327,250,797800,1
34996.619,2,600214,100,799500,-1
34996.636,2,596192,600,800100,-1
34996.64,1,600436,600,799800,-1
34996.925,1,600624,100,799800,-1
34997.446,1,600899,100,799800,-1
34997.713,2,596872,200,800100,-1
34997.716,1,601030,200,799800,-1
34997.751,2,600327,250,797800,1
34997.769,2,599880,250,799600,-1
34997.784,1,601079,250,797400,1
34997.805,1,601099,250,799200,-1
34998.729,2,598514,800,797920,1
34998.811,1,601942,800,799780,-1
34999.363,1,602293,800,797720,1
35000.663,2,599213,500,799200,-1
35002.807,2,600436,600,799800,-1
35002.81,1,604485,600,799600,-1
35002.848,2,601030,200,799800,-1
35002.854,1,604511,200,799600,-1
35005.587,2,595150,100,799990,-1
35005.591,2,597037,100,801590,-1
35005.691,1,606192,200,799590,-1
35005.812,1,606252,100,9999990,-1
35005.918,2,602293,800,797720,1
35005.92,2,601942,800,799780,-1
35005.987,1,606344,800,797820,1
35006.591,2,604511,200,799600,-1
35006.595,1,606688,200,799500,-1
35007.399,2,601079,250,797400,1
35007.401,2,601099,250,799200,-1
35007.432,1,607135,250,797000,1
35007.435,1,607140,250,798910,-1
35007.689,1,607342,100,798300,1
35008.08,2,606344,800,797820,1
35008.183,1,607667,800,797720,1
35008.524,2,607140,250,798910,-1
35008.905,2,607667,800,797720,1
35008.965,1,608309,100,798000,1
35008.965,2,607342,100,798300,1
35009.065,1,608375,800,799580,-1
35009.662,1,608861,800,797520,1
35010.507,2,604485,600,799600,-1
35010.511,1,609387,600,799400,-1
35010.623,2,590807,100,100,1
35010.629,2,606252,100,9999990,-1
35010.975,1,609716,100,100,1
35010.98,1,609719,100,799190,-1
35011.156,2,608861,800,797520,1
35011.16,2,608375,800,799580,-1
35011.325,1,609956,800,797620,1
35011.821,1,610276,100,799100,-1
35012.017,2,600624,100,799800,-1
35012.086,2,590761,100,798410,1
35012.09,2,596193,1000,792400,1
35012.093,1,610424,1000,794400,1
35012.132,2,609716,100,100,1
35012.232,2,606688,200,799500,-1
35012.245,1,610519,200,799300,-1
35012.269,1,610535,100,100,1
35012.395,1,610635,100,799100,-1
35012.465,1,610675,100,100,1
35012.52,2,600899,100,799800,-1
35015.24,2,610535,100,100,1
35015.362,1,612212,100,100,1
35015.423,2,610675,100,100,1
35015.655,1,612366,100,100,1
35016.1,2,596874,400,795700,1
35016.102,1,612573,400,794800,1
35016.247,2,609956,800,797620,1
35016.354,1,612706,800,797520,1
35016.881,5,612716,100,798050,1
35016.941,2,610519,200,799300,-1
35016.949,1,612979,200,799200,-1
35017.434,2,612979,200,799200,-1
35017.438,1,613283,200,799300,-1
35017.626,2,612212,100,100,1
35017.674,2,612366,100,100,1
35017.831,1,613540,100,100,1
35018.0,1,613612,100,100,1
35018.14,2,608309,100,798000,1
35018.143,1,613693,100,797800,1
35018.21,2,612706,800,797520,1
35018.242,1,613754,800,799280,-1
35018.257,1,613765,100,799100,-1
35018.729,1,614076,800,797220,1
35018.987,1,614288,200,799400,-1
35019.017,2,580548,500,800800,-1
35019.482,2,609387,600,799400,-1
35019.485,1,614572,600,799200,-1
35020.674,2,607135,250,797000,1
35020.676,1,615301,250,798400,-1
35020.738,1,615365,250,796600,1
35021.811,2,614076,800,797220,1
35021.906,2,613754,800,799280,-1
35021.912,1,616230,800,797120,1
35021.933,2,613283,200,799300,-1
35021.945,1,616255,200,799100,-1
35022.917,2,616255,200,799100,-1
35022.924,1,617047,200,799200,-1
35023.055,1,617170,300,799100,-1
35023.178,1,617273,500,797800,1
35023.28,2,616230,800,797120,1
35023.306,1,617370,100,798900,-1
35023.307,2,613693,100,797800,1
35023.367,1,617424,800,796920,1
35023.549,2,610276,100,799100,-1
35023.848,1,617892,100,797500,1
35024.002,1,618046,800,798980,-1
35024.205,2,613540,100,100,1
35024.389,1,618344,100,798900,-1
35024.548,2,615365,250,796600,1
35024.55,2,615301,250,798400,-1
35024.571,2,613765,100,799100,-1
35024.581,1,618542,250,797000,1
35024.585,1,618549,250,798800,-1
35024.623,2,617170,300,799100,-1
35024.635,2,610635,100,799100,-1
35024.663,1,618643,1000,792900,1
35024.677,1,618670,100,798900,-1
35024.728,1,618716,300,798900,-1
35024.758,2,617273,500,797800,1
35025.209,2,617047,200,799200,-1
35025.216,1,619064,200,799300,-1
35025.664,2,614572,600,799200,-1
35025.672,1,619388,600,799000,-1
35026.214,2,617424,800,796920,1
35026.217,2,618046,800,798980,-1
35026.353,1,619918,800,796820,1
35026.801,2,618716,300,798900,-1
35027.058,1,620380,800,798880,-1
35027.763,1,620869,100,797800,1
35027.899,2,617892,100,797500,1
35027.915,2,619918,800,796820,1
35027.918,2,620380,800,798880,-1
35027.957,2,620869,100,797800,1
35027.994,1,621037,800,797120,1
35028.263,2,621037,800,797120,1
35028.318,1,621296,100,797500,1
35028.523,2,618542,250,797000,1
35028.525,2,618549,250,798800,-1
35028.556,1,621521,250,796600,1
35028.562,1,621531,250,798400,-1
35028.585,1,621577,300,797110,1
35028.735,1,621763,800,796820,1
35029.072,2,621521,250,796600,1
35029.075,2,621531,250,798400,-1
35029.12,1,622206,250,797000,1
35029.154,1,622249,250,798800,-1
35029.195,2,622206,250,797000,1
35029.198,2,622249,250,798800,-1
