34200.894,1,195059,100,10000,1
34213.898,1,202572,100,780700,-1
34217.398,1,203947,1000,776600,1
34217.911,1,204144,100,796500,-1
34219.945,1,204869,1000,776800,1
34225.536,2,202572,100,780700,-1
34226.089,1,207163,100,780000,-1
34226.326,1,207246,100,791500,-1
34226.35,1,207253,100,791500,-1
34229.728,2,204144,100,796500,-1
34229.737,2,207163,100,780000,-1
34229.738,2,207246,100,791500,-1
34229.739,2,207253,100,791500,-1
34239.033,2,148622,200,784000,-1
34256.216,2,204869,1000,776800,1
34256.217,2,203947,1000,776600,1
34263.604,1,221286,100,785200,-1
34275.662,2,221286,100,785200,-1
34344.963,1,255048,1000,780400,-1
34347.694,1,256192,400,780000,1
34349.362,2,255048,1000,780400,-1
34349.678,1,256979,1,9999900,-1
34349.714,2,256192,400,780000,1
34350.935,2,256979,1,9999900,-1
34351.118,1,257503,100,9999990,-1
34351.315,2,257503,100,9999990,-1
34351.856,1,257783,100,9999990,-1
34352.714,1,258161,300,768600,1
34352.792,1,258205,300,788600,-1
34353.765,2,258161,300,768600,1
34353.792,2,258205,300,788600,-1
34355.232,1,259285,1,100,1
34358.814,2,259285,1,100,1
34359.058,1,260575,500,779010,1
34360.875,2,257783,100,9999990,-1
34361.064,1,261333,200,780490,-1
34361.067,4,261333,200,780490,-1
34361.198,1,261370,100,781490,-1
34362.097,2,260575,500,779010,1
34362.1,2,261370,100,781490,-1
34362.376,1,261715,200,100,1
34362.385,1,261717,200,9999990,-1
34363.444,1,262080,700,782000,-1
34365.261,2,261717,200,9999990,-1
34365.263,2,261715,200,100,1
34365.431,1,262700,1000,780010,-1
34365.515,1,262743,100,9999990,-1
34365.517,1,262744,100,100,1
34365.729,2,262700,1000,780010,-1
34368.51,1,263905,1000,780010,-1
34370.63,2,263905,1000,780010,-1
34372.582,2,262080,700,782000,-1
34374.633,2,262744,100,100,1
34374.829,1,266608,100,100,1
34378.067,2,266608,100,100,1
34378.26,1,267828,100,100,1
34380.09,2,267828,100,100,1
34380.188,1,268454,1000,780300,-1
34380.274,1,268493,100,778410,1
34381.965,2,262743,100,9999990,-1
34382.104,1,269465,100,9999990,-1
34382.586,1,269694,1000,779800,-1
34382.588,2,268454,1000,780300,-1
34386.526,1,271593,1000,779600,-1
34386.527,2,269694,1000,779800,-1
34387.531,2,271593,1000,779600,-1
34387.767,1,272238,1000,779600,-1
34388.772,2,272238,1000,779600,-1
34388.98,1,273002,1000,779800,-1
34390.523,2,273002,1000,779800,-1
34390.661,2,268493,100,778410,1
34390.805,1,274044,1000,780000,-1
34390.966,2,269465,100,9999990,-1
34390.975,1,274124,300,778610,1
34391.1,1,274188,500,780790,-1
34397.2,2,274124,300,778610,1
34397.405,1,277883,100,100,1
34398.682,2,274044,1000,780000,-1
34398.984,1,278663,1000,780300,-1
34399.413,2,277883,100,100,1
34399.677,1,279022,100,100,1
34401.543,2,274188,500,780790,-1
34401.751,2,278663,1000,780300,-1
34401.805,1,280181,100,780590,-1
34403.608,2,280181,100,780590,-1
34403.764,1,281276,100,780190,-1
34406.837,2,279022,100,100,1
34406.968,1,282679,100,100,1
34410.332,2,282679,100,100,1
34410.47,1,284252,100,100,1
34413.389,2,281276,100,780190,-1
34413.392,2,284252,100,100,1
34413.513,1,285710,500,779790,-1
34413.516,1,285714,500,778710,1
34413.798,1,285866,1000,779700,-1
34414.986,1,286485,1000,779200,1
34415.403,2,285714,500,778710,1
34415.47,2,285710,500,779790,-1
34415.533,1,286713,100,100,1
34415.602,1,286749,500,779690,-1
34416.041,2,285866,1000,779700,-1
34421.56,5,286969,200,779220,1
34421.56,4,286485,800,779200,1
34422.775,2,286713,100,100,1
34422.929,1,290258,100,100,1
34423.016,1,290289,600,779210,-1
34423.111,2,290289,600,779210,-1
34423.705,4,286485,200,779200,1
34423.731,1,290672,1000,779200,-1
34423.732,1,290673,600,779210,-1
34424.944,2,286749,500,779690,-1
34425.024,1,291300,100,9999990,-1
34425.784,2,290672,1000,779200,-1
34426.171,2,290673,600,779210,-1
34426.538,1,292233,600,779200,-1
34431.064,1,294890,600,779200,-1
34431.151,2,292233,600,779200,-1
34431.278,2,291300,100,9999990,-1
34431.483,1,295113,500,779290,-1
34438.856,2,290258,100,100,1
34439.107,1,299819,100,100,1
34440.89,2,294890,600,779200,-1
34442.03,2,295113,500,779290,-1
34442.229,1,301680,100,9999990,-1
34443.004,1,302112,100,779090,-1
34445.369,2,299819,100,100,1
34445.375,2,301680,100,9999990,-1
34445.492,1,303492,100,100,1
34445.497,1,303500,100,9999990,-1
34449.494,2,303500,100,9999990,-1
34449.621,1,305778,500,778990,-1
34453.753,2,302112,100,779090,-1
34453.773,2,303492,100,100,1
34454.009,1,308003,100,100,1
34456.152,1,309215,600,778300,-1
34459.218,2,308003,100,100,1
34459.464,1,311065,200,777410,1
34460.015,1,311367,600,778200,-1
34460.097,2,309215,600,778300,-1
34461.466,2,305778,500,778990,-1
34461.658,1,312197,200,778490,-1
34462.614,2,311065,200,777410,1
34462.616,2,312197,200,778490,-1
34462.781,1,312690,600,778000,-1
34462.782,2,311367,600,778200,-1
34462.858,1,312730,500,777210,1
34462.863,1,312733,500,778490,-1
34466.933,2,312733,500,778490,-1
34467.097,1,314808,100,9999990,-1
34467.516,5,312708,200,777950,-1
34467.516,4,312690,600,778000,-1
34470.804,2,314808,100,9999990,-1
34470.916,1,316875,100,9999990,-1
34479.683,2,312730,500,777210,1
34479.808,1,321428,500,777010,1
34486.184,2,316875,100,9999990,-1
34486.338,1,324573,500,778290,-1
34487.104,2,324573,500,778290,-1
34487.298,1,325128,100,9999990,-1
34494.936,1,329568,1000,777500,1
34496.652,2,325128,100,9999990,-1
34496.848,1,330727,500,778390,-1
34497.731,2,330727,500,778390,-1
34497.782,2,329568,1000,777500,1
34497.984,1,331344,500,778490,-1
34502.047,2,331344,500,778490,-1
34502.249,1,333485,200,778490,-1
34504.406,2,333485,200,778490,-1
34504.408,2,321428,500,777010,1
34504.84,1,335069,500,778990,-1
34504.845,1,335074,100,777910,1
34505.686,1,335597,1000,778000,1
34508.016,2,335597,1000,778000,1
34513.778,2,335069,500,778990,-1
34514.092,1,340199,500,779190,-1
34515.054,2,335074,100,777910,1
34515.28,1,341065,500,777410,1
34519.373,2,341065,500,777410,1
34519.574,1,343969,100,778110,1
34521.423,2,343969,100,778110,1
34521.816,1,345272,200,777810,1
34523.545,2,345272,200,777810,1
34523.671,1,346386,100,777810,1
34525.701,2,340199,500,779190,-1
34525.702,2,346386,100,777810,1
34525.813,1,347534,100,778990,-1
34525.817,1,347538,400,777610,1
34528.938,2,347538,400,777610,1
34529.16,1,349140,200,777710,1
34531.035,2,349140,200,777710,1
34531.285,1,350045,200,777810,1
34533.167,2,350045,200,777810,1
34533.334,1,350947,200,777710,1
34534.218,2,350947,200,777710,1
34534.409,1,351482,100,777910,1
34536.36,2,351482,100,777910,1
34536.363,2,347534,100,778990,-1
34536.516,1,352704,1000,778100,1
34536.627,1,352769,200,777710,1
34536.63,1,352770,100,778890,-1
34536.982,2,352704,1000,778100,1
34537.592,2,352769,200,777710,1
34537.781,1,353433,100,100,1
34542.856,2,352770,100,778890,-1
34543.113,1,356814,100,9999990,-1
34555.517,1,364520,200,777600,1
34559.01,2,353433,100,100,1
34559.127,1,366676,500,777510,1
34564.95,2,356814,100,9999990,-1
34565.083,1,370346,100,9999990,-1
34566.547,2,366676,500,777510,1
34566.794,1,371550,300,777910,1
34571.775,1,374615,200,778100,1
34573.096,2,370346,100,9999990,-1
34573.278,1,375477,100,9999990,-1
34578.619,2,375477,100,9999990,-1
34578.754,1,379306,100,9999990,-1
34585.879,2,374615,200,778100,1
34586.006,2,364520,200,777600,1
34590.232,2,379306,100,9999990,-1
34590.401,1,386916,100,9999990,-1
34590.621,2,371550,300,777910,1
34590.808,1,387250,500,778510,1
34591.874,1,387901,1000,779000,1
34599.44,2,387901,1000,779000,1
34601.054,2,387250,500,778510,1
34601.251,1,393345,100,778510,1
34610.859,2,393345,100,778510,1
34610.98,1,399267,500,778510,1
34617.256,2,399267,500,778510,1
34617.339,1,402794,500,778010,1
34621.535,2,386916,100,9999990,-1
34621.686,1,405482,100,9999990,-1
34621.915,1,405598,1000,779000,1
34623.563,2,405598,1000,779000,1
34623.987,1,406791,1000,778400,1
34650.939,2,405482,100,9999990,-1
34651.069,1,421391,100,9999990,-1
34655.614,2,421391,100,9999990,-1
34655.617,2,402794,500,778010,1
34655.749,1,424113,500,779490,-1
34655.751,1,424114,100,100,1
34656.689,1,424639,100,780300,-1
34662.042,2,424113,500,779490,-1
34662.173,1,427355,100,9999990,-1
34666.472,2,427355,100,9999990,-1
34666.651,1,429812,1000,779500,1
34666.652,2,406791,1000,778400,1
34666.654,1,429813,100,9999990,-1
34670.701,2,424639,100,780300,-1
34671.647,1,433020,100,780200,-1
34671.748,2,429812,1000,779500,1
34672.326,1,433435,1000,779000,1
34672.408,2,433435,1000,779000,1
34672.858,1,433767,1000,779400,1
34672.949,2,433767,1000,779400,1
34673.041,2,429813,100,9999990,-1
34673.044,2,424114,100,100,1
34673.18,1,433980,100,9999990,-1
34673.184,1,433983,100,100,1
34673.363,1,434095,1000,779400,1
34674.182,2,433983,100,100,1
34674.455,1,434859,500,779110,1
34678.49,2,434095,1000,779400,1
34682.333,2,434859,500,779110,1
34682.462,1,440336,100,100,1
34684.696,2,440336,100,100,1
34684.701,2,433980,100,9999990,-1
34684.895,1,441913,500,779010,1
34684.899,1,441914,200,780390,-1
34690.968,2,441914,200,780390,-1
34690.986,2,441913,500,779010,1
34691.216,1,445404,100,780090,-1
34691.236,1,445412,200,779010,1
34692.07,2,445412,200,779010,1
34692.322,1,445956,100,779010,1
34702.896,2,445404,100,780090,-1
34703.144,1,452090,100,9999990,-1
34704.078,2,445956,100,779010,1
34704.262,1,452759,200,779210,1
34706.043,1,454025,500,780200,-1
34706.279,2,452090,100,9999990,-1
34706.463,1,454288,500,780390,-1
34708.552,2,433020,100,780200,-1
34708.719,1,455578,1000,779700,1
34710.927,2,455578,1000,779700,1
34711.116,2,454288,500,780390,-1
34711.12,2,452759,200,779210,1
34711.309,1,457197,100,9999990,-1
34711.314,1,457202,100,779210,1
34718.231,2,457202,100,779210,1
34718.456,1,460944,100,100,1
34720.636,1,462122,1000,779000,1
34723.708,2,457197,100,9999990,-1
34723.711,2,460944,100,100,1
34723.827,1,463841,200,779690,-1
34723.83,1,463843,500,778510,1
34724.684,2,462122,1000,779000,1
34725.908,2,463841,200,779690,-1
34725.913,2,463843,500,778510,1
34726.092,1,464892,500,779990,-1
34726.095,1,464894,200,778710,1
34727.061,2,464894,200,778710,1
34727.331,1,465778,300,778710,1
34729.395,2,464892,500,779990,-1
34729.397,2,465778,300,778710,1
34729.529,1,466954,100,779690,-1
34729.532,1,466955,500,778510,1
34729.807,1,467121,1000,779000,1
34731.352,2,466954,100,779690,-1
34731.603,1,468309,500,779690,-1
34738.68,5,467131,200,779050,1
34738.68,5,467506,100,779040,1
34739.627,2,454025,500,780200,-1
34739.669,1,472979,400,779400,-1
34740.437,2,467121,1000,779000,1
34745.5,2,468309,500,779690,-1
34745.531,2,466955,500,778510,1
34745.724,1,477059,500,779590,-1
34745.726,1,477063,200,778410,1
34750.236,1,479381,1000,778900,-1
34751.937,2,477059,500,779590,-1
34751.995,2,477063,200,778410,1
34752.062,1,480333,100,779390,-1
34752.127,1,480371,100,100,1
34755.186,2,480371,100,100,1
34755.374,1,481913,200,778110,1
34756.2,2,472979,400,779400,-1
34756.201,1,482319,300,778500,-1
34756.347,2,481913,200,778110,1
34756.35,2,480333,100,779390,-1
34756.563,1,482497,500,778010,1
34756.565,1,482498,500,779090,-1
34758.464,2,482498,500,779090,-1
34758.667,1,483801,400,779090,-1
34759.664,1,484427,100,780500,-1
34760.593,2,483801,400,779090,-1
34760.788,1,485207,500,779090,-1
34761.636,5,482514,200,778480,-1
34761.636,4,482319,200,778500,-1
34763.19,4,482319,100,778500,-1
34764.527,1,487324,1000,778500,1
34767.171,2,482497,500,778010,1
34767.253,2,487324,1000,778500,1
34767.435,1,488794,100,777410,1
34768.72,1,489533,1000,777900,1
34770.299,2,489533,1000,777900,1
34771.466,2,485207,500,779090,-1
34771.654,2,484427,100,780500,-1
34771.702,1,491011,500,778990,-1
34771.719,1,491024,1000,777900,1
34774.499,2,491024,1000,777900,1
34775.933,2,488794,100,777410,1
34776.169,1,493207,100,777310,1
34776.672,1,493474,100,778500,-1
34777.671,2,493474,100,778500,-1
34777.995,2,493207,100,777310,1
34777.998,1,494042,100,778500,-1
34778.398,1,494235,200,777210,1
34778.44,1,494267,100,778400,-1
34778.517,2,494042,100,778500,-1
34779.123,2,491011,500,778990,-1
34779.125,2,494235,200,777210,1
34779.396,1,494689,200,778990,-1
34779.4,1,494690,100,100,1
34781.598,1,495796,1000,777500,1
34781.609,2,494267,100,778400,-1
34781.834,5,495814,200,777550,1
34781.834,5,495795,800,777510,1
34783.93,2,479381,1000,778900,-1
34787.81,2,494690,100,100,1
34788.058,1,499136,100,100,1
34793.446,2,499136,100,100,1
34793.7,1,502313,100,100,1
34794.621,5,495795,200,777510,1
34794.621,4,495796,300,777500,1
34797.667,1,504407,1000,778000,1
34797.669,2,495796,700,777500,1
34797.757,2,504407,1000,778000,1
34798.429,1,504838,1000,778000,1
34802.897,2,504838,1000,778000,1
34803.28,2,494689,200,778990,-1
34803.461,1,507752,100,778990,-1
34806.639,1,509704,1000,778000,1
34807.317,2,509704,1000,778000,1
34807.622,1,510394,1000,777500,1
34811.165,2,507752,100,778990,-1
34811.403,1,512712,200,778390,-1
34813.416,2,502313,100,100,1
34813.612,1,514032,100,100,1
34817.559,2,512712,200,778390,-1
34817.746,1,516291,100,9999990,-1
34827.055,1,520905,100,778800,-1
34827.125,2,516291,100,9999990,-1
34827.277,1,521002,1000,778000,1
34827.309,1,521021,100,9999990,-1
34827.368,2,510394,1000,777500,1
34829.412,2,195059,100,10000,1
34829.722,2,60382,100,10000,1
34830.209,2,514032,100,100,1
34830.212,2,521021,100,9999990,-1
34830.375,1,523027,100,100,1
34830.379,1,523030,100,778890,-1
34832.633,2,521002,1000,778000,1
34836.219,1,526452,1000,777500,1
34836.965,2,523030,100,778890,-1
34837.135,1,527032,500,778890,-1
34840.193,2,526452,1000,777500,1
34841.598,1,529834,1000,777500,1
34845.846,2,527032,500,778890,-1
34845.849,2,523027,100,100,1
34845.968,1,532336,100,9999990,-1
34845.97,1,532339,500,777010,1
34846.073,1,532381,1000,777600,1
34846.183,2,532381,1000,777600,1
34846.184,2,529834,1000,777500,1
34848.907,1,534251,100,778300,-1
34848.918,2,520905,100,778800,-1
34849.206,1,534536,1000,778300,-1
34849.951,2,532336,100,9999990,-1
34849.954,2,532339,500,777010,1
34850.143,1,535272,500,778790,-1
34850.147,1,535273,200,777510,1
34853.33,2,535272,500,778790,-1
34853.333,2,535273,200,777510,1
34853.528,1,537450,100,778590,-1
34853.53,1,537451,500,777110,1
34855.617,1,538594,1000,778100,-1
34855.7,2,534536,1000,778300,-1
34855.702,2,538594,1000,778100,-1
34856.493,2,537450,100,778590,-1
34856.754,1,539186,500,778490,-1
34860.901,2,537451,500,777110,1
34860.902,2,539186,500,778490,-1
34861.035,1,541418,100,100,1
34861.038,1,541420,100,9999990,-1
34861.487,1,541660,1000,778000,-1
34861.661,2,541660,1000,778000,-1
34861.747,2,541418,100,100,1
34861.75,2,541420,100,9999990,-1
34861.84,1,541855,100,100,1
34861.842,1,541858,100,9999990,-1
34862.136,1,542038,1000,778000,-1
34863.142,2,542038,1000,778000,-1
34863.802,1,543032,1000,778000,-1
34864.803,2,543032,1000,778000,-1
34868.462,2,541855,100,100,1
34868.632,1,545508,100,100,1
34872.493,1,547508,400,782300,-1
34872.495,1,547509,400,777200,1
34877.435,2,547509,400,777200,1
34877.459,1,550597,600,777100,1
34878.227,2,545508,100,100,1
34878.393,1,551186,500,776510,1
34880.654,2,534251,100,778300,-1
34880.656,1,552705,500,777900,-1
34881.217,2,550597,600,777100,1
34881.228,1,553091,600,776800,1
34884.658,1,555771,1000,777500,-1
34885.889,2,547508,400,782300,-1
34885.93,1,556806,400,780800,-1
34886.421,2,553091,600,776800,1
34886.452,1,557220,600,775700,1
34888.076,2,551186,500,776510,1
34888.391,1,558554,100,776610,1
34889.575,2,555771,1000,777500,-1
34889.642,1,559305,100,778000,-1
34890.001,1,559550,500,777000,1
34890.254,2,541858,100,9999990,-1
34890.414,1,559849,100,9999990,-1
34890.799,2,559550,500,777000,1
34893.803,2,557220,600,775700,1
34893.824,1,562288,600,774400,1
34894.213,1,562537,1000,777600,-1
34895.49,2,556806,400,780800,-1
34895.524,1,563396,400,779000,-1
34896.714,2,562537,1000,777600,-1
34897.013,2,558554,100,776610,1
34897.223,1,564585,100,100,1
34898.982,1,565663,100,777500,-1
34901.568,2,559305,100,778000,-1
34901.837,1,567321,400,777000,1
34902.214,2,559849,100,9999990,-1
34902.297,1,567575,200,778090,-1
34902.872,2,567321,400,777000,1
34903.415,2,567575,200,778090,-1
34903.544,1,568424,100,9999990,-1
34905.221,2,565663,100,777500,-1
34905.23,2,563396,400,779000,-1
34905.236,1,569643,400,778500,-1
34906.898,1,571073,300,777000,1
34907.09,1,571265,1000,777300,-1
34907.351,2,571265,1000,777300,-1
34907.645,2,562288,600,774400,1
34907.66,1,571709,600,773400,1
34908.451,2,571073,300,777000,1
34909.992,2,568424,100,9999990,-1
34909.995,2,564585,100,100,1
34910.123,1,573273,500,777690,-1
34910.127,1,573275,500,776510,1
34911.091,2,573275,500,776510,1
34911.293,1,574120,300,776510,1
34912.944,1,575111,900,777500,-1
34914.345,2,573273,500,777690,-1
34914.347,2,574120,300,776510,1
34914.62,1,576008,500,777590,-1
34914.638,1,576020,500,776410,1
34914.909,2,575111,900,777500,-1
34916.558,2,576008,500,777590,-1
34916.745,1,577087,400,777590,-1
34918.628,2,569643,200,778500,-1
34918.68,2,577087,400,777590,-1
34918.766,1,578351,500,777590,-1
34919.477,2,571709,600,773400,1
34919.504,1,578892,400,774600,1
34922.05,1,580472,900,777110,-1
34922.75,2,569643,200,778500,-1
34922.779,1,581058,400,778600,-1
34923.643,2,578351,500,777590,-1
34923.869,1,581931,100,9999990,-1
34923.96,2,580472,900,777110,-1
34926.038,2,581931,100,9999990,-1
34926.194,1,583895,100,9999990,-1
34927.485,2,578892,400,774600,1
34927.519,1,585041,200,776700,1
34927.567,2,581058,400,778600,-1
34927.578,1,585106,600,786400,-1
34928.147,2,583895,100,9999990,-1
34928.321,1,585562,400,777600,-1
34928.398,1,585616,200,777990,-1
34930.157,2,585562,400,777600,-1
34931.355,2,576020,500,776410,1
34931.481,1,587634,100,100,1
34932.53,4,585041,200,776700,1
34934.772,2,587634,100,100,1
34934.775,2,585616,200,777990,-1
34935.018,1,589879,100,100,1
34935.023,1,589884,400,777290,-1
34935.514,1,590348,400,772700,1
34937.223,1,591597,600,765500,1
34938.368,2,585106,600,786400,-1
34938.403,1,592342,200,777400,-1
34941.246,2,589884,400,777290,-1
34941.435,1,594754,100,9999990,-1
34941.625,1,594867,1000,777500,-1
34945.116,1,597515,1000,777000,-1
34945.12,2,594867,1000,777500,-1
34947.957,2,594754,100,9999990,-1
34948.005,2,589879,100,100,1
34948.204,1,599754,500,777490,-1
34948.207,1,599755,400,775910,1
34949.387,2,591597,600,765500,1
34949.416,1,600609,600,770000,1
34951.172,1,601925,1000,776400,-1
34951.281,2,592342,200,777400,-1
34951.328,5,602002,200,776360,-1
34951.328,5,601940,200,776380,-1
34951.328,4,601925,100,776400,-1
34951.331,1,602084,200,777600,-1
34951.334,1,602087,500,778400,-1
34951.384,4,601925,250,776400,-1
34951.464,4,601925,500,776400,-1
34951.609,2,602087,500,778400,-1
34951.782,1,602472,250,776200,1
34951.785,1,602474,500,778360,-1
34951.789,2,602472,250,776200,1
34951.79,2,602474,500,778360,-1
34951.81,4,601925,100,776400,-1
34952.238,2,597515,1000,777000,-1
34952.633,1,603078,250,777760,-1
34952.948,1,603286,250,775800,1
34952.951,2,603078,250,777760,-1
34952.982,1,603320,250,777360,-1
34953.451,2,599755,400,775910,1
34953.632,1,603821,200,775810,1
34954.171,2,603320,250,777360,-1
34954.205,1,604247,250,777760,-1
34954.277,2,603286,250,775800,1
34954.311,1,604345,250,776200,1
34954.629,2,603821,200,775810,1
34954.826,1,604763,100,775310,1
34957.461,2,602084,200,777600,-1
34957.481,1,606531,400,778200,-1
34959.092,2,604247,250,777760,-1
34959.096,2,604345,250,776200,1
34959.127,1,607508,1000,776900,-1
34959.344,2,600609,600,770000,1
34959.37,1,607652,600,773200,1
34960.2,2,604763,100,775310,1
34960.329,1,608250,500,775110,1
34960.891,4,601925,50,776400,-1
34961.659,2,607508,1000,776900,-1
34961.828,1,609370,800,775800,1
34962.0,2,609370,800,775800,1
34963.583,2,608250,500,775110,1
34963.777,1,611370,100,775310,1
34963.98,2,606531,400,778200,-1
34963.985,1,611538,400,778600,-1
34966.025,2,611370,100,775310,1
34966.201,1,613046,300,775410,1
34968.194,2,607652,600,773200,1
34968.226,1,614433,400,774100,1
34970.184,2,599754,500,777490,-1
34970.187,2,613046,300,775410,1
34970.437,1,615854,500,776600,-1
34970.439,1,615856,100,775410,1
34972.259,2,615854,500,776600,-1
34972.383,1,616973,100,778490,-1
34975.583,2,614433,400,774100,1
34975.59,1,618763,400,774700,1
34975.637,2,615856,100,775410,1
34975.64,2,616973,100,778490,-1
34975.838,1,618897,100,775310,1
34975.842,1,618898,500,776490,-1
34982.228,2,618898,500,776490,-1
34982.23,2,618897,100,775310,1
34982.347,1,622077,200,776590,-1
34982.35,1,622079,500,775510,1
34985.529,2,622077,200,776590,-1
34985.63,1,624141,100,776590,-1
34997.6,2,622079,500,775510,1
34997.711,1,631280,100,100,1
35007.525,2,631280,100,100,1
35007.651,1,636807,100,100,1
35010.56,1,638458,250,774200,1
35010.562,1,638459,250,777160,-1
35013.051,2,618763,400,774700,1
35013.079,1,640203,400,774500,1
35013.952,2,624141,100,776590,-1
35014.158,1,640987,500,776490,-1
35014.999,2,638458,250,774200,1
35015.001,2,638459,250,777160,-1
35015.036,1,641544,250,773800,1
35015.041,1,641550,250,776760,-1
35017.119,2,640203,400,774500,1
35017.123,1,643163,400,774800,1
35019.275,2,643163,400,774800,1
35019.296,1,644514,400,774500,1
35021.911,1,645945,800,774520,1
35022.46,1,646200,800,776580,-1
35022.528,1,646228,500,773900,1
35022.696,2,636807,100,100,1
35022.774,1,646350,100,100,1
35023.01,2,644514,400,774500,1
35023.014,1,646447,400,774700,1
35023.866,2,646447,400,774700,1
35023.871,1,646817,400,774000,1
35024.877,2,645945,800,774520,1
35024.878,2,646200,800,776580,-1
35024.99,1,647347,800,774420,1
35025.539,1,647608,800,776480,-1
35025.968,2,552705,500,777900,-1
35025.97,1,647849,500,776400,-1
35026.057,5,640695,300,775100,1
35026.057,5,641286,300,775100,1
35026.057,1,647890,400,775000,-1
35026.119,4,647890,400,775000,-1
35027.567,2,647347,800,774420,1
35027.569,2,647608,800,776480,-1
35027.616,1,648721,800,774320,1
35028.162,1,648996,800,776380,-1
35030.091,1,649883,300,777500,-1
35030.633,2,646817,400,774000,1
35030.645,1,650138,400,773600,1
35032.469,2,648721,800,774320,1
35032.472,2,648996,800,776380,-1
35032.594,1,651003,800,774220,1
35033.133,1,651318,800,776280,-1
35035.592,2,641544,250,773800,1
35035.593,2,641550,250,776760,-1
35035.627,1,652676,250,774200,1
35035.63,1,652680,250,777160,-1
35039.053,1,654641,1000,775900,-1
35040.16,2,652676,250,774200,1
35040.162,2,652680,250,777160,-1
35040.202,1,655158,250,773800,1
35040.205,1,655165,250,776760,-1
35041.185,2,651003,800,774220,1
35041.187,2,651318,800,776280,-1
35041.298,1,655753,800,774120,1
35041.625,2,654641,1000,775900,-1
35041.863,1,656039,800,776180,-1
35042.253,2,611538,400,778600,-1
35042.256,2,650138,400,773600,1
35042.279,1,656254,600,779700,-1
35042.283,1,656258,400,773100,1
35044.887,2,646350,100,100,1
35044.988,2,655165,250,776760,-1
35045.024,1,657502,250,777160,-1
35045.07,1,657538,100,100,1
35045.272,2,655158,250,773800,1
35045.314,1,657673,250,774200,1
35046.584,1,658324,100,777500,-1
35047.094,2,657673,250,774200,1
35047.095,2,657502,250,777160,-1
35047.126,1,658598,250,773800,1
35047.129,1,658600,250,776760,-1
35051.303,2,655753,800,774120,1
35051.441,1,660580,800,774120,1
35051.864,2,656039,800,776180,-1
35052.096,1,660828,800,776180,-1
35054.351,2,657538,100,100,1
35054.491,1,661755,100,100,1
35056.288,2,661755,100,100,1
35056.363,1,662508,500,774010,1
35057.97,2,660580,800,774120,1
35057.972,2,660828,800,776180,-1
35058.072,1,663400,800,776280,-1
35058.606,2,640987,500,776490,-1
35058.608,2,662508,500,774010,1
35058.647,1,663691,800,774220,1
35058.7,1,663711,1000,775000,1
35058.792,1,663755,400,776390,-1
35058.795,1,663756,500,774510,1
35059.723,2,663755,400,776390,-1
35059.729,2,663711,1000,775000,1
35059.857,1,664274,200,776390,-1
35059.922,2,663691,800,774220,1
35059.925,2,663400,800,776280,-1
35060.031,1,664353,800,776380,-1
35060.634,1,664667,800,774320,1
35060.706,1,664702,300,775000,1
35061.411,2,664702,300,775000,1
35061.647,2,658324,100,777500,-1
35062.466,1,665372,800,775000,1
35063.059,2,658598,250,773800,1
35063.06,2,658600,250,776760,-1
35063.091,1,665590,250,773400,1
35063.094,1,665596,250,776360,-1
35063.289,2,664667,800,774320,1
35063.293,2,664353,800,776380,-1
35063.424,1,665859,800,776180,-1
35063.6,2,665372,800,775000,1
35063.963,1,666289,800,774120,1
35064.604,1,666700,300,775700,-1
35065.609,2,666700,300,775700,-1
35065.869,1,667396,300,775700,-1
35069.038,2,665596,250,776360,-1
35069.071,1,668966,250,776760,-1
35069.47,2,665590,250,773400,1
35069.502,1,669167,250,773800,1
35071.655,2,666289,800,774120,1
35071.66,2,665859,800,776180,-1
35071.756,1,670138,800,776280,-1
35071.874,2,664274,200,776390,-1
35071.908,2,663756,500,774510,1
35071.985,2,667396,300,775700,-1
35072.124,1,670319,500,776190,-1
35072.127,1,670321,400,774810,1
35072.381,1,670445,800,774220,1
35075.047,2,670445,800,774220,1
35075.048,2,670138,800,776280,-1
35075.146,1,671752,800,776380,-1
35075.694,1,672018,800,774320,1
35076.243,2,670321,400,774810,1
35076.323,1,672343,400,774510,1
35077.384,2,672343,400,774510,1
35077.48,1,672811,400,774810,1
35081.746,2,670319,500,776190,-1
35081.748,2,672811,400,774810,1
35081.966,1,674752,100,775790,-1
35081.97,1,674754,500,774510,1
35082.649,2,672018,800,774320,1
35082.651,2,671752,800,776380,-1
35082.729,1,675079,800,774220,1
35082.888,2,674754,500,774510,1
35083.085,1,675245,100,100,1
35083.302,1,675337,800,776280,-1
35086.373,5,675069,300,775200,-1
35089.415,2,675245,100,100,1
35089.698,1,678097,500,774510,1
35090.096,2,675079,800,774220,1
35090.099,2,675337,800,776280,-1
35090.208,1,678271,800,774120,1
35090.824,1,678530,800,776180,-1
35091.061,2,678271,800,774120,1
35091.063,2,678530,800,776180,-1
35091.381,1,678801,800,774120,1
35091.96,1,679045,800,776180,-1
35093.694,2,674752,100,775790,-1
35094.118,1,680025,300,775890,-1
35096.72,2,678801,800,774120,1
35096.722,2,679045,800,776180,-1
35096.747,1,681084,800,774420,1
35097.212,2,656254,600,779700,-1
35097.231,1,681341,400,778200,-1
35097.288,1,681376,800,776480,-1
35097.57,1,681509,1000,775000,1
35098.26,2,680025,300,775890,-1
35098.306,2,681084,800,774420,1
35098.308,2,681376,800,776480,-1
35098.411,1,681822,800,774320,1
35098.452,1,681842,100,775890,-1
35098.974,1,682046,800,776380,-1
35099.233,2,681842,100,775890,-1
35099.335,2,681509,1000,775000,1
35099.515,1,682235,400,775690,-1
35100.704,2,656258,400,773100,1
35100.732,1,682930,400,773800,1
35101.401,2,682235,400,775690,-1
35101.589,1,683342,400,775590,-1
35102.291,2,681822,800,774320,1
35102.293,2,682046,800,776380,-1
35102.38,1,683748,800,774220,1
35102.618,2,683342,400,775590,-1
35102.787,1,683943,100,775590,-1
35102.927,1,684004,800,776280,-1
35104.953,1,685010,1000,775000,1
35105.405,2,685010,1000,775000,1
35105.795,2,683943,100,775590,-1
35106.157,1,685566,200,775690,-1
35108.103,2,678097,500,774510,1
35108.131,2,685566,200,775690,-1
35108.322,1,686629,100,100,1
35108.337,1,686636,100,775690,-1
35111.325,2,686629,100,100,1
35111.333,1,688107,200,775300,-1
35111.523,1,688211,100,100,1
35112.296,2,683748,800,774220,1
35112.3,2,684004,800,776280,-1
35112.46,1,688682,800,774320,1
35112.795,2,688682,800,774320,1
35113.011,2,682930,400,773800,1
35113.033,1,689054,400,772700,1
35113.052,1,689070,800,774420,1
35114.408,4,688107,50,775300,-1
35114.67,2,669167,250,773800,1
35114.672,2,668966,250,776760,-1
35114.691,4,688107,150,775300,-1
35114.708,1,690054,250,774200,1
35114.714,1,690061,250,777160,-1
35114.881,1,690242,800,776480,-1
35115.573,2,689070,800,774420,1
35115.575,2,690242,800,776480,-1
35115.72,1,690849,800,774320,1
35116.309,1,691231,800,776380,-1
35116.969,2,686636,100,775690,-1
35117.166,1,691700,500,775790,-1
35118.079,2,690054,250,774200,1
35118.083,2,690061,250,777160,-1
35118.112,1,692349,250,773800,1
35118.116,1,692352,250,776760,-1
35121.351,2,691700,500,775790,-1
35121.368,2,692352,250,776760,-1
35121.612,1,694499,100,775790,-1
35121.708,1,694553,250,777160,-1
35121.786,2,692349,250,773800,1
35121.822,1,694623,250,774200,1
35121.902,2,694623,250,774200,1
35121.904,2,694553,250,777160,-1
35121.935,1,694715,250,773800,1
35121.937,1,694717,250,776760,-1
35122.585,2,694717,250,776760,-1
35122.62,1,695208,250,777160,-1
35122.931,2,694715,250,773800,1
35122.962,1,695460,250,774200,1
35123.039,2,694499,100,775790,-1
35123.167,1,695601,100,775890,-1
35123.518,1,695821,1000,775200,1
35125.726,2,690849,800,774320,1
35125.866,1,697141,1000,775300,1
35125.948,2,695821,1000,775200,1
35126.019,1,697197,800,774320,1
35126.306,2,691231,800,776380,-1
35126.659,1,697604,800,776380,-1
35127.202,2,697141,1000,775300,1
35130.366,2,688211,100,100,1
35130.487,1,699659,100,100,1
35130.541,2,697197,800,774320,1
35130.55,2,697604,800,776380,-1
35130.555,1,699703,800,774520,1
35131.035,2,695460,250,774200,1
35131.067,1,700084,250,773800,1
35131.169,1,700168,1000,775300,1
35131.253,2,700084,250,773800,1
35131.278,2,695601,100,775890,-1
35131.283,1,700253,250,774200,1
35131.36,1,700323,800,776580,-1
35131.477,1,700428,200,776290,-1
35131.59,2,646228,500,773900,1
35131.605,2,647849,500,776400,-1
35131.609,1,700554,500,774600,1
35132.389,2,699703,800,774520,1
35132.392,2,700323,800,776580,-1
35132.493,1,701268,800,774620,1
35133.107,1,701778,800,776680,-1
35133.355,2,700253,250,774200,1
35133.36,2,695208,250,777160,-1
35133.39,1,701998,250,773800,1
35133.391,1,701999,250,776760,-1
35135.471,2,681341,400,778200,-1
35135.475,2,689054,400,772700,1
35135.499,1,703675,200,776500,-1
35135.502,1,703677,600,768100,1
35139.013,2,701998,250,773800,1
35139.014,2,701999,250,776760,-1
35139.047,1,706069,250,774200,1
35139.05,1,706071,250,777160,-1
35139.386,2,703675,200,776500,-1
35139.426,1,706347,400,777300,-1
35139.576,1,706456,1,100,1
35142.496,2,701268,800,774620,1
35142.645,1,708313,800,774620,1
35143.109,2,701778,800,776680,-1
35143.234,1,708647,800,776680,-1
35143.48,2,703677,600,768100,1
35143.518,2,708647,800,776680,-1
35143.522,2,708313,800,774620,1
35143.528,1,708885,400,773100,1
35143.837,1,709135,800,774820,1
35144.364,2,706069,250,774200,1
35144.366,2,706071,250,777160,-1
35144.406,1,709566,250,774600,1
35144.409,1,709572,250,777560,-1
35144.479,2,709566,250,774600,1
35144.481,2,709572,250,777560,-1
35144.509,1,709659,800,776880,-1
35144.512,1,709661,250,774200,1
35144.515,1,709664,250,777160,-1
35144.805,2,700428,200,776290,-1
35145.043,1,710121,200,776490,-1
35145.288,1,710330,1000,775400,1
35145.379,2,700168,1000,775300,1
35147.057,2,706347,400,777300,-1
35147.085,1,711572,400,777800,-1
35148.509,2,709135,800,774820,1
35148.512,2,709659,800,776880,-1
35148.658,1,712656,800,776680,-1
35149.196,1,713039,800,774620,1
35149.221,2,709661,250,774200,1
35149.223,2,709664,250,777160,-1
35149.252,1,713085,250,773800,1
35149.257,1,713092,250,776760,-1
35149.271,2,710121,200,776490,-1
35149.314,2,706456,1,100,1
35149.466,1,713264,100,9999990,-1
35149.637,1,713400,100,100,1
35150.31,2,713264,100,9999990,-1
35150.315,2,699659,100,100,1
35150.356,2,713400,100,100,1
35150.588,2,710330,1000,775400,1
35150.704,1,714291,500,776390,-1
35150.707,1,714293,500,775310,1
35150.712,1,714301,100,775470,1
35151.404,2,713039,800,774620,1
35151.409,2,712656,800,776680,-1
35151.534,1,714813,800,776780,-1
35152.055,1,715186,800,774720,1
35152.711,2,708885,400,773100,1
35152.716,1,715601,400,773900,1
35153.853,2,714291,500,776390,-1
35153.947,1,716422,100,9999990,-1
35154.851,1,717029,1000,775800,1
35155.006,2,713085,250,773800,1
35155.008,2,713092,250,776760,-1
35155.028,2,717029,1000,775800,1
35155.04,1,717140,250,774200,1
35155.048,1,717148,250,777160,-1
35155.451,1,717487,1000,776000,1
35156.495,2,715186,800,774720,1
35156.604,2,714813,800,776780,-1
35156.61,1,718246,800,776880,-1
35156.881,2,717487,1000,776000,1
35157.128,1,718543,800,774820,1
35158.333,2,717140,250,774200,1
35158.334,2,717148,250,777160,-1
35158.363,1,719316,250,773800,1
35158.368,1,719322,250,776760,-1
35162.229,2,714301,100,775470,1
35162.261,2,714293,500,775310,1
35162.421,1,721716,200,775510,1
35162.473,1,721745,100,775670,1
35163.083,2,718543,800,774820,1
35163.085,2,718246,800,776880,-1
35163.162,1,722171,800,776980,-1
35163.738,1,722507,800,774920,1
35164.553,2,721716,200,775510,1
35164.65,1,722942,500,775510,1
35165.475,2,722507,800,774920,1
35165.477,2,722171,800,776980,-1
35165.59,1,723475,800,777080,-1
35165.609,1,723489,500,776890,-1
35165.718,2,719316,250,773800,1
35165.719,2,719322,250,776760,-1
35165.759,1,723597,250,774200,1
35165.761,1,723600,250,777160,-1
35166.155,1,723851,500,774710,1
35166.192,1,723891,800,775020,1
35166.222,2,723851,500,774710,1
35166.224,2,723489,500,776890,-1
35166.708,1,724187,500,776990,-1
35170.209,2,723597,250,774200,1
35170.21,2,723600,250,777160,-1
35170.247,1,725964,250,773800,1
35170.251,1,725969,250,776760,-1
35172.08,2,724187,500,776990,-1
35172.297,1,727079,500,776890,-1
35172.624,2,727079,500,776890,-1
35172.848,1,727378,500,776990,-1
35173.021,2,727378,500,776990,-1
35173.411,1,727689,500,776990,-1
35173.51,2,727689,500,776990,-1
35173.967,1,727941,500,776990,-1
35174.308,2,727941,500,776990,-1
35174.536,1,728197,500,776890,-1
35174.951,2,725969,250,776760,-1
35174.983,1,728420,250,777160,-1
35175.263,2,723891,800,775020,1
35175.267,2,723475,800,777080,-1
35175.372,1,728674,800,777180,-1
35175.413,1,728702,500,774710,1
35175.698,2,728702,500,774710,1
35175.703,2,728197,500,776890,-1
35175.923,1,728949,800,775120,1
35175.951,1,728954,500,776990,-1
35176.133,2,725964,250,773800,1
35176.168,1,729056,250,774200,1
35176.194,2,729056,250,774200,1
35176.196,2,728420,250,777160,-1
35176.227,1,729116,250,773800,1
35176.23,1,729118,250,776760,-1
35176.294,2,728954,500,776990,-1
35176.576,1,729365,500,776890,-1
35176.927,2,729365,500,776890,-1
35177.397,1,729861,500,776990,-1
35180.185,1,731301,100,776200,-1
35180.946,2,728949,800,775120,1
35180.95,2,728674,800,777180,-1
35181.049,1,731702,800,775020,1
35181.062,1,731713,500,774810,1
35182.064,2,731713,500,774810,1
35182.17,2,722942,500,775510,1
35182.24,2,721745,100,775670,1
35182.447,1,732205,500,774710,1
35182.479,1,732219,300,775710,1
35182.531,1,732241,100,775870,1
35183.834,2,731702,800,775020,1
35183.949,1,732782,800,775120,1
35184.369,2,732219,300,775710,1
35184.559,1,733007,100,100,1
35185.359,5,732427,150,776160,-1
35185.359,4,731301,50,776200,-1
35186.454,2,732782,800,775120,1
35186.514,1,733884,800,776880,-1
35186.524,2,732205,500,774710,1
35186.528,2,729861,500,776990,-1
35186.562,1,733914,500,774610,1
35187.1,1,734205,800,774820,1
35187.452,2,734205,800,774820,1
35187.453,2,733884,800,776880,-1
35187.513,1,734407,500,776890,-1
35187.66,1,734485,800,774920,1
35187.839,1,734575,1000,776300,-1
35188.119,2,734575,1000,776300,-1
35188.418,2,729116,250,773800,1
35188.42,2,729118,250,776760,-1
35188.453,1,734987,250,773400,1
35188.458,1,734990,250,776360,-1
35188.477,1,735009,1000,776300,-1
35188.729,2,711572,400,777800,-1
35188.736,1,735278,400,777200,-1
35189.486,2,735009,1000,776300,-1
35189.5,2,733914,500,774610,1
35189.506,2,734407,500,776890,-1
35189.614,1,736015,800,776980,-1
35189.75,1,736118,500,776790,-1
35189.765,1,736130,1000,776300,-1
35189.868,2,736118,500,776790,-1
35190.031,2,734987,250,773400,1
35190.032,2,734990,250,776360,-1
35190.04,1,736330,1000,776200,-1
35190.063,1,736347,250,773800,1
35190.078,1,736359,250,776760,-1
35190.127,2,736130,1000,776300,-1
35190.134,2,732241,100,775870,1
35190.29,2,733007,100,100,1
35190.293,2,716422,100,9999990,-1
35190.373,1,736643,100,100,1
35190.399,1,736674,500,776890,-1
35190.452,2,734485,800,774920,1
35190.46,1,736737,400,775510,1
35190.46,2,736015,800,776980,-1
35190.464,1,736740,200,776690,-1
35190.478,1,736758,800,776680,-1
35190.626,2,736758,800,776680,-1
35190.813,2,736674,500,776890,-1
35190.837,1,737053,500,776690,-1
35190.927,1,737114,800,774720,1
35191.256,2,736740,200,776690,-1
35191.268,2,715601,400,773900,1
35191.273,1,737389,400,773200,1
35191.388,1,737488,500,774410,1
35191.432,2,737053,500,776690,-1
35191.442,2,737488,500,774410,1
35191.506,1,737592,800,776780,-1
35191.528,1,737603,400,776500,-1
35191.549,1,737624,100,776690,-1
35191.671,1,737730,100,776500,-1
35191.953,1,737941,500,776590,-1
35191.997,2,736347,250,773800,1
35192.005,2,736359,250,776760,-1
35192.028,1,737988,250,773400,1
35192.035,1,737994,250,776360,-1
35192.148,2,736330,1000,776200,-1
35192.362,2,737941,500,776590,-1
35195.776,2,736737,400,775510,1
35195.883,1,740587,100,100,1
35197.776,2,737114,800,774720,1
35197.779,2,737592,800,776780,-1
35197.879,1,741686,800,774820,1
35197.92,1,741719,500,774410,1
35200.293,2,741719,500,774410,1
35200.425,1,743016,500,774510,1
35200.709,2,737624,100,776690,-1
35200.872,2,737988,250,773400,1
35200.875,2,737994,250,776360,-1
35200.914,1,743329,250,773800,1
35200.917,1,743333,250,776760,-1
35200.921,1,743340,1000,776700,-1
35200.975,1,743375,400,776990,-1
35201.722,1,743884,1000,776200,-1
35201.848,2,743340,1000,776700,-1
35203.58,2,731301,50,776200,-1
35203.965,2,743884,1000,776200,-1
35204.054,1,745060,800,776880,-1
35204.096,1,745091,500,776790,-1
35204.307,2,743016,500,774510,1
35204.311,2,745091,500,776790,-1
35204.355,2,741686,800,774820,1
35204.362,2,745060,800,776880,-1
35204.62,1,745394,800,775020,1
35204.657,1,745419,500,774610,1
35204.775,2,745394,800,775020,1
35205.202,1,745691,500,776890,-1
35205.217,1,745705,800,776880,-1
35205.272,2,745705,800,776880,-1
35205.393,2,743329,250,773800,1
35205.395,2,743333,250,776760,-1
35205.425,1,745804,250,773400,1
35205.429,1,745809,250,776400,-1
35205.653,2,745419,500,774610,1
35205.655,2,745691,500,776890,-1
35205.69,1,745986,1000,776400,-1
35205.811,1,746062,500,776790,-1
35205.827,1,746074,800,774920,1
35205.876,2,737603,400,776500,-1
35205.898,1,746106,400,777000,-1
35206.104,2,743375,400,776990,-1
35206.423,1,746399,500,777190,-1
35206.427,1,746400,500,774510,1
35206.818,2,745809,250,776400,-1
35207.076,2,735278,400,777200,-1
35207.081,1,746698,400,777000,-1
35209.402,2,746399,500,777190,-1
35209.479,1,747873,100,9999990,-1
35210.603,2,737730,100,776500,-1
35211.428,2,746074,800,774920,1
35211.651,1,748856,800,775020,1
35213.727,2,740587,100,100,1
35213.791,2,736643,100,100,1
35213.939,1,749728,100,100,1
35214.124,1,749803,100,100,1
35214.458,2,748856,800,775020,1
35214.605,1,750013,800,774920,1
35215.181,1,750243,800,776980,-1
35215.743,2,746400,500,774510,1
35215.745,2,746062,500,776790,-1
35215.855,1,750520,500,776890,-1
35216.07,2,750013,800,774920,1
35216.073,2,750243,800,776980,-1
35216.08,1,750640,800,775120,1
35216.119,2,750520,500,776890,-1
35216.436,1,750834,500,776990,-1
35216.831,2,745804,250,773400,1
35216.833,1,751053,250,776760,-1
35216.861,1,751065,250,773800,1
35217.023,1,751178,500,774710,1
35217.774,2,746698,400,777000,-1
35217.789,1,751682,400,777300,-1
35218.711,2,751178,500,774710,1
35218.713,2,750834,500,776990,-1
35218.751,1,752196,500,774610,1
35218.773,2,750640,800,775120,1
35218.778,1,752225,800,776880,-1
35219.303,1,752528,800,774820,1
35219.578,2,752528,800,774820,1
35219.58,2,752225,800,776880,-1
35219.679,2,752196,500,774610,1
35219.795,1,752857,500,776890,-1
35219.88,1,752904,800,774820,1
35220.024,2,752904,800,774820,1
35220.038,2,752857,500,776890,-1
35220.313,1,753188,500,774810,1
35220.44,1,753288,800,775120,1
35221.564,2,749803,100,100,1
35221.741,2,753288,800,775120,1
35221.834,1,754097,100,100,1
35221.847,1,754109,800,775020,1
35221.852,2,749728,100,100,1
35221.856,2,747873,100,9999990,-1
35222.208,1,754270,100,100,1
35222.21,1,754275,100,9999990,-1
35222.637,1,754495,100,775500,1
35223.461,2,754270,100,100,1
35223.544,1,754917,100,100,1
35223.546,2,754495,100,775500,1
35223.587,2,754097,100,100,1
35223.738,1,755016,100,100,1
35224.65,1,755478,400,775500,1
35225.972,2,751065,250,773800,1
35225.974,2,751053,250,776760,-1
35226.003,1,756142,250,773400,1
35226.013,1,756147,250,776360,-1
35226.303,2,745986,1000,776400,-1
35226.402,1,756399,800,777080,-1
35226.469,1,756447,500,777090,-1
35226.628,2,754109,800,775020,1
35226.632,2,756399,800,777080,-1
35226.663,2,753188,500,774810,1
35226.668,2,756447,500,777090,-1
35226.757,2,755478,400,775500,1
35226.983,1,756876,800,776880,-1
35227.09,1,756953,500,776890,-1
35227.585,1,757277,500,774610,1
35227.634,1,757310,800,774820,1
35227.676,1,757334,1000,776000,-1
35228.042,2,757277,500,774610,1
35228.046,2,756953,500,776890,-1
35228.159,1,757630,500,776790,-1
35228.412,2,757310,800,774820,1
35228.414,2,756876,800,776880,-1
35228.504,1,757834,800,774720,1
35228.72,1,757985,500,774510,1
35228.916,2,757985,500,774510,1
35228.919,2,757630,500,776790,-1
35229.33,1,758349,800,776780,-1
35229.354,1,758364,500,776890,-1
35229.62,2,758364,500,776890,-1
35229.919,2,756147,250,776360,-1
35229.921,2,757334,1000,776000,-1
35229.953,1,758717,500,774510,1
35230.007,2,758717,500,774510,1
35230.259,2,757834,800,774720,1
35230.272,2,758349,800,776780,-1
35230.281,1,758938,800,776580,-1
35230.296,1,758953,1000,776400,-1
35230.5,1,759101,500,776590,-1
35231.067,1,759482,500,774310,1
35231.093,1,759501,800,774520,1
35231.564,1,759776,100,776600,-1
35231.583,2,746106,400,777000,-1
35232.727,2,756142,250,773400,1
35232.73,1,760607,250,776400,-1
35232.76,1,760632,250,773000,1
35233.048,2,759501,800,774520,1
35233.051,2,758938,800,776580,-1
35233.179,1,760990,800,774620,1
35233.552,1,761355,100,777800,-1
35234.255,2,751682,400,777300,-1
35234.273,1,761890,400,776900,-1
35235.485,2,759482,500,774310,1
35235.487,2,759101,500,776590,-1
35235.549,1,762837,800,776680,-1
35235.599,1,762880,500,774210,1
35235.807,2,760990,800,774620,1
35235.81,2,762837,800,776680,-1
35235.831,2,762880,500,774210,1
35236.141,1,763260,500,776400,-1
35236.154,1,763265,800,776480,-1
35236.68,1,763708,800,774420,1
35236.697,1,763726,500,774110,1
35237.618,2,700554,500,774600,1
35237.8,2,763726,500,774110,1
35237.805,2,763260,500,776400,-1
35237.848,1,764663,500,776590,-1
35237.852,2,763708,800,774420,1
35237.863,2,763265,800,776480,-1
35237.873,1,764689,800,774720,1
35238.346,1,765042,500,774310,1
35239.059,2,765042,500,774310,1
35239.064,2,764663,500,776590,-1
35239.186,1,765769,500,774310,1
35239.371,2,761890,400,776900,-1
35239.379,1,765917,800,776780,-1
35239.391,1,765926,400,776600,-1
35239.76,1,766212,500,776590,-1
35239.824,2,758953,1000,776400,-1
35239.868,2,765769,500,774310,1
35239.87,2,766212,500,776590,-1
35240.312,1,766552,500,776690,-1
35240.865,1,766910,500,774410,1
35241.027,2,765926,400,776600,-1
35241.032,1,767000,400,776800,-1
35241.861,1,767493,1000,776400,-1
35242.948,2,760632,250,773000,1
35242.949,2,760607,250,776400,-1
35242.979,1,768277,250,772600,1
35242.982,1,768279,250,775560,-1
35243.728,2,764689,800,774720,1
35243.73,2,765917,800,776780,-1
35243.832,1,768869,800,774620,1
35244.657,2,766910,500,774410,1
35244.659,2,766552,500,776690,-1
35244.721,1,769372,500,776490,-1
35244.766,2,768869,800,774620,1
35244.846,1,769483,800,774420,1
35245.042,2,769483,800,774420,1
35245.082,2,769372,500,776490,-1
35245.33,1,769833,800,774320,1
35245.434,1,769887,500,776390,-1
35245.873,1,770134,500,774110,1
35245.882,1,770141,800,776380,-1
35246.313,2,770134,500,774110,1
35246.315,2,769887,500,776390,-1
35246.544,1,770525,500,774210,1
35246.604,2,770525,500,774210,1
35247.09,1,770839,500,776390,-1
35247.423,2,770839,500,776390,-1
35247.637,1,771188,500,774210,1
35247.664,2,768277,250,772600,1
35247.665,2,768279,250,775560,-1
35247.699,1,771228,250,773000,1
35247.704,1,771230,250,775960,-1
35247.861,2,771228,250,773000,1
35247.893,1,771395,250,772600,1
35248.041,2,771230,250,775960,-1
35248.074,1,771525,250,775560,-1
35248.119,2,767493,1000,776400,-1
35248.187,2,771395,250,772600,1
35248.189,2,771525,250,775560,-1
35248.218,1,771640,500,776490,-1
35248.222,1,771646,250,773000,1
35248.225,1,771652,250,775960,-1
35248.289,2,767000,400,776800,-1
35248.306,1,771729,400,776600,-1
35248.307,2,771188,500,774210,1
35248.31,2,771640,500,776490,-1
35248.779,1,772005,500,776390,-1
35249.256,2,772005,500,776390,-1
35249.357,1,772309,500,774210,1
35249.59,2,772309,500,774210,1
35249.908,1,772639,500,776390,-1
35249.985,2,772639,500,776390,-1
35250.017,2,769833,800,774320,1
35250.019,2,770141,800,776380,-1
35250.05,2,755016,100,100,1
35250.05,1,772708,1000,775700,-1
35250.194,2,754917,100,100,1
35250.197,2,754275,100,9999990,-1
35250.266,1,772845,800,774420,1
35250.301,1,772871,100,100,1
35250.355,1,772904,100,100,1
35250.358,1,772905,100,9999990,-1
35250.429,1,772940,500,776490,-1
35250.483,2,772940,500,776490,-1
35250.832,1,773183,800,776480,-1
35251.043,1,773287,500,776490,-1
35251.271,2,773287,500,776490,-1
35251.434,2,772845,800,774420,1
35251.438,2,773183,800,776480,-1
35251.5,1,773614,800,776180,-1
35251.546,1,773643,500,776190,-1
35251.991,1,774003,800,774120,1
35252.091,1,774061,500,773910,1
35252.224,2,771646,250,773000,1
35252.226,2,771652,250,775960,-1
35252.255,1,774187,250,772600,1
35252.258,1,774188,250,775560,-1
35252.446,2,774187,250,772600,1
35252.448,2,774188,250,775560,-1
35252.478,1,774427,250,773000,1
35252.481,1,774429,250,775960,-1
35252.555,2,774427,250,773000,1
35252.586,2,772708,1000,775700,-1
35252.587,1,774565,250,772600,1
35252.636,2,774429,250,775960,-1
35252.667,1,774634,250,775560,-1
35252.938,2,774003,800,774120,1
35252.94,2,773614,800,776180,-1
35252.959,1,774885,800,776280,-1
35253.252,2,771729,400,776600,-1
35253.265,1,775129,400,776500,-1
35253.55,1,775345,800,774220,1
35254.561,2,761355,100,777800,-1
35255.604,1,776645,100,777200,-1
35256.102,2,774565,250,772600,1
35256.103,2,774634,250,775560,-1
35256.134,1,776976,250,772200,1
35256.138,1,776981,250,775510,-1
35256.631,2,774061,500,773910,1
35256.635,2,773643,500,776190,-1
35256.744,1,777564,500,776290,-1
35257.295,1,778049,500,774010,1
35257.368,2,772905,100,9999990,-1
35257.447,1,778171,500,776990,-1
35258.313,2,778049,500,774010,1
35258.318,2,777564,500,776290,-1
35258.44,1,779017,500,773910,1
35258.503,2,779017,500,773910,1
35258.883,2,776976,250,772200,1
35258.885,2,776981,250,775510,-1
35258.916,1,779396,250,772600,1
35258.92,1,779400,250,775560,-1
35258.999,1,779485,500,776290,-1
35259.244,2,779485,500,776290,-1
35259.305,2,775345,800,774220,1
35259.31,2,774885,800,776280,-1
35259.317,1,779798,800,774420,1
35259.58,1,780062,500,776490,-1
35259.802,1,780288,800,776480,-1
35260.149,1,780581,500,774210,1
35260.365,5,779807,5,775510,-1
35260.668,2,775129,400,776500,-1
35260.674,1,781018,400,776400,-1
35261.186,1,781390,1000,775700,-1
35261.363,2,781390,1000,775700,-1
35262.778,2,781018,400,776400,-1
35262.794,1,782347,400,776600,-1
35264.692,2,776645,100,777200,-1
35265.507,2,780581,500,774210,1
35265.511,2,780062,500,776490,-1
35265.537,1,783983,500,776290,-1
35265.562,2,779798,800,774420,1
35265.564,2,780288,800,776480,-1
35265.585,1,784030,800,776280,-1
35265.673,2,783983,500,776290,-1
35266.109,1,784479,500,774010,1
35266.113,1,784480,800,774220,1
35266.199,2,782347,400,776600,-1
35266.205,1,784550,400,776700,-1
35266.338,2,784479,500,774010,1
35266.35,2,784480,800,774220,1
35266.353,2,784030,800,776280,-1
35266.675,1,784961,500,776290,-1
35266.722,1,784999,800,776280,-1
35267.206,2,784999,800,776280,-1
35267.212,2,784961,500,776290,-1
35267.249,1,785361,500,774210,1
35267.27,1,785379,800,774520,1
35267.609,1,785712,100,777700,-1
35267.816,1,785893,500,776490,-1
35267.839,1,785911,800,776580,-1
35268.039,2,779400,250,775560,-1
35269.074,2,785379,800,774520,1
35269.076,2,785911,800,776580,-1
35269.216,1,786646,800,776680,-1
35269.8,1,786950,800,774620,1
35270.064,2,784550,400,776700,-1
35270.068,1,787084,400,776400,-1
35270.3,2,787084,400,776400,-1
35270.306,1,787224,400,776700,-1
35270.514,2,786950,800,774620,1
35270.516,2,786646,800,776680,-1
35270.647,1,787426,800,774720,1
35272.751,2,787426,800,774720,1
35272.869,2,779396,250,772600,1
35272.871,1,788728,250,775960,-1
35272.899,1,788764,250,773000,1
35273.018,1,788838,800,774820,1
35273.341,2,788764,250,773000,1
35273.375,1,789080,250,772600,1
35273.447,2,788838,800,774820,1
35273.519,2,789080,250,772600,1
35273.552,1,789256,250,773000,1
35273.553,1,789258,800,774720,1
35273.988,2,787224,400,776700,-1
35273.995,1,789609,400,776600,-1
35274.436,2,789609,400,776600,-1
35274.441,1,789869,400,776700,-1
35275.128,2,785361,500,774210,1
35275.131,2,785893,500,776490,-1
35275.239,1,790282,500,776590,-1
35275.778,1,790552,500,774310,1
35276.573,2,785712,100,777700,-1
35278.005,2,789258,800,774720,1
35278.112,1,791899,800,774620,1
35278.522,2,791899,800,774620,1
35278.612,2,790552,500,774310,1
35278.621,2,790282,500,776590,-1
35278.655,1,792238,800,774920,1
35278.704,1,792279,500,774510,1
35279.867,2,789869,400,776700,-1
35279.904,1,793110,400,776900,-1
35279.97,1,793159,500,776790,-1
35279.975,2,792238,800,774920,1
35280.085,1,793231,800,774820,1
35281.677,2,789256,250,773000,1
35281.681,2,788728,250,775960,-1
35281.711,1,794246,250,772600,1
35281.725,1,794263,250,775560,-1
35281.817,1,794343,800,776880,-1
35281.831,4,794263,250,775560,-1
35282.21,2,794246,250,772600,1
35282.439,1,794765,250,774000,1
35282.441,1,794768,500,776160,-1
35282.543,1,794833,500,774500,1
35282.849,2,772904,100,100,1
35282.923,1,795071,100,100,1
35283.051,2,772871,100,100,1
35283.401,1,795328,100,100,1
35284.533,2,792279,500,774510,1
35284.537,2,793159,500,776790,-1
35284.67,1,796057,500,774610,1
35284.897,2,796057,500,774610,1
35285.255,1,796359,500,774510,1
35285.319,2,796359,500,774510,1
35285.81,1,796626,500,774610,1
35286.127,5,795917,205,775050,1
35286.127,5,792947,300,775000,1
35286.127,5,795515,300,775000,1
35286.127,1,796775,195,775000,-1
35286.154,2,796626,500,774610,1
35286.239,4,796775,195,775000,-1
35286.373,1,796909,500,774510,1
35286.951,1,797169,500,776790,-1
35287.015,2,796909,500,774510,1
35287.022,2,797169,500,776790,-1
35287.529,1,797381,500,776690,-1
35287.977,2,795071,100,100,1
35288.062,2,795328,100,100,1
35288.183,1,797688,100,100,1
35288.215,2,797381,500,776690,-1
35288.329,1,797751,500,774510,1
35288.37,1,797770,100,100,1
35288.469,2,797751,500,774510,1
35288.892,1,798029,500,774410,1
35289.482,1,798311,500,776690,-1
35290.091,2,793231,800,774820,1
35290.237,1,798634,800,774820,1
35290.746,2,798634,800,774820,1
35290.748,2,794343,800,776880,-1
35290.846,1,798905,800,774720,1
35290.96,2,798311,500,776690,-1
35290.962,2,798029,500,774410,1
35291.11,1,799024,500,774210,1
35291.117,2,798905,800,774720,1
35291.441,1,799231,800,774520,1
35291.639,1,799360,500,776490,-1
35291.869,2,799231,800,774520,1
35291.976,1,799509,800,774420,1
35292.066,2,794833,500,774500,1
35292.073,1,799547,500,774100,1
35292.718,1,799862,800,776480,-1
35292.732,2,799024,500,774210,1
35292.734,2,799360,500,776490,-1
35292.741,1,799872,500,774110,1
35293.341,1,800131,500,776390,-1
35293.5,2,793110,400,776900,-1
35293.516,1,800202,400,776700,-1
35294.043,2,799509,800,774420,1
35294.045,2,799862,800,776480,-1
35294.144,1,800528,800,774320,1
35294.722,1,800773,800,776380,-1
35298.019,2,799872,500,774110,1
35298.023,2,800131,500,776390,-1
35298.087,2,800528,800,774320,1
35298.089,2,800773,800,776380,-1
35298.093,1,802322,800,774220,1
35298.109,1,802328,500,774800,1
35298.142,1,802356,500,774010,1
35298.391,2,802356,500,774010,1
35298.462,2,802322,800,774220,1
35298.477,2,800202,400,776700,-1
35298.482,2,737389,400,773200,1
35298.506,1,802619,400,776600,-1
35298.508,1,802620,400,772700,1
35298.655,1,802700,800,776180,-1
35298.702,1,802726,500,776190,-1
35299.178,1,802984,800,774120,1
35299.99,2,799547,500,774100,1
35300.101,2,778171,500,776990,-1
35300.216,1,803619,1000,774900,-1
35300.385,4,802328,500,774800,1
35300.513,1,803799,500,773910,1
35300.535,1,803812,100,9999990,-1
35300.776,2,802984,800,774120,1
35300.778,2,802700,800,776180,-1
35300.877,1,804014,800,774020,1
35301.222,2,803619,1000,774900,-1
35301.427,1,804301,800,776080,-1
35301.491,2,804014,800,774020,1
35301.507,2,804301,800,776080,-1
35301.843,1,804508,300,776000,-1
35302.003,1,804585,800,773920,1
35302.672,1,804986,800,775980,-1
35302.673,2,804585,800,773920,1
35302.727,2,804986,800,775980,-1
35302.954,1,805185,1000,774900,-1
35303.222,1,805331,800,773820,1
35303.646,2,803799,500,773910,1
35303.647,2,802726,500,776190,-1
35303.78,1,805669,500,773910,1
35303.866,2,805669,500,773910,1
35303.883,2,805331,800,773820,1
35303.894,1,805747,800,774020,1
35303.962,2,805185,1000,774900,-1
35304.327,1,806020,500,774110,1
35304.374,1,806062,800,776080,-1
35304.768,2,806020,500,774110,1
35304.883,1,806376,500,774010,1
35305.496,2,805747,800,774020,1
35305.502,2,806062,800,776080,-1
35305.618,1,806826,800,773920,1
35305.64,1,806840,500,776290,-1
35305.801,2,794768,500,776160,-1
35305.832,1,806949,250,776160,-1
35305.843,2,806949,250,776160,-1
35305.874,1,806977,500,776160,-1
35306.177,1,807109,800,775980,-1
35306.819,2,803812,100,9999990,-1
35306.821,2,797688,100,100,1
35306.847,2,806376,500,774010,1
35306.85,2,806840,500,776290,-1
35306.949,1,807540,500,774110,1
35306.987,1,807564,500,775490,-1
35306.998,1,807575,200,774010,1
35309.233,2,794765,250,774000,1
35309.234,2,806977,500,776160,-1
35309.264,1,808949,250,773600,1
35309.267,1,808956,250,775760,-1
35309.292,2,808956,250,775760,-1
35309.325,1,809026,500,775760,-1
35309.639,2,807540,500,774110,1
35309.749,1,809271,500,774010,1
35310.026,2,797770,100,100,1
35310.283,1,809603,100,100,1
35310.666,2,809271,500,774010,1
35310.746,1,809934,500,773910,1
35310.821,2,806826,800,773920,1
35310.826,2,807109,800,775980,-1
35310.844,1,810015,800,773620,1
35310.965,2,809934,500,773910,1
35311.35,1,810414,800,775680,-1
35311.42,1,810454,500,773810,1
35312.628,2,810454,500,773810,1
35312.671,1,811291,500,773710,1
35312.747,2,811291,500,773710,1
35312.852,2,810015,800,773620,1
35312.853,2,810414,800,775680,-1
35312.934,1,811482,800,775480,-1
35313.226,1,811661,500,773610,1
35313.547,2,808949,250,773600,1
35313.549,2,809026,500,775760,-1
35313.58,1,811913,250,773200,1
35313.582,1,811917,250,775360,-1
35313.695,2,811917,250,775360,-1
35313.725,1,812052,500,775360,-1
35313.747,1,812081,800,773420,1
35313.94,2,759776,100,776600,-1
35313.982,1,812295,400,775300,-1
35314.544,2,811661,500,773610,1
35314.658,1,812872,500,773610,1
35315.077,2,812872,500,773610,1
35315.199,1,813276,500,773510,1
35315.265,2,813276,500,773510,1
35315.359,2,807564,500,775490,-1
35315.359,2,812081,800,773420,1
35315.363,2,802620,400,772700,1
35315.363,2,807575,200,774010,1
35315.38,2,811482,800,775480,-1
35315.389,1,813453,400,771900,1
35315.414,2,809603,100,100,1
35315.53,1,813569,200,775090,-1
35315.533,1,813570,400,774010,1
35315.571,1,813598,800,773520,1
35315.697,1,813703,100,100,1
35315.767,1,813766,500,773510,1
35315.952,2,813766,500,773510,1
35316.342,1,814171,500,773510,1
35316.876,2,802619,400,776600,-1
35316.918,1,814610,400,775900,-1
35317.159,1,814764,1000,774600,-1
35318.336,2,813598,800,773520,1
35320.687,2,814171,500,773510,1
35320.777,1,817211,800,773420,1
35320.812,1,817233,500,773610,1
35321.248,2,817233,500,773610,1
35321.358,1,817613,500,773510,1
35321.527,2,817613,500,773510,1
35321.907,1,817980,500,773610,1
35322.105,2,817980,500,773610,1
35322.452,1,818278,500,773510,1
35325.328,2,818278,500,773510,1
35325.475,1,819950,500,773610,1
35325.569,2,819950,500,773610,1
35326.028,1,820287,500,773510,1
35326.55,2,817211,800,773420,1
35326.575,2,820287,500,773510,1
35326.653,1,820706,800,773620,1
35326.664,1,820716,500,773710,1
35326.829,2,820716,500,773710,1
35327.17,1,821157,500,773610,1
35327.205,2,814764,1000,774600,-1
35327.416,2,820706,800,773620,1
35327.524,2,814610,400,775900,-1
35327.528,2,813453,400,771900,1
35327.545,1,821465,200,775000,-1
35327.552,1,821471,600,765900,1
35327.556,2,821157,500,773610,1
35327.605,1,821519,800,773420,1
35327.785,1,821658,500,773510,1
35329.579,5,821525,200,774060,1
35329.579,4,813570,400,774010,1
35329.579,1,823070,400,774010,-1
35329.583,4,823070,400,774010,-1
35329.867,1,823264,100,773010,1
35330.027,2,821465,200,775000,-1
35330.058,1,823371,200,775200,-1
35331.476,2,821519,800,773420,1
35331.705,1,824322,800,773520,1
35332.743,1,824973,1000,774600,-1
35333.318,2,821658,500,773510,1
35333.349,1,825360,500,773410,1
35333.642,2,824322,800,773520,1
35333.645,1,825577,800,773220,1
35333.734,2,825360,500,773410,1
35333.889,1,825758,500,773310,1
35334.229,2,825758,500,773310,1
35334.462,1,826176,500,773210,1
35335.026,2,825577,800,773220,1
35335.114,1,826610,800,773320,1
35339.079,2,811913,250,773200,1
35339.08,2,812052,500,775360,-1
35339.11,1,829029,250,772800,1
35339.11,2,823371,200,775200,-1
35339.112,1,829031,250,774960,-1
35339.129,1,829049,200,774700,-1
35339.98,2,829029,250,772800,1
35339.982,2,829031,250,774960,-1
35340.011,1,829634,250,773200,1
35340.015,1,829636,500,775360,-1
35340.072,5,809549,50,774200,-1
35340.072,5,826572,200,774450,-1
35340.072,5,814404,300,774500,-1
35340.072,5,814420,300,774500,-1
35340.072,5,824979,150,774550,-1
35340.532,2,826176,500,773210,1
35340.638,1,830088,500,773210,1
35340.698,2,830088,500,773210,1
35341.188,2,826610,800,773320,1
35341.222,1,830497,500,773410,1
35341.228,1,830506,800,773620,1
35341.538,2,830497,500,773410,1
35341.606,2,829049,200,774700,-1
35341.609,2,821471,600,765900,1
35341.628,1,830862,200,774900,-1
35341.631,1,830865,600,768800,1
35341.749,1,830993,500,773510,1
35341.968,2,813703,100,100,1
35342.178,2,823264,100,773010,1
35342.217,1,831311,100,774170,1
35342.373,1,831422,400,100,1
35342.874,2,830993,500,773510,1
35343.014,1,831864,500,773610,1
35343.062,2,824973,1000,774600,-1
35345.101,2,830862,200,774900,-1
35345.136,1,833178,200,775200,-1
35346.45,2,831864,500,773610,1
35346.577,1,833968,500,773710,1
35346.724,2,833968,500,773710,1
35347.159,1,834266,500,773710,1
35347.277,2,834266,500,773710,1
35347.717,1,834530,500,773710,1
35348.454,2,834530,500,773710,1
35348.648,1,835000,500,773610,1
35349.002,1,835204,1000,774600,-1
35349.142,2,835000,500,773610,1
35349.193,2,830506,800,773620,1
35349.236,2,649883,300,777500,-1
35349.266,1,835343,500,773710,1
35349.299,1,835367,800,773520,1
35349.5,5,835256,445,774560,-1
35349.5,4,835204,155,774600,-1
35349.861,2,813569,200,775090,-1
35349.867,2,831422,400,100,1
35349.908,2,831311,100,774170,1
35350.063,1,835718,100,9999990,-1
35350.066,1,835721,100,100,1
35350.114,1,835744,100,100,1
35350.814,2,835343,500,773710,1
35350.951,1,836163,500,773610,1
35351.604,2,836163,500,773610,1
35351.718,1,836541,500,773710,1
35352.395,2,835367,800,773520,1
35352.502,1,836962,800,773420,1
35355.013,2,836541,500,773710,1
35355.125,1,838195,500,773610,1
35355.457,2,838195,500,773610,1
35355.67,1,838432,500,773710,1
35356.3,2,835204,845,774600,-1
35356.433,2,838432,500,773710,1
35356.549,1,838932,500,773610,1
35356.874,2,838932,500,773610,1
35357.091,1,839207,500,773710,1
35357.39,2,839207,500,773710,1
35357.395,2,836962,800,773420,1
35357.429,1,839384,800,773620,1
35357.655,1,839553,500,773810,1
35357.948,2,839553,500,773810,1
35358.441,1,840118,500,773910,1
35358.493,2,829634,250,773200,1
35358.495,2,829636,500,775360,-1
35358.526,1,840186,250,773600,1
35358.53,1,840190,500,775760,-1
35358.595,2,833178,200,775200,-1
35358.612,1,840271,400,775600,-1
35358.637,2,830865,600,768800,1
35358.649,1,840310,600,771200,1
35358.741,1,840395,800,775680,-1
35359.112,2,839384,800,773620,1
35359.117,2,840395,800,775680,-1
35359.13,2,840118,500,773910,1
35359.318,1,840995,800,773820,1
35359.35,1,841036,500,774010,1
35359.822,2,841036,500,774010,1
35359.879,1,841630,500,774110,1
35360.471,2,841630,500,774110,1
35360.594,1,842272,500,774010,1
35361.342,2,840271,400,775600,-1
35361.349,1,842942,400,776000,-1
35361.456,1,843022,800,775880,-1
35362.186,2,840995,800,773820,1
35362.189,2,843022,800,775880,-1
35362.286,1,843569,800,773720,1
35362.896,1,844066,800,775780,-1
35365.181,2,843569,800,773720,1
35365.195,2,844066,800,775780,-1
35365.251,1,845522,800,775580,-1
35365.259,2,842272,500,774010,1
35365.269,1,845536,500,773810,1
35365.464,2,835721,100,100,1
35365.499,2,845522,800,775580,-1
35365.52,2,835744,100,100,1
35365.738,1,845910,100,100,1
35365.748,1,845916,800,773420,1
35365.78,1,845947,500,773510,1
35365.819,1,845985,500,774510,1
35365.845,2,840310,600,771200,1
35365.888,1,846050,200,773900,1
35366.302,1,846331,800,775480,-1
35366.323,1,846349,500,775990,-1
35366.655,2,845916,800,773420,1
35366.657,2,846331,800,775480,-1
35366.85,2,842942,400,776000,-1
35366.868,1,846720,600,779200,-1
35366.869,1,846721,800,775580,-1
35367.277,2,845536,500,773810,1
35367.279,2,846349,500,775990,-1
35367.391,1,847110,500,773710,1
35367.928,2,847110,500,773710,1
35368.06,1,847537,500,773810,1
35369.546,2,847537,500,773810,1
35369.654,1,848509,500,773710,1
35370.132,2,845910,100,100,1
35370.277,2,835718,100,9999990,-1
35370.281,2,846050,200,773900,1
35370.285,1,848836,200,773800,1
35370.384,1,848915,100,773670,1
35370.435,1,848946,100,9999990,-1
35372.273,2,812295,400,775300,-1
35372.315,1,850030,500,774900,-1
35372.341,1,850050,500,775890,-1
35376.07,5,846027,500,774550,1
35376.364,2,846720,600,779200,-1
35376.366,2,848836,200,773800,1
35376.409,1,852352,400,777400,-1
35376.413,1,852353,400,773300,1
35376.873,2,846721,800,775580,-1
35376.972,1,852678,800,775580,-1
35378.019,5,851883,500,774550,1
35378.543,2,845947,500,773510,1
35378.601,2,848915,100,773670,1
35378.683,1,853569,100,100,1
35378.842,1,853652,100,773870,1
35378.854,4,845985,500,774510,1
35380.725,2,852678,800,775580,-1
35380.887,2,848509,500,773710,1
35380.89,2,850050,500,775890,-1
35380.895,1,854673,500,773610,1
35380.941,1,854694,800,773420,1
35381.476,1,854957,500,775790,-1
35381.561,1,854991,800,775480,-1
35382.937,2,854673,500,773610,1
35383.161,1,855848,500,773710,1
35383.358,5,854095,300,774200,1
35383.358,5,855856,150,773920,1
35383.358,4,853652,100,773870,1
35383.358,1,855958,450,773870,-1
35383.363,4,855958,400,773870,-1
35383.406,4,855958,50,773870,-1
35383.436,1,855991,100,773870,1
35383.47,2,855991,100,773870,1
35383.643,1,856093,100,772870,1
35383.701,2,855848,500,773710,1
35383.704,2,854957,500,775790,-1
35383.809,1,856158,500,773610,1
35384.357,1,856448,500,775690,-1
35385.056,2,853569,100,100,1
35385.191,2,856093,100,772870,1
35385.244,1,856893,100,773910,1
35385.363,1,856947,100,100,1
35388.125,2,856158,500,773610,1
35388.126,2,856448,500,775690,-1
35388.233,1,858274,500,773510,1
35388.337,2,856947,100,100,1
35388.385,2,856893,100,773910,1
35388.463,1,858375,1000,774500,-1
35388.561,2,858274,500,773510,1
35388.567,1,858421,100,773710,1
35388.674,1,858473,100,100,1
35388.783,1,858521,500,773610,1
35389.105,2,858521,500,773610,1
35389.326,1,858761,500,773510,1
35389.381,2,858761,500,773510,1
35389.873,1,859010,500,773510,1
35390.944,2,854694,800,773420,1
35391.563,2,854991,800,775480,-1
35391.727,1,859822,800,775480,-1
35391.807,2,840186,250,773600,1
35391.809,2,840190,500,775760,-1
35391.838,1,859868,250,773200,1
35391.841,1,859872,250,775360,-1
35392.041,2,859872,250,775360,-1
35392.077,1,860005,500,775360,-1
35392.102,2,860005,500,775360,-1
35392.133,1,860036,250,775360,-1
35392.137,2,860036,250,775360,-1
35392.168,1,860064,500,775360,-1
35392.279,1,860119,800,773420,1
35393.548,2,858473,100,100,1
35394.026,2,859010,500,773510,1
35394.058,2,860119,800,773420,1
35394.061,2,859822,800,775480,-1
35394.118,1,861244,800,775280,-1
35394.123,1,861247,500,773310,1
35394.678,1,861646,800,773220,1
35395.184,2,852353,400,773300,1
35395.207,1,861924,400,772800,1
35396.029,2,858421,100,773710,1
35396.191,1,862486,500,773510,1
35396.701,2,861247,500,773310,1
35396.719,2,861646,800,773220,1
35396.721,2,861244,800,775280,-1
35396.744,1,862904,500,773510,1
35396.781,1,862932,800,773420,1
35396.913,2,862904,500,773510,1
35397.087,2,859868,250,773200,1
35397.089,2,860064,500,775360,-1
35397.119,1,863184,250,772800,1
35397.121,1,863188,250,774960,-1
35397.388,2,863184,250,772800,1
35397.39,2,863188,250,774960,-1
35397.418,1,863499,500,773410,1
35397.422,1,863502,250,773200,1
35397.426,1,863507,500,775360,-1
35397.535,2,863499,500,773410,1
35397.556,1,863632,800,775480,-1
35397.592,2,863507,500,775360,-1
35397.625,1,863712,250,775360,-1
35397.676,2,858375,1000,774500,-1
35397.901,1,863940,500,773410,1
35398.121,2,862932,800,773420,1
35398.135,2,863632,800,775480,-1
35398.225,1,864222,800,773320,1
35398.467,1,864467,500,775490,-1
35398.772,1,864681,800,775380,-1
35400.373,2,863712,250,775360,-1
35400.404,1,865796,500,775360,-1
35403.205,2,863502,250,773200,1
35403.207,2,865796,500,775360,-1
35403.237,1,867431,250,773600,1
35403.239,1,867434,500,775760,-1
35403.645,2,867431,250,773600,1
35403.647,2,867434,500,775760,-1
35403.676,1,867779,250,773200,1
35403.68,1,867784,250,775360,-1
35408.225,2,864222,800,773320,1
35408.361,1,870307,800,773320,1
35408.775,2,864681,800,775380,-1
35409.019,1,870625,800,775380,-1
35411.848,2,867784,250,775360,-1
35411.88,1,872025,500,775360,-1
35411.967,2,872025,500,775360,-1
35411.997,1,872058,250,775360,-1
35412.299,2,872058,250,775360,-1
35412.331,1,872208,500,775360,-1
35412.384,2,870307,800,773320,1
35412.386,2,870625,800,775380,-1
35412.485,1,872279,800,773220,1
35412.528,2,872208,500,775360,-1
35412.566,1,872322,250,775360,-1
35412.654,2,863940,500,773410,1
35412.656,2,864467,500,775490,-1
35412.759,2,872279,800,773220,1
35412.772,1,872455,500,773510,1
35412.869,2,872322,250,775360,-1
35412.901,1,872558,500,775360,-1
35413.098,1,872658,800,773420,1
35413.283,2,872455,500,773510,1
35413.316,2,872658,800,773420,1
35413.333,1,872778,500,773410,1
35413.542,2,872778,500,773410,1
35413.71,1,873032,800,773420,1
35413.868,2,873032,800,773420,1
35413.889,1,873136,500,773510,1
35414.315,1,873357,800,773520,1
35414.409,2,873136,500,773510,1
35414.436,1,873425,500,775690,-1
35414.551,2,872558,500,775360,-1
35414.584,1,873544,250,775360,-1
35414.739,2,873544,250,775360,-1
35414.751,2,848946,100,9999990,-1
35414.77,1,873637,500,775760,-1
35414.947,1,873812,100,9999990,-1
35414.979,1,873834,800,775580,-1
35414.996,1,873842,500,773610,1
35415.054,2,873842,500,773610,1
35415.055,2,873425,500,775690,-1
35415.138,2,862486,500,773510,1
35415.159,2,873637,500,775760,-1
35415.202,1,873972,250,775360,-1
35415.313,1,874054,100,100,1
35415.501,1,874161,500,773510,1
35415.701,2,873357,800,773520,1
35415.702,2,873834,800,775580,-1
35415.758,1,874293,800,773420,1
35415.822,2,867779,250,773200,1
35415.823,2,873972,250,775360,-1
35415.852,1,874373,250,773600,1
35415.856,1,874375,500,775760,-1
35416.047,1,874491,500,775590,-1
35416.346,2,874373,250,773600,1
35416.349,2,874375,500,775760,-1
35416.35,1,874692,800,775480,-1
35416.378,1,874716,250,773200,1
35416.381,1,874718,250,775360,-1
35417.86,2,874718,250,775360,-1
35417.892,1,875638,500,775760,-1
35418.772,2,874716,250,773200,1
35418.809,1,876200,250,773600,1
35419.031,2,874161,500,773510,1
35419.033,2,874491,500,775590,-1
35419.068,1,876409,500,775390,-1
35419.094,2,874293,800,773420,1
35419.098,2,874692,800,775480,-1
35419.189,1,876505,800,775280,-1
35419.505,1,876733,500,773310,1
35419.527,1,876760,800,773220,1
35420.979,2,876200,250,773600,1
35420.981,2,875638,500,775760,-1
35421.012,1,877744,250,773200,1
35421.017,1,877752,250,775360,-1
35421.199,2,877752,250,775360,-1
35421.23,1,877905,500,775360,-1
35423.845,1,879220,1000,774100,-1
35424.668,2,876760,800,773220,1
35424.672,2,876505,800,775280,-1
35424.777,1,879726,800,773120,1
35424.963,2,879220,1000,774100,-1
35425.314,1,880020,800,775180,-1
35426.161,2,879726,800,773120,1
35426.164,2,880020,800,775180,-1
35426.191,1,880494,800,775280,-1
35426.753,1,880788,800,773220,1
35428.135,1,881403,1000,774200,-1
35428.189,2,880788,800,773220,1
35428.194,2,880494,800,775280,-1
35428.274,2,874054,100,100,1
35428.297,1,881473,800,773120,1
35428.474,1,881525,100,100,1
35428.879,1,881685,800,775180,-1
35429.592,2,881473,800,773120,1
35429.594,2,881685,800,775180,-1
35429.701,1,882090,800,773020,1
35430.156,2,881525,100,100,1
35430.159,2,873812,100,9999990,-1
35430.252,1,882315,800,775080,-1
35430.291,1,882329,100,100,1
35430.294,1,882332,100,9999990,-1
35430.331,2,876733,500,773310,1
35430.332,2,876409,500,775390,-1
35430.433,1,882399,500,773210,1
35430.633,2,882090,800,773020,1
35430.635,2,882315,800,775080,-1
35430.846,1,882627,800,772920,1
35430.983,1,882709,500,775290,-1
35431.416,1,882917,800,774980,-1
35432.795,2,882627,800,772920,1
35432.798,2,882917,800,774980,-1
35432.873,1,883565,800,772820,1
35433.614,2,883565,800,772820,1
35433.623,2,882709,500,775290,-1
35433.647,1,883979,800,774680,-1
35433.657,2,882399,500,773210,1
35433.659,1,883988,500,773010,1
35434.654,2,861924,400,772800,1
35434.676,1,884588,400,772500,1
35435.448,2,883979,800,774680,-1
35435.46,1,885083,800,772820,1
35435.469,2,883988,500,773010,1
35435.485,1,885104,500,773210,1
35435.948,1,885452,800,774880,-1
35435.994,1,885477,500,775290,-1
35437.767,1,886564,1000,774100,-1
35438.61,2,850030,500,774900,-1
35438.612,1,886995,300,773900,-1
35438.916,2,882332,100,9999990,-1
35438.962,2,885083,800,772820,1
35438.963,2,885452,800,774880,-1
35439.032,2,881403,1000,774200,-1
35439.069,1,887194,800,772720,1
35439.186,1,887248,500,774010,-1
35440.39,2,887194,800,772720,1
35443.643,2,886564,1000,774100,-1
35443.751,1,889335,800,774580,-1
35445.214,2,885104,500,773210,1
35445.216,2,885477,500,775290,-1
35445.326,1,889907,500,773110,1
35445.331,1,889910,800,772520,1
35445.471,2,889907,500,773110,1
35445.872,1,890133,500,773210,1
35446.109,2,877905,500,775360,-1
35446.142,1,890235,250,775360,-1
35446.236,2,890133,500,773210,1
35446.418,1,890347,500,773110,1
35446.709,2,877744,250,773200,1
35446.711,2,890235,250,775360,-1
35446.753,1,890535,250,773600,1
35446.757,1,890538,500,775760,-1
35446.788,2,890535,250,773600,1
35446.79,2,890538,500,775760,-1
35446.824,1,890577,250,773200,1
35446.827,1,890581,250,775360,-1
35446.966,4,890577,200,773200,1
35447.14,1,890773,100,774490,-1
35447.193,2,890577,50,773200,1
35447.196,2,890581,250,775360,-1
35447.224,2,890347,500,773110,1
35447.228,1,890846,250,773600,1
35447.23,1,890848,500,775760,-1
35447.44,1,890986,1000,774100,-1
35447.575,1,891064,500,773110,1
35447.59,2,882329,100,100,1
35447.714,1,891166,100,100,1
35447.953,2,890846,250,773600,1
35447.954,2,890848,500,775760,-1
35448.156,1,891399,250,772200,1
35448.158,1,891400,250,775160,-1
35448.161,2,884588,400,772500,1
35448.164,1,891405,400,771700,1
35448.181,4,891064,500,773110,1
35448.451,1,891568,100,773010,1
35448.557,4,891568,100,773010,1
35448.578,2,890986,1000,774100,-1
35448.594,2,887248,500,774010,-1
35448.724,1,891696,500,773490,-1
35448.818,2,886995,300,773900,-1
35448.861,1,891748,300,773400,-1
35448.864,2,889910,800,772520,1
35448.868,2,889335,800,774580,-1
35448.973,1,891808,800,772420,1
35449.047,2,890773,100,774490,-1
35449.05,1,891852,500,774290,-1
35449.773,1,892175,800,772320,1
35449.776,2,891808,800,772420,1
35450.902,2,892175,800,772320,1
35451.003,1,892784,800,772220,1
35451.527,4,590348,400,772700,1
35451.765,5,892115,300,773300,-1
35451.792,5,893065,200,773350,-1
35452.492,2,892784,800,772220,1
35452.492,1,893478,500,771200,1
35452.598,1,893529,800,772120,1
35453.138,1,893770,1000,772700,-1
35453.159,1,893780,800,774180,-1
35453.58,2,893529,800,772120,1
35453.585,2,893780,800,774180,-1
35453.624,2,891852,500,774290,-1
35453.833,1,894160,800,772320,1
35454.083,2,893770,1000,772700,-1
35454.818,1,894840,1000,772100,1
35454.989,2,894160,800,772320,1
35455.097,1,895073,800,772220,1
35455.32,2,894840,1000,772100,1
35455.358,1,895254,500,774490,-1
35455.66,1,895456,800,774280,-1
35456.051,1,895671,1000,772100,1
35456.46,2,895456,800,774280,-1
35456.465,2,895073,800,772220,1
35456.55,1,895978,800,772120,1
35456.911,2,895671,1000,772100,1
35456.953,2,852352,400,777400,-1
35456.969,1,896209,600,780300,-1
35457.132,1,896300,800,774180,-1
35457.422,1,896443,1000,772100,1
35457.513,1,896483,1000,772200,1
35457.599,2,896443,1000,772100,1
35458.09,2,895254,500,774490,-1
35458.509,2,895978,800,772120,1
35458.514,2,896300,800,774180,-1
35458.652,1,897136,500,774390,-1
35458.666,1,897145,800,772020,1
35459.204,1,897393,800,774080,-1
35459.257,2,891696,500,773490,-1
35459.332,1,897449,500,773090,-1
35459.389,2,896483,1000,772200,1
35460.061,5,894740,300,772900,-1
35460.061,5,897137,200,772900,-1
35460.665,2,897145,800,772020,1
35460.667,2,897393,800,774080,-1
35460.776,1,898192,800,771920,1
35461.314,1,898453,800,773980,-1
35461.513,2,897136,500,774390,-1
35462.308,2,891166,100,100,1
35462.456,1,898975,100,100,1
35463.438,2,897449,500,773090,-1
35463.559,1,899528,500,774290,-1
35463.6,1,899562,100,775090,-1
35466.054,2,891405,400,771700,1
35466.07,1,900661,400,770900,1
35466.076,2,899528,500,774290,-1
35466.183,1,900704,500,774190,-1
35466.757,2,899562,100,775090,-1
35466.932,2,898192,800,771920,1
35466.935,2,898453,800,773980,-1
35466.952,2,900704,500,774190,-1
35467.013,1,901060,500,773090,-1
35467.036,1,901066,800,771820,1
35467.058,1,901076,500,774290,-1
35467.113,2,901076,500,774290,-1
35467.606,1,901244,500,774190,-1
35467.609,1,901246,800,773880,-1
35468.83,2,901244,500,774190,-1
35468.896,2,901066,800,771820,1
35468.898,2,901246,800,773880,-1
35469.006,1,901822,800,771720,1
35469.049,1,901850,500,774190,-1
35469.588,1,902065,800,773780,-1
35469.672,2,901850,500,774190,-1
35469.834,2,901822,800,771720,1
35469.843,2,902065,800,773780,-1
35469.919,1,902295,500,774390,-1
35470.143,1,902395,800,771920,1
35470.641,2,893478,500,771200,1
35470.644,2,891399,250,772200,1
35470.646,2,891400,250,775160,-1
35470.672,1,902743,100,771600,1
35470.676,1,902750,250,772600,1
35470.68,1,902755,250,775560,-1
35470.753,1,902823,800,773980,-1
35471.276,1,903192,50,760000,1
35472.386,2,902295,500,774390,-1
35472.498,1,904027,500,774290,-1
35472.677,2,904027,500,774290,-1
35472.841,2,902395,800,771920,1
35472.844,2,902823,800,773980,-1
35472.852,1,904274,800,771720,1
35473.137,1,904466,500,774190,-1
35473.312,1,904617,800,773780,-1
35473.562,2,904466,500,774190,-1
35473.903,2,904274,800,771720,1
35473.904,2,904617,800,773780,-1
35473.924,1,905022,800,771920,1
35473.949,2,900661,400,770900,1
35473.977,1,905048,400,771700,1
35474.076,1,905123,500,774290,-1
35474.504,1,905438,800,773980,-1
35475.372,2,902750,250,772600,1
35475.375,2,902755,250,775560,-1
35475.415,1,906012,250,772200,1
35475.417,1,906014,250,775160,-1
35476.266,2,905022,800,771920,1
35476.269,2,905438,800,773980,-1
35476.41,1,906653,800,771820,1
35476.971,1,906962,800,773880,-1
35477.748,2,905123,500,774290,-1
35479.117,2,906653,800,771820,1
35479.119,2,906962,800,773880,-1
35479.231,1,908298,800,771720,1
35479.242,2,905048,400,771700,1
35479.273,1,908329,400,771400,1
35479.325,1,908358,500,774290,-1
35479.396,2,908358,500,774290,-1
35479.784,1,908625,800,773780,-1
35479.895,1,908677,500,774190,-1
35481.108,2,908329,400,771400,1
35481.136,1,909397,600,770300,1
35483.568,2,908298,800,771720,1
35483.575,2,908625,800,773780,-1
35483.677,1,910684,800,771620,1
35484.232,1,910952,800,773680,-1
35484.265,1,910973,1000,771700,1
35487.565,2,910684,800,771620,1
35487.566,2,910952,800,773680,-1
35487.594,2,908677,500,774190,-1
35487.615,1,912792,800,771820,1
35487.705,1,912845,500,774390,-1
35488.16,1,913148,800,773880,-1
35490.321,2,912845,500,774390,-1
35490.887,2,912792,800,771820,1
35490.889,2,913148,800,773880,-1
35490.987,1,914911,800,771720,1
35490.998,1,914914,500,774290,-1
35491.018,2,898975,100,100,1
35491.1,1,914972,100,100,1
35491.588,1,915253,800,773780,-1
35495.892,2,910973,1000,771700,1
35496.171,2,914914,500,774290,-1
35496.257,2,914911,800,771720,1
35496.26,2,915253,800,773780,-1
35496.36,1,917674,800,771620,1
35496.43,1,917709,500,774190,-1
35496.492,2,917709,500,774190,-1
35496.923,1,917916,800,773680,-1
35496.967,1,917943,500,774290,-1
35497.748,2,917943,500,774290,-1
35498.24,2,906012,250,772200,1
35498.242,2,906014,250,775160,-1
35498.271,1,918630,250,772600,1
35498.274,1,918633,250,775560,-1
35498.829,1,919066,1000,772000,1
35499.333,2,917674,800,771620,1
35499.336,2,917916,800,773680,-1
35499.433,1,919391,500,774190,-1
35499.47,1,919409,800,771720,1
35499.773,2,896209,600,780300,-1
35499.791,1,919564,600,777500,-1
35500.02,1,919667,800,773780,-1
35500.963,2,918630,250,772600,1
35500.965,1,920133,500,772600,1
35500.965,2,918633,250,775560,-1
35500.997,1,920162,250,772200,1
35501.0,1,920164,250,775160,-1
35501.191,2,920162,250,772200,1
35501.193,2,920164,250,775160,-1
35501.226,1,920353,250,772600,1
35501.229,1,920354,250,775560,-1
35501.245,2,920353,250,772600,1
35501.246,2,920354,250,775560,-1
35501.276,1,920399,250,772200,1
35501.28,1,920402,250,775160,-1
35501.568,2,919066,1000,772000,1
35503.205,2,919391,500,774190,-1
35503.23,2,920133,500,772600,1
35504.327,1,921952,800,771620,1
35504.331,2,919409,800,771720,1
35504.455,2,919667,800,773780,-1
35504.474,2,920399,250,772200,1
35504.475,2,920402,250,775160,-1
35504.505,1,922034,250,772600,1
35504.508,1,922036,250,775560,-1
35504.893,1,922298,800,773680,-1
35511.525,4,922034,250,772600,1
35511.883,2,922036,250,775560,-1
35511.943,1,926195,500,772000,1
35511.945,1,926196,250,774160,-1
35512.15,2,926196,250,774160,-1
35512.306,1,926361,500,774160,-1
35512.595,2,926195,500,772000,1
35512.626,1,926525,250,772000,1
35512.634,2,804508,300,776000,-1
35512.693,2,926525,250,772000,1
35512.725,1,926580,500,772000,1
35512.821,2,921952,800,771620,1
35512.823,2,922298,800,773680,-1
35512.885,2,926580,500,772000,1
35512.915,1,926692,250,772000,1
35512.923,1,926694,800,771520,1
35512.933,1,926699,500,773890,-1
35513.422,2,926692,250,772000,1
35513.424,2,926361,500,774160,-1
35513.458,1,926931,500,771600,1
35513.459,1,926934,250,773760,-1
35513.513,1,926984,800,773580,-1
35514.235,2,909397,600,770300,1
35514.254,1,927400,400,770200,1
35514.27,2,926694,800,771520,1
35514.273,2,926984,800,773580,-1
35514.3,1,927431,800,771420,1
35514.626,2,926934,250,773760,-1
35514.657,1,927704,500,773760,-1
35514.768,2,927704,500,773760,-1
35514.802,1,927781,250,773760,-1
35514.877,1,927837,800,773480,-1
35515.561,2,927431,800,771420,1
35515.565,2,927837,800,773480,-1
35515.724,1,928317,800,771320,1
35516.276,1,928609,800,773380,-1
35516.297,2,926699,500,773890,-1
35517.304,2,928609,800,773380,-1
35517.307,2,928317,800,771320,1
35517.332,1,929282,800,771120,1
35517.739,1,929590,500,773590,-1
35517.822,2,929282,800,771120,1
35517.881,1,929708,800,771020,1
35518.443,1,930151,800,773080,-1
35518.597,2,902743,100,771600,1
35518.773,2,927781,250,773760,-1
35518.803,1,930501,500,773760,-1
35518.993,2,930501,500,773760,-1
35519.033,1,930679,250,773760,-1
35519.295,2,930679,250,773760,-1
35519.327,1,930915,500,773760,-1
35520.137,2,929590,500,773590,-1
35520.496,2,930915,500,773760,-1
35520.528,1,931763,250,773760,-1
35520.553,2,931763,250,773760,-1
35520.585,1,931803,500,773760,-1
35520.787,1,931928,1000,771900,1
35520.952,2,931928,1000,771900,1
35521.024,2,931803,500,773760,-1
35521.055,1,932103,250,773760,-1
35521.575,2,919564,600,777500,-1
35521.579,2,927400,400,770200,1
35521.582,1,932452,400,774700,-1
35521.588,1,932461,600,764300,1
35521.845,2,929708,800,771020,1
35521.848,2,930151,800,773080,-1
35521.863,1,932669,500,773390,-1
35521.871,1,932677,800,772880,-1
35522.253,2,932669,500,773390,-1
35522.378,1,933081,500,773290,-1
35522.427,1,933109,800,770820,1
35522.614,2,932103,250,773760,-1
35522.648,1,933284,500,773760,-1
35522.809,1,933410,300,772600,-1
35523.794,1,934105,30,769000,1
35524.299,2,933284,500,773760,-1
35524.33,1,934399,250,773760,-1
35524.554,2,914972,100,100,1
35524.702,1,934639,100,100,1
35525.04,2,934399,250,773760,-1
35525.08,1,934889,500,774160,-1
35525.09,2,934889,500,774160,-1
35525.124,1,934921,250,773760,-1
35526.644,2,933109,800,770820,1
35526.647,2,932677,800,772880,-1
35526.8,2,933081,500,773290,-1
35526.852,1,935893,800,771120,1
35527.404,2,935893,800,771120,1
35527.411,1,936340,800,772980,-1
35527.423,1,936351,500,773290,-1
35527.879,2,933410,300,772600,-1
35527.923,1,936687,800,770920,1
35528.095,2,926931,500,771600,1
35528.097,2,934921,250,773760,-1
35528.129,1,936844,250,772000,1
35528.131,1,936845,500,774160,-1
35528.161,2,936844,250,772000,1
35528.253,1,936952,250,770600,1
35528.373,2,936952,250,770600,1
35528.414,1,937094,500,770200,1
35529.008,2,937094,500,770200,1
35529.038,1,937613,250,770600,1
35529.534,2,937613,250,770600,1
35529.536,2,936845,500,774160,-1
35529.565,1,938000,500,770200,1
35529.568,1,938002,500,773760,-1
35530.451,1,938631,1000,772600,-1
35530.63,2,938631,1000,772600,-1
35530.859,2,901060,500,773090,-1
35531.059,1,939088,700,772900,-1
35531.076,1,939106,100,9999990,-1
35531.466,2,936351,500,773290,-1
35531.612,1,939395,500,773190,-1
35531.755,2,939395,500,773190,-1
35532.187,1,939702,500,773190,-1
35532.455,2,939702,500,773190,-1
35532.467,2,936687,800,770920,1
35532.47,2,936340,800,772980,-1
35532.785,1,940141,800,772780,-1
35532.934,1,940237,500,773090,-1
35533.118,2,939088,700,772900,-1
35533.331,1,940491,800,770720,1
35533.597,2,891748,300,773400,-1
35533.636,1,940675,100,773000,-1
35533.895,2,940491,800,770720,1
35533.899,2,940141,800,772780,-1
35534.02,1,940986,800,772880,-1
35534.673,1,941422,800,770820,1
35535.721,2,932452,400,774700,-1
35535.742,1,942005,400,774000,-1
35535.766,2,940237,500,773090,-1
35535.78,2,940986,800,772880,-1
35535.782,2,941422,800,770820,1
35535.802,1,942057,800,771020,1
35535.928,1,942159,500,773090,-1
35536.026,2,942057,800,771020,1
35536.068,2,942159,500,773090,-1
35536.386,1,942462,800,773080,-1
35536.47,1,942497,500,773190,-1
35536.889,2,942462,800,773080,-1
35537.001,1,942841,800,773180,-1
35537.399,2,938000,500,770200,1
35537.401,2,938002,500,773760,-1
35537.429,2,934639,100,100,1
35537.43,1,943091,500,769800,1
35537.433,1,943095,500,773360,-1
35537.517,1,943155,500,772010,1
35537.621,1,943236,800,771120,1
35537.773,1,943371,500,772100,1
35538.461,2,943236,800,771120,1
35538.463,2,942841,800,773180,-1
35538.578,1,944094,800,773280,-1
35539.127,1,944398,800,771220,1
35539.188,5,944165,300,772800,-1
35539.457,2,944398,800,771220,1
35539.46,2,944094,800,773280,-1
35539.673,2,942497,500,773190,-1
35539.685,1,944679,800,771320,1
35539.791,1,944770,500,773290,-1
35540.183,2,943095,500,773360,-1
35540.216,1,945055,250,773360,-1
35540.269,1,945118,800,773380,-1
35540.346,1,945194,500,772600,1
35540.485,4,945194,500,772600,1
35540.818,2,940675,100,773000,-1
35541.044,2,944679,800,771320,1
35541.048,2,945118,800,773380,-1
35541.152,1,945720,800,773480,-1
35541.489,2,943371,500,772100,1
35541.534,1,945920,100,773500,-1
35541.73,1,946020,800,771420,1
35541.828,2,943091,500,769800,1
35541.829,2,945055,250,773360,-1
35541.859,1,946071,250,770200,1
35541.862,1,946074,500,773760,-1
35542.514,2,944770,500,773290,-1
35542.73,1,946529,500,773190,-1
35542.784,2,946529,500,773190,-1
35542.817,2,946071,250,770200,1
35542.849,1,946615,500,770200,1
35543.304,1,946910,500,773190,-1
35545.103,2,943155,500,772010,1
35545.177,2,946910,500,773190,-1
35545.28,1,947819,500,773290,-1
35545.302,1,947845,400,772010,1
35545.372,2,947819,500,773290,-1
35545.429,2,946020,800,771420,1
35545.435,2,945720,800,773480,-1
35545.517,1,947993,800,773780,-1
35545.872,1,948219,500,773490,-1
35546.097,1,948348,800,771720,1
35546.2,2,948219,500,773490,-1
35546.236,2,947845,400,772010,1
35546.419,1,948543,500,773390,-1
35546.478,1,948578,500,772110,1
35546.564,1,948614,1000,772600,1
35546.94,2,948614,1000,772600,1
35547.389,1,949029,1000,772600,1
35547.606,2,949029,1000,772600,1
35549.24,1,949967,700,772700,1
35550.521,2,939106,100,9999990,-1
35550.744,1,950620,100,9999990,-1
35553.574,2,945920,100,773500,-1
35554.091,2,948543,500,773390,-1
35554.2,1,952251,500,773490,-1
35554.357,2,949967,700,772700,1
35554.408,2,952251,500,773490,-1
35554.624,2,946615,500,770200,1
35554.626,2,946074,500,773760,-1
35554.655,1,952486,500,770600,1
35554.658,1,952488,500,774160,-1
35554.755,1,952559,500,773390,-1
35555.25,2,952486,500,770600,1
35555.282,1,952938,500,770200,1
35555.331,2,952488,500,774160,-1
35555.369,1,953036,250,773760,-1
35555.444,2,952938,500,770200,1
35555.445,2,953036,250,773760,-1
35555.477,1,953117,250,770600,1
35555.48,1,953122,500,774160,-1
35555.519,2,947993,800,773780,-1
35555.643,1,953247,800,773780,-1
35555.763,2,953117,250,770600,1
35555.795,1,953362,500,770600,1
35556.099,2,948348,800,771720,1
35556.23,1,953643,800,771720,1
35557.057,2,950620,100,9999990,-1
35557.061,2,948578,500,772110,1
35557.247,1,954217,100,9999990,-1
35557.25,1,954218,300,772310,1
35558.12,2,954217,100,9999990,-1
35558.122,2,954218,300,772310,1
35558.332,1,954683,200,773690,-1
35558.334,1,954684,500,772510,1
35558.953,2,953643,800,771720,1
35558.955,2,953247,800,773780,-1
35559.053,1,954953,800,773880,-1
35559.441,1,955112,1000,773000,1
35559.606,1,955186,800,771820,1
35560.436,2,952559,500,773390,-1
35560.551,1,955618,500,773490,-1
35560.561,2,955186,800,771820,1
35560.562,2,954953,800,773880,-1
35560.673,1,955683,800,773980,-1
35560.795,2,955112,1000,773000,1
35561.22,1,955945,800,771920,1
35561.502,2,955618,500,773490,-1
35561.536,2,955945,800,771920,1
35561.538,2,955683,800,773980,-1
35561.543,1,956114,500,773690,-1
35561.836,1,956276,800,772120,1
35562.478,1,956644,1000,773000,1
35563.474,2,932461,600,764300,1
35563.478,1,957208,600,767300,1
35563.614,2,956114,500,773690,-1
35563.715,1,957382,500,773590,-1
35564.72,2,956276,800,772120,1
35564.765,1,957952,800,773980,-1
35564.811,2,957382,500,773590,-1
35564.918,1,958076,500,773490,-1
35565.123,2,958076,500,773490,-1
35565.328,1,958380,800,771920,1
35565.464,1,958465,500,773490,-1
35565.478,2,956644,1000,773000,1
35566.854,2,954683,200,773690,-1
35566.857,2,954684,500,772510,1
35566.988,1,959354,500,773890,-1
35566.99,1,959355,200,772710,1
35567.105,2,958380,800,771920,1
35567.108,2,958465,500,773490,-1
35567.112,2,957952,800,773980,-1
35567.213,1,959475,500,773390,-1
35567.269,1,959502,800,774080,-1
35567.829,1,959868,800,772020,1
35569.882,2,959868,800,772020,1
35569.884,2,959502,800,774080,-1
35569.996,2,959354,500,773890,-1
35570.082,1,961225,800,772120,1
35570.179,1,961282,100,9999990,-1
35570.393,2,953362,500,770600,1
35570.427,1,961431,250,770600,1
35570.582,2,961431,250,770600,1
35570.618,1,961569,500,770200,1
35570.648,2,953122,500,774160,-1
35570.681,1,961630,250,773760,-1
35570.855,2,961630,250,773760,-1
35570.888,1,961803,500,773760,-1
35570.966,1,961847,800,774180,-1
35572.333,2,961569,500,770200,1
35572.365,1,962798,250,770200,1
35574.271,2,959475,500,773390,-1
35574.309,2,961225,800,772120,1
35574.32,2,961847,800,774180,-1
35574.327,1,963963,800,773980,-1
35574.355,1,963989,500,773190,-1
35574.869,1,964369,800,771920,1
35575.269,2,942005,400,774000,-1
35575.298,1,964643,400,773700,-1
35575.447,2,961282,100,9999990,-1
35575.639,1,964878,100,9999990,-1
35575.642,2,962798,250,770200,1
35575.644,2,961803,500,773760,-1
35576.119,1,965293,500,769800,1
35576.121,1,965294,250,773360,-1
35576.527,4,963989,100,773190,-1
35577.555,4,963989,400,773190,-1
35577.555,4,965294,100,773360,-1
35577.824,1,966441,500,773400,-1
35577.852,2,965293,500,769800,1
35577.854,2,965294,150,773360,-1
35577.887,1,966480,250,771800,1
35578.578,2,966441,500,773400,-1
35578.64,1,966938,500,774000,-1
35578.702,2,964369,800,771920,1
35578.707,2,963963,800,773980,-1
35578.767,1,967042,800,774000,-1
35578.871,1,967105,1000,774000,-1
35579.049,2,964643,400,773700,-1
35579.053,1,967225,400,773900,-1
35579.159,1,967294,800,771720,1
35579.63,2,967294,800,771720,1
35579.632,2,967042,800,774000,-1
35579.778,1,967749,800,773880,-1
35579.846,1,967799,200,774200,-1
35580.159,2,966938,500,774000,-1
35580.357,1,968119,800,771820,1
35580.95,2,968119,800,771820,1
35580.952,2,967749,800,773880,-1
35581.068,1,968561,800,773980,-1
35581.584,1,968829,800,771920,1
35581.746,2,964878,100,9999990,-1
35581.921,1,969010,100,9999990,-1
35582.311,1,969214,500,773360,-1
35582.69,2,967105,1000,774000,-1
35582.837,2,969214,500,773360,-1
35582.914,1,969599,500,773360,-1
35582.92,2,968829,800,771920,1
35582.922,2,968561,800,773980,-1
35582.949,1,969639,800,772220,1
35583.17,2,969599,500,773360,-1
35583.235,2,969639,800,772220,1
35583.404,1,969930,500,773360,-1
35583.454,1,969973,800,774180,-1
35583.537,1,970051,1000,774000,-1
35583.58,2,969973,800,774180,-1
35583.723,2,970051,1000,774000,-1
35584.017,1,970341,800,772220,1
35584.39,2,970341,800,772220,1
35584.617,1,970690,800,774180,-1
35585.156,1,970944,800,772120,1
35585.305,2,959355,200,772710,1
35585.394,1,971080,100,772710,1
35586.316,2,969930,500,773360,-1
35587.083,2,970944,800,772120,1
35587.084,2,970690,800,774180,-1
35587.231,1,972014,800,774280,-1
35587.773,1,972277,800,772220,1
35588.075,2,967225,400,773900,-1
35588.098,1,972415,400,774000,-1
35588.545,1,972600,100,773290,-1
35589.56,2,971080,100,772710,1
35589.753,1,973226,500,772510,1
35590.074,2,972600,100,773290,-1
35590.183,1,973458,100,773390,-1
35590.474,2,972277,800,772220,1
35590.477,2,972014,800,774280,-1
35590.58,1,973685,800,772120,1
35591.144,1,973938,800,774180,-1
35593.89,1,975584,1000,772800,1
35593.932,2,972415,400,774000,-1
35593.936,2,957208,600,767300,1
35593.96,1,975618,600,776100,-1
35593.964,1,975619,400,770600,1
35594.335,2,966480,250,771800,1
35594.339,1,975849,250,773010,-1
35594.368,2,973685,800,772120,1
35594.372,2,973938,800,774180,-1
35594.372,1,975886,250,771400,1
35594.382,1,975899,800,773880,-1
35594.456,2,973458,100,773390,-1
35594.461,1,975977,100,773090,-1
35594.814,1,976293,800,771820,1
35596.101,2,973226,500,772510,1
35596.29,1,977302,100,100,1
35596.819,4,975584,500,772800,1
35597.012,2,975886,250,771400,1
35597.015,2,975849,250,773010,-1
35597.046,1,977917,250,771000,1
35597.051,1,977922,250,773010,-1
35597.084,2,977917,250,771000,1
35597.118,1,977999,250,770600,1
35597.535,2,977922,250,773010,-1
35597.567,1,978509,250,773010,-1
35597.997,2,975977,100,773090,-1
35598.003,1,979109,100,772890,-1
35598.412,2,977999,250,770600,1
35598.414,2,978509,250,773010,-1
35598.444,1,979689,250,770200,1
35598.446,1,979692,250,773010,-1
35598.621,2,976293,800,771820,1
35598.63,2,975899,800,773880,-1
35598.771,1,980103,800,773680,-1
35598.8,2,979109,100,772890,-1
35598.806,4,975584,100,772800,1
35599.137,1,980535,800,771620,1
35599.479,2,980103,800,773680,-1
35599.587,2,979692,250,773010,-1
35599.83,5,981127,200,772850,1
35600.014,1,981628,250,772810,-1
35600.069,1,981704,800,773680,-1
35600.108,2,981628,250,772810,-1
35600.146,1,981802,250,772810,-1
35600.254,2,980535,800,771620,1
35600.408,2,981802,250,772810,-1
35600.442,1,982251,250,772810,-1
35600.454,2,982251,250,772810,-1
35600.491,1,982319,250,772810,-1
35600.5,2,979689,250,770200,1
35600.503,2,982319,250,772810,-1
35600.604,2,975619,400,770600,1
35600.634,1,982534,600,767200,1
35600.665,1,982567,500,770200,1
35600.667,1,982572,250,773160,-1
35600.671,2,982567,500,770200,1
35600.672,2,982572,250,773160,-1
35600.701,1,982632,250,770600,1
35600.703,1,982637,250,773560,-1
35600.822,2,981704,800,773680,-1
35600.896,1,982856,800,773480,-1
35600.919,2,977302,100,100,1
35601.143,1,983126,500,772510,1
35601.434,1,983502,800,771420,1
35601.538,1,983656,100,773500,-1
35601.57,2,982632,250,770600,1
35601.603,1,983736,500,770600,1
35601.769,1,983940,1000,773100,-1
35602.13,2,983502,800,771420,1
35602.133,2,982856,800,773480,-1
35602.246,1,984441,800,771520,1
35602.739,2,983126,500,772510,1
35602.931,1,985082,100,100,1
35603.451,2,983736,500,770600,1
35603.481,1,985572,250,770600,1
35603.545,2,985572,250,770600,1
35603.576,1,985665,500,770600,1
35604.328,2,985665,500,770600,1
35604.337,2,975618,600,776100,-1
35604.362,1,986340,250,770600,1
35604.385,1,986379,200,773900,-1
35604.419,2,986340,250,770600,1
35604.453,1,986461,500,770600,1
35604.821,2,986461,500,770600,1
35604.853,1,986881,250,770600,1
35604.886,4,975584,400,772800,1
35605.37,1,987343,500,772700,-1
35605.66,2,986881,250,770600,1
35605.662,2,982637,250,773560,-1
35605.692,1,987632,500,770200,1
35605.696,1,987635,250,773160,-1
35605.705,2,984441,800,771520,1
35605.72,1,987668,800,773380,-1
35606.004,1,987941,1000,772800,-1
35606.18,1,988102,800,771320,1
35607.037,1,988919,100,773000,-1
35607.064,2,967799,200,774200,-1
35608.231,2,985082,100,100,1
35608.437,1,990033,100,100,1
35609.098,2,987632,500,770200,1
35609.102,2,987635,250,773160,-1
35609.134,1,990636,250,770600,1
35609.138,1,990641,250,773560,-1
35610.151,2,987668,800,773380,-1
35610.155,2,988102,800,771320,1
35610.211,2,982534,600,767200,1
35610.264,1,991608,800,771220,1
35610.273,1,991623,600,759600,1
35610.287,2,990033,100,100,1
35610.294,2,969010,100,9999990,-1
35610.299,2,990636,250,770600,1
35610.331,1,991681,500,770600,1
35610.423,2,991681,500,770600,1
35610.448,1,991795,100,100,1
35610.451,1,991799,100,9999990,-1
35610.454,1,991806,250,770600,1
35611.216,2,987941,1000,772800,-1
35611.758,2,991806,250,770600,1
35611.791,1,992861,500,770600,1
35612.004,2,992861,500,770600,1
35612.034,1,993058,250,770600,1
35612.136,2,993058,250,770600,1
35612.137,2,990641,250,773560,-1
35612.169,1,993143,500,770200,1
35612.173,1,993147,250,773160,-1
35612.628,2,991608,800,771220,1
35612.754,1,993655,800,771320,1
35613.225,2,993147,250,773160,-1
35613.257,1,994141,250,773560,-1
35613.948,2,993143,500,770200,1
35613.979,1,994734,250,770600,1
35614.541,2,993655,800,771320,1
35614.627,1,995284,800,773080,-1
35614.834,2,994734,250,770600,1
35614.836,2,994141,250,773560,-1
35614.873,1,995534,500,770200,1
35614.876,1,995535,250,773160,-1
35614.987,2,995284,800,773080,-1
35615.083,1,995759,800,771120,1
35615.628,1,996250,1000,772800,-1
35615.628,2,983940,1000,773100,-1
35616.713,2,995534,500,770200,1
35616.745,1,997262,250,770200,1
35616.864,2,997262,250,770200,1
35616.867,2,995535,250,773160,-1
35616.895,1,997379,500,769800,1
35616.9,1,997384,250,772760,-1
35617.164,2,995759,800,771120,1
35617.176,1,997636,800,771320,1
35617.402,2,997636,800,771320,1
35617.414,2,996250,1000,772800,-1
35617.712,1,998119,1000,772800,-1
35617.742,1,998160,800,771420,1
35618.633,2,997384,250,772760,-1
35618.665,1,998933,250,773160,-1
35618.758,2,998933,250,773160,-1
35618.768,1,999046,1000,772700,-1
35618.794,1,999083,250,772760,-1
35618.799,2,987343,500,772700,-1
35618.818,2,997379,500,769800,1
35618.821,2,999083,250,772760,-1
35618.838,2,998119,1000,772800,-1
35618.853,1,999156,250,770200,1
35618.856,1,999160,250,773160,-1
35618.966,1,999304,800,773480,-1
35619.012,2,999046,1000,772700,-1
35619.142,2,999156,250,770200,1
35619.178,1,999500,500,770200,1
35620.284,2,999500,500,770200,1
35620.315,1,1000525,250,770200,1
35620.386,2,1000525,250,770200,1
35620.416,1,1000603,500,770200,1
35620.615,2,983656,100,773500,-1
35621.006,2,998160,800,771420,1
35621.009,2,999304,800,773480,-1
35621.218,1,1001238,800,771520,1
35621.99,2,1001238,800,771520,1
35622.136,1,1002036,800,771720,1
35622.48,1,1002302,800,773780,-1
35622.742,2,1002036,800,771720,1
35622.747,2,1002302,800,773780,-1
35623.026,1,1002847,800,773580,-1
35623.254,2,991623,600,759600,1
35623.265,1,1003042,600,764300,1
35623.613,1,1003374,800,771520,1
35624.039,2,988919,100,773000,-1
35625.474,2,1003374,800,771520,1
35625.476,2,1002847,800,773580,-1
35625.672,1,1005004,800,771620,1
35626.281,1,1005460,800,773680,-1
35627.809,2,1005004,800,771620,1
35627.812,2,1005460,800,773680,-1
35627.826,1,1006702,800,773880,-1
35628.079,2,1006702,800,773880,-1
35628.267,1,1007134,800,771920,1
35628.836,1,1007569,800,773980,-1
35632.74,2,991795,100,100,1
35632.995,1,1010441,100,100,1
35634.99,2,1010441,100,100,1
35635.19,1,1011864,500,771810,1
35635.215,2,1007134,800,771920,1
35635.216,2,1007569,800,773980,-1
35635.298,1,1011925,800,771820,1
35635.815,1,1012225,800,773880,-1
35636.202,2,1000603,500,770200,1
35636.203,2,999160,250,773160,-1
35636.239,1,1012480,250,770600,1
35636.243,1,1012483,250,773560,-1
35636.287,2,1012480,250,770600,1
35636.29,2,1012483,250,773560,-1
35636.319,1,1012548,500,770200,1
35636.323,1,1012552,250,773160,-1
35636.416,2,1012548,500,770200,1
35636.418,2,1012552,250,773160,-1
35636.448,1,1012692,250,770600,1
35636.45,1,1012693,250,773560,-1
35636.585,2,1012692,250,770600,1
35636.612,2,1003042,600,764300,1
35636.617,1,1012876,500,770600,1
35636.623,1,1012883,600,767000,1
35637.078,2,1012225,800,773880,-1
35637.092,2,1011925,800,771820,1
35637.233,1,1013377,800,772120,1
35637.689,1,1013759,800,774180,-1
35638.161,1,1014152,400,772000,1
35640.57,2,1011864,500,771810,1
35640.82,1,1016266,200,771810,1
35643.272,2,1013377,800,772120,1
35643.276,2,1013759,800,774180,-1
35643.376,1,1018156,800,772020,1
35643.922,1,1018485,800,774080,-1
35644.37,1,1018801,100,760000,1
35644.805,2,1012876,500,770600,1
35644.823,2,986379,200,773900,-1
35644.839,1,1019188,250,770600,1
35644.853,1,1019194,400,774000,-1
35645.001,2,1019188,250,770600,1
35645.003,2,1012693,250,773560,-1
35645.033,1,1019331,500,770200,1
35645.037,1,1019334,250,773160,-1
35645.182,2,991799,100,9999990,-1
35645.306,2,1012883,600,767000,1
35645.343,1,1019616,100,9999990,-1
35645.351,1,1019629,600,769000,1
35645.863,2,1018156,800,772020,1
35645.868,2,1018485,800,774080,-1
35645.884,1,1020126,800,773880,-1
35646.211,2,1020126,800,773880,-1
35646.271,2,1016266,200,771810,1
35646.38,1,1020613,800,771720,1
35646.465,1,1020681,100,100,1
35646.953,1,1021104,800,773780,-1
35649.593,2,1019331,500,770200,1
35649.625,1,1022868,250,770200,1
35649.714,2,1022868,250,770200,1
35649.747,1,1022951,500,770200,1
35650.542,2,1022951,500,770200,1
35650.574,1,1023545,250,770200,1
35650.608,2,1020613,800,771720,1
35650.614,2,1021104,800,773780,-1
35650.618,1,1023577,800,771920,1
35651.173,1,1023949,800,773980,-1
35651.212,2,1023545,250,770200,1
35651.243,1,1023992,500,770200,1
35651.639,2,1023992,500,770200,1
35651.67,1,1024282,250,770200,1
35653.945,2,1024282,250,770200,1
35653.947,2,1019334,250,773160,-1
35653.993,1,1025581,500,769800,1
35653.997,1,1025586,250,772760,-1
35654.16,2,1025581,500,769800,1
35654.162,2,1025586,250,772760,-1
35654.193,1,1025729,500,770200,1
35654.198,1,1025736,250,773160,-1
35654.249,2,1019194,400,774000,-1
35654.265,1,1025800,400,774200,-1
35654.352,2,1023577,800,771920,1
35654.354,2,1023949,800,773980,-1
