34205.533,2,126403,400,777500,1
34219.26,2,96885,100,787300,-1
34219.267,2,96886,100,850000,-1
34222.197,2,97987,300,1000000,-1
34226.626,2,99846,300,784100,-1
34234.997,1,153295,300,786100,-1
34267.638,2,112589,400,771100,1
34267.655,1,169995,400,773100,1
34270.283,1,171638,1000,781600,-1
34270.362,2,171638,1000,781600,-1
34272.067,2,153295,300,786100,-1
34297.109,1,185570,300,787500,-1
34373.628,2,96854,500,776500,1
34373.745,2,99858,300,771500,1
34374.151,1,219370,500,779500,1
34381.185,1,221932,300,780500,1
34412.374,1,242170,300,773100,1
34460.455,1,271097,1,100,1
34462.626,2,271097,1,100,1
34462.869,1,272531,100,781910,1
34469.491,1,276834,1,9999900,-1
34470.122,2,276834,1,9999900,-1
34470.434,1,277430,100,782590,-1
34471.123,2,272531,100,781910,1
34471.29,1,277960,100,782210,1
34474.916,1,280370,800,783580,-1
34475.42,1,280714,800,781520,1
34475.592,2,280714,800,781520,1
34475.595,2,280370,800,783580,-1
34475.999,1,281088,800,781720,1
34476.548,1,281441,800,783780,-1
34477.902,2,281088,800,781720,1
34477.911,2,281441,800,783780,-1
34477.983,1,282398,800,781520,1
34478.518,1,282748,800,783580,-1
34480.056,2,282398,800,781520,1
34480.058,2,282748,800,783580,-1
34480.173,1,283894,800,783480,-1
34480.311,2,283894,800,783480,-1
34480.718,1,284296,800,783280,-1
34481.154,2,284296,800,783280,-1
34481.264,1,284675,800,781520,1
34481.499,2,284675,800,781520,1
34481.822,1,285080,800,783080,-1
34482.358,1,285519,800,781020,1
34485.321,2,285519,800,781020,1
34485.323,2,285080,800,783080,-1
34485.421,1,287794,800,783180,-1
34485.97,1,288112,800,781120,1
34486.842,2,288112,800,781120,1
34486.849,2,287794,800,783180,-1
34486.856,1,288675,800,783380,-1
34487.098,2,288675,800,783380,-1
34487.399,1,289079,800,783280,-1
34487.529,2,289079,800,783280,-1
34487.936,1,289463,800,783380,-1
34488.216,2,289463,800,783380,-1
34488.491,1,289841,800,783180,-1
34489.03,1,290232,800,781120,1
34489.68,2,290232,800,781120,1
34489.682,2,289841,800,783180,-1
34489.716,1,290681,800,783380,-1
34490.252,1,291046,800,781320,1
34490.439,2,277430,100,782590,-1
34490.642,1,291274,100,9999990,-1
34490.707,2,291046,800,781320,1
34490.709,2,290681,800,783380,-1
34490.798,1,291367,800,783480,-1
34491.342,1,291724,800,781420,1
34491.634,2,291724,800,781420,1
34491.636,2,291367,800,783480,-1
34491.889,1,292037,800,783580,-1
34492.436,1,292389,800,781520,1
34492.692,2,292389,800,781520,1
34492.696,2,292037,800,783580,-1
34492.995,1,292747,800,783680,-1
34493.436,2,292747,800,783680,-1
34493.533,1,293083,800,783480,-1
34493.539,2,185570,300,787500,-1
34494.08,1,293477,800,781420,1
34495.071,2,293477,800,781420,1
34495.073,2,293083,800,783480,-1
34495.188,1,294343,800,783580,-1
34497.817,2,294343,800,783580,-1
34500.536,1,297697,1000,783300,-1
34502.214,2,297697,1000,783300,-1
34504.877,1,300464,1000,783300,-1
34505.065,2,291274,100,9999990,-1
34505.279,1,300721,100,9999990,-1
34505.863,2,300464,1000,783300,-1
34505.864,2,300721,100,9999990,-1
34505.867,2,277960,100,782210,1
34506.019,1,301329,100,9999990,-1
34506.12,1,301401,100,782410,1
34506.414,1,301616,1000,783300,-1
34507.508,2,301616,1000,783300,-1
34507.853,1,302721,1000,783300,-1
34508.859,2,302721,1000,783300,-1
34509.0,2,301329,100,9999990,-1
34509.004,2,301401,100,782410,1
34509.261,1,303816,100,9999990,-1
34509.264,1,303819,100,782910,1
34515.426,2,303816,100,9999990,-1
34515.689,1,308324,300,793500,-1
34515.708,1,308330,100,9999990,-1
34516.419,2,308324,300,793500,-1
34529.292,2,303819,100,782910,1
34529.455,1,316957,100,782710,1
34530.406,2,308330,100,9999990,-1
34530.649,1,317642,100,9999990,-1
34531.283,2,317642,100,9999990,-1
34531.441,1,318076,100,9999990,-1
34532.385,1,318616,300,793300,-1
34532.992,2,318616,300,793300,-1
34533.513,2,318076,100,9999990,-1
34533.79,1,319570,100,783300,-1
34536.039,2,319570,100,783300,-1
34536.248,1,320972,100,784990,-1
34546.89,2,320972,100,784990,-1
34547.169,1,327327,100,9999990,-1
34547.656,1,327679,300,792900,-1
34548.373,2,316957,100,782710,1
34548.676,1,328333,100,100,1
34551.317,1,330252,200,783000,-1
34551.933,2,327679,300,792900,-1
34554.037,2,327327,100,9999990,-1
34554.324,1,332466,100,782690,-1
34555.409,2,330252,200,783000,-1
34559.711,1,335976,300,792800,-1
34561.193,2,221932,300,780500,1
34565.704,1,339894,800,781620,1
34566.249,1,340178,800,783680,-1
34567.013,2,332466,100,782690,-1
34567.292,1,340827,100,9999990,-1
34567.467,2,335976,300,792800,-1
34568.17,1,341386,300,792700,-1
34569.663,2,339894,800,781620,1
34569.665,2,340178,800,783680,-1
34569.766,1,342661,800,783780,-1
34570.331,1,343066,800,781720,1
34571.081,2,343066,800,781720,1
34571.087,2,342661,800,783780,-1
34571.186,1,343757,800,783980,-1
34571.294,2,343757,800,783980,-1
34571.316,2,340827,100,9999990,-1
34571.566,1,344081,100,9999990,-1
34571.625,1,344139,800,783980,-1
34571.685,2,344139,800,783980,-1
34572.185,1,344548,800,782020,1
34572.718,1,344971,800,784080,-1
34573.553,2,344548,800,782020,1
34573.557,2,344971,800,784080,-1
34573.623,1,345619,800,782220,1
34574.145,1,346028,800,784280,-1
34577.103,2,345619,800,782220,1
34577.108,2,346028,800,784280,-1
34577.136,1,348348,800,782420,1
34577.641,1,348927,800,784480,-1
34580.179,2,348348,800,782420,1
34580.181,2,348927,800,784480,-1
34580.289,1,350941,800,782320,1
34580.833,1,351336,800,784380,-1
34584.008,2,350941,800,782320,1
34584.011,2,351336,800,784380,-1
34584.107,1,353653,800,782220,1
34584.655,1,353985,800,784280,-1
34585.137,2,344081,100,9999990,-1
34585.14,2,328333,100,100,1
34585.431,1,354489,100,9999990,-1
34585.436,1,354493,100,782510,1
34589.163,2,353653,800,782220,1
34589.165,2,353985,800,784280,-1
34589.264,1,356675,800,782120,1
34589.464,2,356675,800,782120,1
34589.687,2,354489,100,9999990,-1
34589.812,1,357005,800,782220,1
34589.861,1,357033,100,783790,-1
34590.358,1,357366,800,784280,-1
34595.741,2,357005,800,782220,1
34595.743,2,357366,800,784280,-1
34595.778,1,360723,800,784080,-1
34596.281,1,361111,800,782020,1
34599.317,2,354493,100,782510,1
34599.62,1,363262,100,783310,1
34600.132,2,361111,800,782020,1
34600.133,2,360723,800,784080,-1
34600.238,1,363615,800,784180,-1
34600.779,1,363874,800,782120,1
34601.441,2,363874,800,782120,1
34601.443,2,363615,800,784180,-1
34601.545,1,364166,800,784280,-1
34602.099,1,364449,800,782220,1
34603.194,2,364449,800,782220,1
34603.195,2,364166,800,784280,-1
34603.294,1,364996,800,784380,-1
34603.84,1,365297,800,782320,1
34605.562,2,365297,800,782320,1
34605.565,2,364996,800,784380,-1
34605.617,1,366245,800,784580,-1
34605.748,2,366245,800,784580,-1
34605.804,4,357033,100,783790,-1
34606.139,1,366653,800,784380,-1
34606.43,1,366878,100,784790,-1
34606.684,1,367056,800,782320,1
34608.001,2,367056,800,782320,1
34608.004,2,366653,800,784380,-1
34608.013,1,368096,800,784580,-1
34608.215,2,368096,800,784580,-1
34608.549,1,368499,800,784680,-1
34609.091,1,368901,800,782620,1
34609.25,2,368901,800,782620,1
34609.254,2,368499,800,784680,-1
34609.384,1,369168,800,784900,-1
34609.387,1,369174,800,781900,1
34609.672,1,369489,800,782820,1
34610.226,1,370053,800,784880,-1
34610.252,2,369168,800,784900,-1
34610.267,1,370094,800,785600,-1
34612.311,2,369489,800,782820,1
34612.314,2,370053,800,784880,-1
34612.404,1,371474,800,782720,1
34612.846,2,371474,800,782720,1
34613.005,1,371886,800,784680,-1
34613.176,2,371886,800,784680,-1
34613.509,1,372302,800,784580,-1
34614.044,1,372699,800,782520,1
34614.349,2,370094,800,785600,-1
34614.356,1,372916,800,786300,-1
34616.066,2,372699,800,782520,1
34616.069,2,372302,800,784580,-1
34616.174,2,369174,800,781900,1
34616.187,1,374139,800,784400,-1
34616.189,1,374142,400,782800,1
34616.669,1,374486,800,782320,1
34617.428,2,374486,800,782320,1
34617.431,2,374139,800,784400,-1
34617.442,1,374944,800,782520,1
34617.984,1,375295,800,784580,-1
34618.064,2,366878,100,784790,-1
34618.73,1,375745,100,9999990,-1
34618.87,1,375803,500,784000,-1
34619.86,2,374944,800,782520,1
34619.864,2,375295,800,784580,-1
34619.871,1,376261,800,784280,-1
34620.403,1,376588,800,782220,1
34621.327,2,375745,100,9999990,-1
34621.501,2,376588,800,782220,1
34621.504,2,376261,800,784280,-1
34621.612,1,377315,800,784380,-1
34621.707,1,377359,100,9999990,-1
34622.167,1,377622,800,782320,1
34624.378,2,377622,800,782320,1
34624.381,2,377315,800,784380,-1
34624.453,1,378795,800,784480,-1
34625.003,1,379071,800,782420,1
34626.138,2,379071,800,782420,1
34626.146,2,378795,800,784480,-1
34626.22,1,379810,800,784280,-1
34626.534,2,374142,400,782800,1
34626.544,1,380050,800,782600,1
34626.843,1,380242,800,782220,1
34627.631,2,372916,800,786300,-1
34627.632,2,380050,800,782600,1
34627.642,1,380771,800,785000,-1
34627.644,1,380773,800,782100,1
34630.885,2,380242,800,782220,1
34630.887,2,379810,800,784280,-1
34630.993,1,382889,800,784380,-1
34631.566,1,383160,800,782320,1
34632.213,2,377359,100,9999990,-1
34632.496,1,383635,100,9999990,-1
34634.789,2,380771,800,785000,-1
34634.791,2,380773,800,782100,1
34634.804,1,384965,800,784500,-1
34634.806,1,384966,800,781400,1
34635.144,1,385172,1000,783900,-1
34635.243,2,385172,1000,783900,-1
34636.434,2,383635,100,9999990,-1
34636.438,2,363262,100,783310,1
34636.526,2,383160,800,782320,1
34636.528,2,382889,800,784380,-1
34636.651,1,385960,800,784480,-1
34636.719,1,386000,100,9999990,-1
34636.721,1,386002,100,783810,1
34637.27,1,386287,800,782420,1
34637.841,2,386287,800,782420,1
34637.843,2,385960,800,784480,-1
34637.858,1,386754,800,782520,1
34638.009,1,386843,1000,784000,-1
34638.409,1,387049,800,784580,-1
34639.427,4,386002,100,783810,1
34639.639,2,386754,800,782520,1
34639.645,2,387049,800,784580,-1
34639.745,1,387745,100,782810,1
34639.757,1,387751,800,784680,-1
34640.326,1,388036,800,782620,1
34640.838,2,386000,100,9999990,-1
34641.312,1,388447,100,9999990,-1
34642.617,2,386843,1000,784000,-1
34642.877,1,389110,1000,784000,-1
34642.997,2,387745,100,782810,1
34643.19,1,389236,100,100,1
34645.076,2,388036,800,782620,1
34645.079,2,387751,800,784680,-1
34645.115,1,390188,800,784480,-1
34645.744,1,390584,800,782420,1
34646.023,1,390801,1000,783600,-1
34646.105,2,389110,1000,784000,-1
34646.295,2,384965,800,784500,-1
34646.301,1,391001,800,784300,-1
34646.487,1,391147,800,782320,1
34646.49,2,390584,800,782420,1
34646.491,2,390188,800,784480,-1
34646.887,2,391147,800,782320,1
34647.076,2,388447,100,9999990,-1
34647.076,1,391574,800,782620,1
34647.078,2,389236,100,100,1
34647.176,2,391574,800,782620,1
34647.398,1,391810,100,783690,-1
34647.401,1,391811,100,100,1
34647.631,1,391964,800,782520,1
34649.962,2,391811,100,100,1
34649.998,2,390801,1000,783600,-1
34650.001,2,391810,100,783690,-1
34650.097,1,393527,800,784580,-1
34650.104,2,391964,800,782520,1
34650.186,2,393527,800,784580,-1
34650.424,1,393740,1000,784000,-1
34650.446,1,393757,100,783310,1
34650.455,1,393767,100,785690,-1
34650.602,2,375803,500,784000,-1
34650.689,1,393930,800,782420,1
34651.378,1,394505,800,784480,-1
34651.573,2,393930,800,782420,1
34651.577,2,394505,800,784480,-1
34651.936,1,394964,800,782720,1
34652.233,2,394964,800,782720,1
34652.511,1,395460,800,782620,1
34653.132,1,396004,800,784680,-1
34653.158,2,391001,800,784300,-1
34653.161,1,396033,800,784600,-1
34653.67,2,396033,800,784600,-1
34653.671,2,384966,800,781400,1
34653.68,1,396417,800,785500,-1
34653.681,1,396420,800,782500,1
34653.826,2,393757,100,783310,1
34654.158,1,396760,100,100,1
34654.225,2,395460,800,782620,1
34654.226,2,396004,800,784680,-1
34654.326,1,396918,800,782820,1
34654.462,1,397026,1000,783600,-1
34654.552,2,393740,1000,784000,-1
34654.554,2,397026,1000,783600,-1
34654.904,1,397337,800,784880,-1
34656.356,2,393767,100,785690,-1
34656.394,2,396417,800,785500,-1
34656.4,1,398276,800,786200,-1
34656.736,1,398466,100,783600,-1
34657.038,2,396918,800,782820,1
34657.04,2,397337,800,784880,-1
34657.16,1,398694,800,782720,1
34657.767,1,399035,800,784780,-1
34658.498,2,398466,100,783600,-1
34658.686,1,399602,100,785590,-1
34660.112,2,396420,800,782500,1
34660.121,1,400415,400,783000,1
34661.049,2,398694,800,782720,1
34661.157,2,399035,800,784780,-1
34661.162,1,401136,800,782620,1
34661.313,2,396760,100,100,1
34661.579,1,401367,100,100,1
34661.67,1,401424,800,784680,-1
34663.073,2,401136,800,782620,1
34663.075,2,401424,800,784680,-1
34663.104,1,402236,800,782720,1
34663.31,2,402236,800,782720,1
34663.654,1,402631,800,782520,1
34663.803,2,402631,800,782520,1
34664.217,1,402991,800,782820,1
34664.644,2,402991,800,782820,1
34664.875,1,403410,800,782720,1
34665.448,1,403845,800,784780,-1
34665.74,2,398276,800,786200,-1
34665.743,1,404025,1100,787200,-1
34666.571,2,403410,800,782720,1
34666.575,2,403845,800,784780,-1
34666.58,1,404736,800,782920,1
34667.03,1,405066,800,784980,-1
34668.253,2,404736,800,782920,1
34668.256,2,405066,800,784980,-1
34668.353,1,406339,800,782820,1
34668.914,1,406753,800,784880,-1
34670.17,2,399602,100,785590,-1
34670.494,1,407741,100,9999990,-1
34670.99,2,406339,800,782820,1
34670.998,2,406753,800,784880,-1
34671.095,1,408099,800,782720,1
34671.646,1,408408,800,784780,-1
34672.665,2,404025,1100,787200,-1
34672.669,1,409036,1100,788600,-1
34674.157,2,408099,800,782720,1
34674.159,2,408408,800,784780,-1
34674.283,1,410130,800,782620,1
34674.664,2,410130,800,782620,1
34674.887,1,410599,800,782420,1
34675.484,1,411073,800,784480,-1
34675.82,2,410599,800,782420,1
34675.866,2,411073,800,784480,-1
34675.996,1,411494,800,782420,1
34676.533,1,411932,800,784480,-1
34677.849,2,407741,100,9999990,-1
34678.189,1,412987,100,9999990,-1
34680.802,2,411494,800,782420,1
34680.803,2,411932,800,784480,-1
34680.907,1,414689,800,784380,-1
34680.98,2,414689,800,784380,-1
34681.225,1,414941,800,782520,1
34681.508,2,414941,800,782520,1
34681.8,1,415350,800,784280,-1
34682.262,2,415350,800,784280,-1
34682.368,1,415758,800,782520,1
34682.879,1,416106,800,784580,-1
34685.242,2,400415,400,783000,1
34685.249,2,401367,100,100,1
34685.253,2,412987,100,9999990,-1
34685.264,1,417363,400,783300,1
34685.573,1,417551,100,100,1
34685.578,1,417557,100,9999990,-1
34689.908,2,415758,800,782520,1
34689.913,2,416106,800,784580,-1
34689.997,1,419717,800,782620,1
34690.006,1,419723,500,782610,1
34690.551,1,419986,500,784690,-1
34690.566,1,419994,800,784680,-1
34692.471,2,419717,800,782620,1
34692.473,2,419994,800,784680,-1
34692.579,1,421160,800,784580,-1
34693.154,1,421565,1000,784000,-1
34693.172,1,421577,800,782520,1
34693.268,2,421565,1000,784000,-1
34694.252,2,417363,400,783300,1
34694.27,1,422143,400,783400,1
34694.604,2,421577,800,782520,1
34694.606,2,421160,800,784580,-1
34694.737,1,422538,800,784680,-1
34694.883,2,419723,500,782610,1
34694.884,2,417557,100,9999990,-1
34694.898,2,419986,500,784690,-1
34694.909,1,422690,500,782710,1
34695.003,2,422690,500,782710,1
34695.242,1,422971,100,9999990,-1
34695.252,1,422978,800,782620,1
34695.347,1,423085,500,782610,1
34695.932,1,423573,500,784690,-1
34699.354,2,422143,400,783400,1
34699.356,1,425862,400,783300,1
34702.236,2,409036,1100,788600,-1
34702.25,1,427871,1100,787000,-1
34703.578,2,425862,400,783300,1
34703.586,1,428567,400,783100,1
34703.672,2,423085,500,782610,1
34703.682,2,423573,500,784690,-1
34703.819,1,428783,500,784590,-1
34703.841,2,422978,800,782620,1
34703.843,2,422538,800,784680,-1
34703.956,1,428857,800,784580,-1
34704.063,2,428783,500,784590,-1
34704.119,2,428857,800,784580,-1
34704.336,1,429059,500,784490,-1
34704.377,1,429087,800,784480,-1
34704.451,2,429059,500,784490,-1
34704.543,1,429179,200,784000,1
34704.887,1,429433,500,784590,-1
34704.973,1,429486,800,782420,1
34705.354,2,428567,400,783100,1
34705.357,1,429734,400,783000,1
34705.511,2,429486,800,782420,1
34705.514,2,429087,800,784480,-1
34705.517,1,429846,500,782510,1
34705.565,1,429877,800,784580,-1
34706.178,2,429846,500,782510,1
34706.182,2,429433,500,784590,-1
34706.279,1,430306,800,782520,1
34706.285,1,430308,500,782510,1
34706.303,5,429212,100,784040,1
34706.354,5,429212,100,784040,1
34706.355,2,430308,500,782510,1
34706.406,5,429212,200,784040,1
34706.407,2,429734,400,783000,1
34706.423,1,430375,400,782800,1
34706.703,2,422971,100,9999990,-1
34706.707,2,417551,100,100,1
34706.855,1,430594,500,784690,-1
34707.018,2,430306,800,782520,1
34707.023,2,429877,800,784580,-1
34707.043,1,430699,800,784680,-1
34707.072,1,430717,100,9999990,-1
34707.077,1,430720,100,100,1
34707.413,1,430886,500,782610,1
34707.496,2,430699,800,784680,-1
34707.516,1,430937,500,784100,-1
34707.632,1,431033,800,784880,-1
34707.898,2,431033,800,784880,-1
34707.941,2,430886,500,782610,1
34707.943,2,430594,500,784690,-1
34708.01,1,431344,500,784790,-1
34708.102,2,431344,500,784790,-1
34708.265,2,427871,1100,787000,-1
34708.269,1,431570,800,786200,-1
34708.287,1,431586,800,784880,-1
34708.359,2,431586,800,784880,-1
34708.556,1,431805,500,784690,-1
34708.682,4,430937,500,784100,-1
34708.919,1,432099,800,784980,-1
34709.124,1,432289,500,782610,1
34709.501,1,432554,800,782920,1
34710.066,2,430720,100,100,1
34710.07,2,430717,100,9999990,-1
34710.095,2,432289,500,782610,1
34710.097,2,431805,500,784690,-1
34710.214,1,433097,500,784790,-1
34710.545,2,433097,500,784790,-1
34710.548,1,433285,100,100,1
34710.552,1,433288,100,9999990,-1
34710.798,1,433449,500,784890,-1
34711.334,1,433860,500,782810,1
34712.1,2,430375,400,782800,1
34712.113,1,434343,800,782900,1
34712.744,2,433860,500,782810,1
34712.749,2,433449,500,784890,-1
34712.756,1,434753,500,784990,-1
34712.805,2,432554,800,782920,1
34712.81,2,432099,800,784980,-1
34712.816,1,434809,800,783220,1
34713.263,1,435102,500,782910,1
34713.342,1,435145,800,785280,-1
34714.402,2,434809,800,783220,1
34714.404,2,435145,800,785280,-1
34714.51,1,435868,800,785180,-1
34714.645,2,435102,500,782910,1
34714.651,2,434753,500,784990,-1
34714.68,2,435868,800,785180,-1
34714.825,1,436082,500,784790,-1
34715.093,1,436280,800,784980,-1
34715.316,1,436451,500,782710,1
34715.659,1,436653,800,782920,1
34717.525,2,436451,500,782710,1
34717.526,2,436082,500,784790,-1
34717.645,1,437777,500,784890,-1
34720.402,2,437777,500,784890,-1
34720.518,1,439794,500,784790,-1
34720.564,4,429179,200,784000,1
34720.779,2,434343,800,782900,1
34720.788,1,440022,400,783100,1
34720.841,2,433288,100,9999990,-1
34721.027,2,436653,800,782920,1
34721.053,1,440225,500,782710,1
34721.06,2,436280,800,784980,-1
34721.066,1,440231,800,784780,-1
34721.102,1,440249,1000,784200,-1
34721.161,2,440225,500,782710,1
34721.163,2,439794,500,784790,-1
34721.223,1,440324,100,9999990,-1
34721.458,2,440249,1000,784200,-1
34721.642,1,440631,800,782720,1
34721.687,1,440675,500,784690,-1
34722.005,2,440324,100,9999990,-1
34722.008,2,433285,100,100,1
34722.071,2,440631,800,782720,1
34722.071,1,440939,1000,784100,-1
34722.136,2,440231,800,784780,-1
34722.218,1,441064,500,782610,1
34722.3,1,441136,800,784880,-1
34722.352,1,441167,100,9999990,-1
34722.355,1,441169,100,100,1
34722.825,2,440022,400,783100,1
34722.829,1,441503,800,782700,1
34722.896,1,441535,800,782820,1
34723.281,2,441535,800,782820,1
34723.288,2,441136,800,784880,-1
34723.407,2,441064,500,782610,1
34723.412,2,440675,500,784690,-1
34723.427,1,441894,800,784780,-1
34723.53,1,441967,500,784590,-1
34723.845,2,431570,800,786200,-1
34723.85,1,442175,800,785500,-1
34723.955,1,442242,800,782720,1
34724.017,2,441967,500,784590,-1
34724.099,1,442341,500,784490,-1
34724.11,2,441894,800,784780,-1
34724.119,2,440939,1000,784100,-1
34724.225,2,441167,100,9999990,-1
34724.478,2,442242,800,782720,1
34724.545,1,442648,100,9999990,-1
34724.647,1,442721,800,784580,-1
34724.7,1,442759,500,782410,1
34724.988,2,442721,800,784580,-1
34725.187,1,443063,800,784680,-1
34725.211,1,443080,1000,784100,-1
34725.61,2,442759,500,782410,1
34725.612,2,442341,500,784490,-1
34725.677,1,443483,500,784590,-1
34725.719,2,443063,800,784680,-1
34725.767,1,443562,800,784880,-1
34726.299,1,443976,800,782820,1
34726.303,1,443983,500,782510,1
34726.646,2,443080,1000,784100,-1
34726.756,2,443983,500,782510,1
34726.76,2,443483,500,784590,-1
34726.817,1,444329,500,784690,-1
34727.385,1,444679,500,782610,1
34727.887,2,443976,800,782820,1
34727.89,2,443562,800,784880,-1
34728.006,1,445227,800,784980,-1
34728.349,1,445503,1000,784500,-1
34728.543,1,445652,800,782920,1
34729.589,2,441169,100,100,1
34729.89,1,446524,100,100,1
34730.127,2,445652,800,782920,1
34730.13,2,445227,800,784980,-1
34730.234,1,446720,800,785080,-1
34730.575,2,444679,500,782610,1
34730.578,2,444329,500,784690,-1
34730.72,1,446983,500,784590,-1
34730.778,1,447021,800,783020,1
34730.795,2,446983,500,784590,-1
34731.282,1,447222,500,784690,-1
34731.828,1,447501,500,782610,1
34732.08,1,447664,250,782800,1
34732.082,1,447667,250,784400,-1
34732.491,2,445503,1000,784500,-1
34734.088,2,447021,800,783020,1
34734.091,2,446720,800,785080,-1
34734.2,1,448822,800,785180,-1
34734.793,1,449125,800,783120,1
34734.921,2,447664,250,782800,1
34734.922,2,447667,250,784400,-1
34734.954,1,449182,250,783200,1
34734.959,1,449186,250,784800,-1
34735.871,1,449745,1000,784500,-1
34736.375,2,447501,500,782610,1
34736.377,2,447222,500,784690,-1
34736.464,1,450089,500,784790,-1
34737.066,1,450415,500,782710,1
34737.286,2,449125,800,783120,1
34737.287,2,448822,800,785180,-1
34737.293,1,450573,800,783320,1
34738.529,2,450415,500,782710,1
34738.537,2,450089,500,784790,-1
34738.653,2,449182,250,783200,1
34738.655,2,449186,250,784800,-1
34738.669,1,451498,800,785380,-1
34738.686,1,451508,250,783600,1
34738.689,1,451510,250,785200,-1
34738.753,1,451574,500,784890,-1
34738.893,2,451574,500,784890,-1
34738.989,2,451508,250,783600,1
34738.993,2,451510,250,785200,-1
34739.024,1,451812,250,783200,1
34739.027,1,451815,250,784800,-1
34739.277,1,452068,500,784990,-1
34739.811,1,452486,500,782910,1
34740.34,2,442175,800,785500,-1
34740.343,1,452830,800,785900,-1
34741.736,2,452486,500,782910,1
34741.738,2,452068,500,784990,-1
34741.851,1,453618,500,784890,-1
34742.087,2,453618,500,784890,-1
34742.135,2,451498,800,785380,-1
34742.137,2,450573,800,783320,1
34742.14,1,453796,800,783120,1
34742.274,2,446524,100,100,1
34742.276,2,442648,100,9999990,-1
34742.421,1,453983,500,784790,-1
34742.546,1,454072,100,100,1
34742.549,1,454073,100,9999990,-1
34742.959,1,454383,500,782710,1
34744.141,1,455092,1000,784300,-1
34744.232,2,449745,1000,784500,-1
34745.944,2,454383,500,782710,1
34745.947,2,453983,500,784790,-1
34746.061,1,456042,800,785180,-1
34746.067,1,456048,500,784690,-1
34746.763,2,456048,500,784690,-1
34746.766,1,456474,500,784590,-1
34746.916,2,453796,800,783120,1
34746.92,2,456042,800,785180,-1
34746.926,1,456576,800,784980,-1
34747.399,1,456923,500,782510,1
34747.416,1,456936,800,782920,1
34747.456,2,451812,250,783200,1
34747.458,2,451815,250,784800,-1
34747.488,1,456989,250,782800,1
34747.505,1,457006,250,784400,-1
34748.521,2,455092,1000,784300,-1
34748.779,1,457976,1000,784500,-1
34749.318,2,456936,800,782920,1
34749.323,2,456576,800,784980,-1
34749.332,2,456923,500,782510,1
34749.334,2,456474,500,784590,-1
34749.338,1,458399,800,783020,1
34749.482,2,458399,800,783020,1
34749.586,1,458581,500,784590,-1
34749.618,2,456989,250,782800,1
34749.621,2,457006,250,784400,-1
34749.652,1,458640,250,782400,1
34749.655,1,458642,250,784000,-1
34749.796,1,458813,800,782920,1
34749.881,2,458640,250,782400,1
34749.883,2,458642,250,784000,-1
34749.913,1,458933,250,782800,1
34749.917,1,458939,250,784400,-1
34749.974,2,458933,250,782800,1
34749.976,2,458939,250,784400,-1
34750.006,1,459054,250,782400,1
34750.01,1,459057,250,784000,-1
34750.123,1,459192,500,782510,1
34750.211,5,459102,300,783960,-1
34750.211,4,459057,100,784000,-1
34750.555,2,459192,500,782510,1
34750.558,2,458581,500,784590,-1
34750.658,1,459619,500,784500,-1
34750.763,2,459054,250,782400,1
34750.765,2,459057,150,784000,-1
34750.797,1,459682,250,784600,-1
34750.83,1,459700,800,784980,-1
34750.84,1,459703,250,782440,1
34750.842,2,459682,250,784600,-1
34750.874,1,459726,250,785200,-1
34750.928,2,458813,800,782920,1
34750.942,2,459700,800,784980,-1
34750.993,2,459619,500,784500,-1
34751.376,1,460074,800,785180,-1
34751.771,1,460315,500,784690,-1
34751.941,1,460426,800,783120,1
34752.028,1,460480,500,782610,1
34752.583,2,460426,800,783120,1
34752.589,2,460074,800,785180,-1
34752.607,1,460821,800,784980,-1
34752.695,2,460480,500,782610,1
34752.701,2,460315,500,784690,-1
34752.705,1,460906,500,784590,-1
34753.265,2,460821,800,784980,-1
34753.271,1,461305,800,783220,1
34753.273,1,461308,500,782510,1
34753.62,2,461308,500,782510,1
34753.624,2,460906,500,784590,-1
34753.817,1,461742,800,785280,-1
34753.896,1,461791,500,784790,-1
34754.463,1,462179,500,782710,1
34754.493,2,459726,250,785200,-1
34754.525,1,462211,250,785600,-1
34754.849,2,462211,250,785600,-1
34754.882,1,462502,250,785200,-1
34755.515,2,459703,250,782440,1
34755.517,2,462502,250,785200,-1
34755.548,1,462979,250,782840,1
34755.55,1,462981,250,785600,-1
34760.271,2,461305,800,783220,1
34760.277,2,461742,800,785280,-1
34760.324,2,462179,500,782710,1
34760.326,2,461791,500,784790,-1
34760.333,1,465934,500,784890,-1
34760.361,1,465952,800,783520,1
34760.749,1,466166,500,782810,1
34760.778,2,465934,500,784890,-1
34760.793,1,466192,800,785580,-1
34760.845,2,466166,500,782810,1
34761.323,1,466540,500,784990,-1
34761.372,2,441503,800,782700,1
34761.375,1,466572,800,783200,1
34761.944,2,466572,800,783200,1
34761.946,1,466889,800,782900,1
34761.951,2,465952,800,783520,1
34761.952,2,466192,800,785580,-1
34762.088,1,466997,800,783420,1
34762.142,2,454072,100,100,1
34762.261,1,467137,500,782910,1
34762.335,2,466997,800,783420,1
34762.494,1,467326,100,100,1
34762.591,1,467396,800,783720,1
34762.665,2,466540,500,784990,-1
34763.133,5,462245,500,784460,-1
34763.213,2,467396,800,783720,1
34763.221,1,467823,500,783110,1
34763.223,2,467137,500,782910,1
34763.317,1,467898,800,783620,1
34763.517,2,457976,1000,784500,-1
34763.633,1,468121,500,785190,-1
34763.825,1,468247,800,785680,-1
34763.907,2,452830,800,785900,-1
34763.914,1,468305,800,786700,-1
34764.447,2,467823,500,783110,1
34764.45,2,468121,500,785190,-1
34764.664,1,468771,500,785290,-1
34765.208,1,469068,500,783210,1
34767.046,2,462979,250,782840,1
34767.048,2,462981,250,785600,-1
34767.078,1,470058,250,782440,1
34767.082,1,470063,250,785200,-1
34767.423,2,468305,800,786700,-1
34767.426,1,470362,1200,787400,-1
34767.723,2,467898,800,783620,1
34767.726,2,468247,800,785680,-1
34767.841,1,470635,800,783520,1
34767.898,2,466889,800,782900,1
34767.9,1,470669,400,783800,1
34767.938,2,468771,500,785290,-1
34767.944,2,469068,500,783210,1
34767.96,1,470712,500,785090,-1
34767.965,2,470635,800,783520,1
34768.262,2,470058,250,782440,1
34768.264,2,470063,250,785200,-1
34768.296,1,470968,250,782840,1
34768.299,1,470973,250,785600,-1
34768.325,1,471001,1000,784600,-1
34768.478,1,471174,500,783010,1
34768.559,1,471232,800,783320,1
34769.154,1,471630,800,785380,-1
34769.849,2,470669,400,783800,1
34769.851,1,472029,400,783600,1
34770.275,2,467326,100,100,1
34770.278,2,454073,100,9999990,-1
34770.462,2,471232,800,783320,1
34770.464,2,471630,800,785380,-1
34770.481,1,472396,800,785180,-1
34770.514,2,471174,500,783010,1
34770.517,2,470712,500,785090,-1
34770.532,1,472432,500,784890,-1
34770.717,1,472559,100,100,1
34770.723,1,472569,100,9999990,-1
34770.913,1,472723,800,783120,1
34771.44,2,470968,250,782840,1
34771.443,2,470973,250,785600,-1
34771.473,1,473086,250,782440,1
34771.49,1,473105,250,785200,-1
34771.598,1,473225,500,782810,1
34771.634,2,472029,400,783600,1
34771.643,1,473267,800,783300,1
34772.692,2,473267,800,783300,1
34772.698,1,473973,800,783000,1
34773.107,2,470362,1200,787400,-1
34773.123,1,474180,800,785800,-1
34773.848,2,473225,500,782810,1
34773.851,2,472432,500,784890,-1
34773.93,1,474631,500,784790,-1
34774.563,1,475011,500,782710,1
34774.596,2,472723,800,783120,1
34774.6,2,472396,800,785180,-1
34774.663,1,475093,800,784980,-1
34775.218,1,475439,800,782920,1
34775.315,2,475011,500,782710,1
34775.317,2,474631,500,784790,-1
34775.323,1,475501,500,784690,-1
34775.678,2,475501,500,784690,-1
34775.903,1,475872,500,784790,-1
34776.188,2,472569,100,9999990,-1
34776.451,1,476197,500,782710,1
34776.515,1,476227,100,9999990,-1
34777.405,2,476197,500,782710,1
34777.407,2,475872,500,784790,-1
34777.411,1,476795,500,784890,-1
34777.48,2,475439,800,782920,1
34777.484,2,475093,800,784980,-1
34777.491,1,476858,800,783220,1
34777.916,1,477129,500,782810,1
34778.307,2,473105,250,785200,-1
34778.338,1,477438,250,785600,-1
34778.422,2,477438,250,785600,-1
34778.434,2,477129,500,782810,1
34778.451,1,477526,800,785280,-1
34778.454,1,477527,250,785200,-1
34778.591,1,477636,500,783610,1
34779.037,2,476795,500,784890,-1
34779.36,2,473973,800,783000,1
34779.366,1,478170,800,782600,1
34779.425,1,478215,500,784990,-1
34779.548,2,474180,800,785800,-1
34779.56,1,478328,800,785300,-1
34779.649,2,477636,500,783610,1
34780.059,1,478691,500,783710,1
34780.525,2,478691,500,783710,1
34780.672,1,479053,500,783610,1
34781.381,2,478328,800,785300,-1
34781.383,1,479546,800,785500,-1
34781.846,2,479053,500,783610,1
34781.948,1,479893,500,783710,1
34782.413,2,471001,1000,784600,-1
34783.905,2,476858,800,783220,1
34783.907,2,477526,800,785280,-1
34784.016,1,480994,800,785380,-1
34784.024,2,479893,500,783710,1
34784.129,1,481059,500,783610,1
34784.559,1,481322,800,783320,1
34784.72,2,478215,500,784990,-1
34784.786,1,481456,500,784890,-1
34785.169,2,481456,500,784890,-1
34785.171,2,481059,500,783610,1
34785.215,2,481322,800,783320,1
34785.218,2,480994,800,785380,-1
34785.254,1,481779,800,785280,-1
34785.324,2,481779,800,785280,-1
34785.333,1,481845,500,783610,1
34785.431,2,481845,500,783610,1
34785.812,1,482221,800,785380,-1
34785.884,1,482274,500,783610,1
34786.281,1,482498,1000,784600,-1
34786.403,1,482575,800,783320,1
34786.436,1,482595,500,784990,-1
34786.847,2,482274,500,783610,1
34787.071,1,482993,500,783710,1
34787.173,2,482595,500,784990,-1
34787.174,2,479546,800,785500,-1
34787.176,1,483067,800,785300,-1
34787.676,1,483401,500,785090,-1
34788.074,2,483067,800,785300,-1
34788.077,1,483729,800,785600,-1
34789.902,2,482575,800,783320,1
34789.904,2,482221,800,785380,-1
34789.994,2,482993,500,783710,1
34790.03,1,484697,800,783220,1
34790.105,1,484748,500,783810,1
34792.542,1,485928,1000,784300,-1
34792.548,2,482498,1000,784600,-1
34792.621,2,476227,100,9999990,-1
34792.625,2,472559,100,100,1
34792.839,2,483401,500,785090,-1
34792.851,1,486110,100,9999990,-1
34792.855,1,486111,100,784010,1
34792.918,1,486135,800,785280,-1
34792.982,1,486183,500,785190,-1
34793.507,2,484697,800,783220,1
34793.509,2,486135,800,785280,-1
34793.517,1,486469,800,783420,1
34793.936,2,486469,800,783420,1
34793.938,2,484748,500,783810,1
34794.01,1,486807,500,783910,1
34794.109,1,486900,800,783220,1
34794.175,2,486900,800,783220,1
34794.193,2,483729,800,785600,-1
34794.196,1,486960,800,786100,-1
34794.361,2,485928,1000,784300,-1
34794.554,2,478170,800,782600,1
34794.557,1,487194,800,783300,1
34794.761,1,487347,800,783420,1
34795.37,1,487735,800,785480,-1
34795.592,2,486807,500,783910,1
34795.807,1,487999,500,783810,1
34795.932,2,473086,250,782440,1
34795.933,2,477527,250,785200,-1
34795.963,1,488092,250,782840,1
34795.967,1,488094,250,785600,-1
34796.761,2,488092,250,782840,1
34796.762,2,488094,250,785600,-1
34796.792,1,488650,250,782440,1
34796.796,1,488652,250,785200,-1
34797.477,2,487347,800,783420,1
34797.479,2,487735,800,785480,-1
34797.591,1,489126,800,783320,1
34798.184,1,489451,800,785380,-1
34798.19,2,486183,500,785190,-1
34798.293,1,489511,500,785190,-1
34799.793,2,487999,500,783810,1
34799.897,1,490447,500,783910,1
34803.585,2,487194,800,783300,1
34803.594,1,492382,800,782800,1
34804.475,2,486960,800,786100,-1
34804.478,1,492793,800,785500,-1
34806.886,2,489511,500,785190,-1
34806.991,1,493976,500,785290,-1
34807.591,2,489126,800,783320,1
34807.731,1,494427,800,783320,1
34808.181,2,489451,800,785380,-1
34808.311,1,494770,800,785380,-1
34808.337,2,493976,500,785290,-1
34808.448,1,494939,500,785190,-1
34809.055,2,488650,250,782440,1
34809.057,2,488652,250,785200,-1
34809.088,1,495316,250,782840,1
34809.091,1,495320,250,785600,-1
34809.355,2,486110,100,9999990,-1
34809.686,1,495751,100,9999990,-1
34809.863,2,494939,500,785190,-1
34809.965,1,495921,500,785290,-1
34812.75,2,495316,250,782840,1
34812.752,2,495320,250,785600,-1
34812.783,1,497668,250,782440,1
34812.785,1,497670,250,785200,-1
34813.358,2,486111,100,784010,1
34813.721,1,498283,100,784210,1
34813.89,2,495921,500,785290,-1
34814.082,1,498494,500,785190,-1
34814.716,2,490447,500,783910,1
34814.793,1,498955,500,783810,1
34815.145,2,494427,800,783320,1
34815.161,2,494770,800,785380,-1
34815.174,1,499160,800,785180,-1
34815.719,1,499608,800,783120,1
34816.923,2,499608,800,783120,1
34816.925,2,499160,800,785180,-1
34817.03,1,500564,800,785280,-1
34817.577,1,500961,800,783220,1
34818.398,4,498283,100,784210,1
34818.877,1,501962,100,783210,1
34818.935,1,501993,1000,784600,-1
34818.939,2,501993,1000,784600,-1
34819.276,1,502232,1000,784600,-1
34819.438,2,492382,800,782800,1
34819.442,1,502350,800,782300,1
34819.686,2,502232,1000,784600,-1
34819.833,2,495751,100,9999990,-1
34819.867,2,498494,500,785190,-1
34819.869,1,502607,1000,784600,-1
34819.976,1,502693,500,785090,-1
34820.524,1,503005,100,9999990,-1
34821.246,2,502607,1000,784600,-1
34821.499,1,503578,1000,784700,-1
34821.517,2,500961,800,783220,1
34821.52,2,500564,800,785280,-1
34821.622,1,503634,800,783320,1
34824.008,2,492793,800,785500,-1
34824.019,1,505041,800,785100,-1
34824.101,2,503634,800,783320,1
34824.108,1,505113,800,785080,-1
34824.668,1,505439,800,783520,1
34824.842,2,505439,800,783520,1
34824.844,2,505113,800,785080,-1
34825.217,1,505751,800,783620,1
34825.74,2,497668,250,782440,1
34825.742,2,497670,250,785200,-1
34825.772,1,506120,250,782040,1
34825.775,1,506122,250,784800,-1
34826.648,2,498955,500,783810,1
34826.757,1,506889,500,783710,1
34827.299,2,502693,500,785090,-1
34827.411,2,505751,800,783620,1
34827.413,2,506889,500,783710,1
34827.457,1,507591,800,784880,-1
34827.515,1,507648,500,783510,1
34828.011,1,508093,800,783320,1
34828.069,1,508154,500,784790,-1
34828.134,2,507648,500,783510,1
34828.232,2,508093,800,783320,1
34828.235,2,507591,800,784880,-1
34828.514,1,508558,800,783420,1
34828.605,1,508639,500,783410,1
34829.159,2,508639,500,783410,1
34829.271,1,509179,500,783510,1
34830.417,2,505041,800,785100,-1
34830.43,1,509964,800,784900,-1
34830.827,2,503578,1000,784700,-1
34831.107,1,510425,1000,784700,-1
34831.182,5,506982,300,783670,1
34831.182,5,509185,100,783560,1
34831.624,2,509179,500,783510,1
34831.63,1,510788,500,783410,1
34831.95,2,503005,100,9999990,-1
34832.311,1,511312,100,9999990,-1
34832.918,2,506120,250,782040,1
34832.921,2,506122,250,784800,-1
34832.955,1,511765,250,782440,1
34832.958,1,511769,250,785200,-1
34834.02,2,510788,500,783410,1
34834.212,1,512680,500,783510,1
34834.237,2,508154,500,784790,-1
34834.331,1,512758,800,784980,-1
34834.619,2,508558,800,783420,1
34834.621,2,512758,800,784980,-1
34834.665,2,512680,500,783510,1
34834.847,1,513138,500,783710,1
34834.875,1,513167,800,785180,-1
34835.305,1,513501,500,785090,-1
34835.42,1,513581,800,783620,1
34835.62,2,509964,800,784900,-1
34835.633,1,513724,800,785100,-1
34836.503,2,511765,250,782440,1
34836.535,1,514417,250,782040,1
34837.344,2,511769,250,785200,-1
34837.375,1,515035,250,784800,-1
34837.781,2,513501,500,785090,-1
34837.907,1,515446,500,784990,-1
34838.029,2,513138,500,783710,1
34838.032,2,515446,500,784990,-1
34838.156,1,515626,1000,784400,-1
34838.289,2,510425,1000,784700,-1
34838.429,1,515877,500,783610,1
34838.454,2,515626,1000,784400,-1
34838.586,2,514417,250,782040,1
34838.588,2,515035,250,784800,-1
34838.618,1,516049,250,782440,1
34838.622,1,516052,250,785200,-1
34838.684,2,513581,800,783620,1
34838.686,2,513167,800,785180,-1
34838.713,1,516125,1000,784400,-1
34838.755,1,516163,800,784980,-1
34838.796,2,516125,1000,784400,-1
34838.873,2,515877,500,783610,1
34838.953,1,516351,500,783510,1
34838.991,2,516049,250,782440,1
34839.023,1,516402,250,782040,1
34839.248,1,516664,800,783420,1
34839.484,1,516840,500,784890,-1
34839.839,2,516840,500,784890,-1
34840.057,1,517235,500,784790,-1
34840.241,2,516402,250,782040,1
34840.274,1,517395,250,782440,1
34840.541,2,517395,250,782440,1
34840.572,1,517649,250,782040,1
34840.674,2,516052,250,785200,-1
34840.706,1,517742,250,784800,-1
34840.785,2,517649,250,782040,1
34840.787,2,517742,250,784800,-1
34840.818,1,517851,250,782440,1
34840.822,1,517858,250,785200,-1
34841.384,2,516664,800,783420,1
34841.386,2,516163,800,784980,-1
34841.441,1,518353,800,785080,-1
34841.552,2,518353,800,785080,-1
34841.577,2,517235,500,784790,-1
34841.76,1,518634,500,784890,-1
34841.78,1,518656,1000,784400,-1
34841.979,1,518809,800,784980,-1
34842.143,2,518809,800,784980,-1
34842.379,2,518634,500,784890,-1
34842.545,1,519254,500,784790,-1
34842.556,1,519265,800,783620,1
34842.635,2,519254,500,784790,-1
34842.921,2,519265,800,783620,1
34843.079,1,519676,800,784980,-1
34843.177,2,519676,800,784980,-1
34843.26,1,519849,500,784890,-1
34843.265,2,516351,500,783510,1
34843.638,1,520142,800,783620,1
34843.709,2,519849,500,784890,-1
34843.715,1,520203,500,783510,1
34843.805,2,518656,1000,784400,-1
34843.816,2,520142,800,783620,1
34844.131,1,520497,1000,784500,-1
34844.172,1,520534,800,784980,-1
34844.199,1,520559,500,784790,-1
34844.243,2,520497,1000,784500,-1
34844.31,2,520559,500,784790,-1
34844.748,2,520534,800,784980,-1
34844.76,1,520965,800,785180,-1
34844.869,2,520965,800,785180,-1
34844.977,2,513724,800,785100,-1
34844.98,1,521145,800,784900,-1
34845.02,2,520203,500,783510,1
34845.022,1,521178,500,783610,1
34845.169,2,511312,100,9999990,-1
34845.262,1,521332,800,785280,-1
34845.381,1,521415,500,784890,-1
34845.559,1,521547,100,9999990,-1
34845.81,1,521729,800,783720,1
34847.061,2,521178,500,783610,1
34847.181,1,522597,500,783510,1
34847.899,2,521729,800,783720,1
34847.901,2,521332,800,785280,-1
34848.001,1,523172,800,783820,1
34848.159,2,523172,800,783820,1
34848.209,2,522597,500,783510,1
34848.215,1,523378,500,783610,1
34848.379,2,521547,100,9999990,-1
34848.541,1,523601,800,783620,1
34848.554,1,523608,1000,784400,-1
34848.614,2,523601,800,783620,1
34848.706,1,523726,100,784490,-1
34848.821,2,523378,500,783610,1
34848.823,2,521415,500,784890,-1
34848.83,1,523829,500,783510,1
34849.092,1,524013,800,783520,1
34849.183,2,523829,500,783510,1
34849.323,1,524190,500,783410,1
34849.466,2,523608,1000,784400,-1
34849.636,1,524372,800,785080,-1
34849.646,1,524378,1000,784400,-1
34849.899,1,524554,500,784790,-1
34850.908,2,524554,500,784790,-1
34851.132,1,525266,500,784690,-1
34851.29,2,524378,1000,784400,-1
34851.611,2,524013,800,783520,1
34851.615,2,524372,800,785080,-1
34851.726,1,525605,800,783420,1
34851.823,2,525266,500,784690,-1
34851.947,1,525709,500,784790,-1
34852.365,2,525709,500,784790,-1
34852.48,1,525986,800,784980,-1
34852.535,1,526006,500,784790,-1
34852.84,2,525605,800,783420,1
34852.841,2,525986,800,784980,-1
34852.943,2,523726,100,784490,-1
34853.028,1,526248,800,783520,1
34853.173,1,526315,100,784690,-1
34853.789,1,526636,1000,784400,-1
34854.45,2,524190,500,783410,1
34854.555,1,527043,500,783510,1
34855.467,2,517851,250,782440,1
34855.469,2,517858,250,785200,-1
34855.5,1,527554,250,782040,1
34855.503,1,527556,250,784800,-1
34856.947,2,527043,500,783510,1
34857.077,1,528569,500,783410,1
34858.336,2,526315,100,784690,-1
34858.53,2,526636,1000,784400,-1
34858.669,1,529548,100,784490,-1
34860.334,2,521145,800,784900,-1
34860.341,1,530567,800,784700,-1
34862.009,2,501962,100,783210,1
34862.35,1,531745,100,100,1
34862.867,1,532001,1000,784400,-1
34863.034,2,526248,800,783520,1
34863.213,1,532233,800,783520,1
34864.618,2,528569,500,783410,1
34864.731,1,533072,500,783510,1
34866.664,2,533072,500,783510,1
34866.666,2,526006,500,784790,-1
34866.769,1,534214,500,783610,1
34866.931,2,527554,250,782040,1
34866.932,2,527556,250,784800,-1
34866.964,1,534322,250,782440,1
34866.967,1,534324,250,785200,-1
34867.413,2,530567,800,784700,-1
34867.416,1,534672,800,784900,-1
34867.526,1,534764,500,784890,-1
34867.99,2,532233,800,783520,1
34868.028,2,534764,500,784890,-1
34868.051,1,535123,800,783620,1
34868.112,2,535123,800,783620,1
34868.586,1,535559,800,783520,1
34868.852,2,535559,800,783520,1
34869.035,2,534322,250,782440,1
34869.067,1,535906,250,782040,1
34869.189,1,535996,800,783720,1
34869.432,2,535906,250,782040,1
34869.453,2,532001,1000,784400,-1
34869.462,2,535996,800,783720,1
34869.465,1,536205,250,782440,1
34869.682,2,536205,250,782440,1
34869.685,2,534324,250,785200,-1
34869.708,1,536454,800,785080,-1
34869.895,1,536653,500,784990,-1
34870.067,2,536454,800,785080,-1
34870.158,1,536898,250,782040,1
34870.161,1,536904,250,784800,-1
34870.267,1,537023,800,783620,1
34870.464,2,537023,800,783620,1
34870.792,1,537488,800,783520,1
34871.209,2,537488,800,783520,1
34871.34,1,537885,800,783720,1
34874.049,2,534214,500,783610,1
34874.156,1,539813,500,783710,1
34874.237,2,539813,500,783710,1
34874.694,1,540119,500,783610,1
34874.831,2,534672,800,784900,-1
34874.833,2,502350,800,782300,1
34874.843,1,540221,400,784400,-1
34874.845,1,540224,1100,751700,1
34874.849,2,531745,100,100,1
34875.248,1,540470,100,100,1
34875.935,2,537885,800,783720,1
34876.044,1,540892,800,783620,1
34876.2,2,540892,800,783620,1
34876.328,2,540119,500,783610,1
34876.331,2,536653,500,784990,-1
34876.343,1,541096,500,783510,1
34876.589,1,541296,800,783420,1
34876.881,1,541498,500,784790,-1
34878.769,1,542799,1000,784900,-1
34879.032,2,529548,100,784490,-1
34879.381,1,543137,100,9999990,-1
34881.756,2,540221,400,784400,-1
34881.758,2,540224,1100,751700,1
34881.76,1,544469,400,784800,-1
34881.762,1,544471,1100,763000,1
34882.184,2,542799,1000,784900,-1
34882.262,1,544766,800,784980,-1
34882.811,2,541296,800,783420,1
34882.813,2,544766,800,784980,-1
34882.918,1,545183,800,785080,-1
34883.467,1,545558,800,783520,1
34883.635,2,536898,250,782040,1
34883.636,2,536904,250,784800,-1
34883.667,1,545667,250,781640,1
34883.67,1,545668,250,784400,-1
34884.399,1,546216,1000,784900,-1
34884.967,2,545667,250,781640,1
34884.968,2,545668,250,784400,-1
34884.998,1,546597,250,782040,1
34885.001,1,546600,250,784800,-1
34885.255,2,546216,1000,784900,-1
34888.672,2,541096,500,783510,1
34888.718,2,545558,800,783520,1
34888.721,2,545183,800,785080,-1
34888.801,1,548685,500,783410,1
34888.827,1,548700,800,785180,-1
34889.067,2,548685,500,783410,1
34889.362,1,548947,500,783510,1
34889.37,1,548951,800,783620,1
34889.806,2,548947,500,783510,1
34889.922,1,549229,500,783410,1
34890.799,2,549229,500,783410,1
34890.935,1,549762,500,783410,1
34891.542,2,544471,1100,763000,1
34891.545,1,550077,1100,770500,1
34891.77,2,549762,500,783410,1
34891.893,1,550242,500,783510,1
34893.031,2,550242,500,783510,1
34893.129,1,550924,500,783410,1
34893.554,2,540470,100,100,1
34894.098,1,551397,100,784310,1
34894.143,4,551397,100,784310,1
34894.489,2,550924,500,783410,1
34894.53,2,548951,800,783620,1
34894.532,2,548700,800,785180,-1
34894.597,1,551663,500,783510,1
34894.64,1,551681,800,783720,1
34894.828,1,551786,100,783310,1
34894.973,2,546597,250,782040,1
34894.985,2,546600,250,784800,-1
34895.015,1,551879,250,781640,1
34895.018,1,551882,250,784400,-1
34895.158,2,541498,500,784790,-1
34895.294,1,552110,800,785280,-1
34895.383,1,552194,500,784890,-1
34895.461,2,551663,500,783510,1
34895.525,2,551681,800,783720,1
34895.529,2,552110,800,785280,-1
34895.599,1,552356,1000,784900,-1
34895.849,1,552519,800,783620,1
34896.071,1,552646,500,783610,1
34896.085,1,552663,300,785100,-1
34896.193,1,552749,500,784400,-1
34896.955,2,552646,500,783610,1
34897.114,1,553200,500,783510,1
34897.444,2,553200,500,783510,1
34897.661,1,553489,500,783610,1
34897.723,2,551879,250,781640,1
34897.725,2,551882,250,784400,-1
34897.756,1,553543,250,782040,1
34897.759,1,553545,250,784800,-1
34898.538,2,552749,500,784400,-1
34898.898,2,552356,1000,784900,-1
34900.121,2,552519,800,783620,1
34900.23,1,554955,800,783720,1
34901.515,2,552194,500,784890,-1
34901.655,1,555754,800,785280,-1
34901.723,1,555789,500,784990,-1
34904.483,2,553489,500,783610,1
34904.587,1,557247,500,783710,1
34905.062,2,550077,1100,770500,1
34905.068,1,557531,1100,775600,1
34905.246,2,557247,500,783710,1
34905.349,1,557719,500,783610,1
34907.378,2,557719,500,783610,1
34907.489,1,558946,500,783710,1
34907.999,2,551786,100,783310,1
34908.02,2,558946,500,783710,1
34908.036,1,559258,500,783610,1
34908.208,2,559258,500,783610,1
34908.344,1,559510,100,784010,1
34908.598,1,559619,500,783710,1
34909.618,2,544469,400,784800,-1
34909.621,1,560143,400,784900,-1
34910.233,2,554955,800,783720,1
34910.402,1,560560,800,783720,1
34911.654,2,555754,800,785280,-1
34911.716,2,560560,800,783720,1
34911.823,1,561246,800,783620,1
34911.966,2,557531,1100,775600,1
34911.969,1,561316,1100,778800,1
34913.287,2,555789,500,784990,-1
34913.448,1,562009,500,785090,-1
34915.427,1,562921,1000,784500,-1
34915.598,2,562921,1000,784500,-1
34916.012,2,560143,400,784900,-1
34916.014,1,563231,400,784800,-1
34917.964,2,563231,400,784800,-1
34917.973,1,564031,400,785000,-1
34918.81,2,543137,100,9999990,-1
34919.049,2,564031,400,785000,-1
34919.051,1,564546,400,785100,-1
34919.204,1,564599,100,9999990,-1
34919.695,2,553543,250,782040,1
34919.697,2,553545,250,784800,-1
34919.728,1,564835,250,781640,1
34919.744,1,564844,250,784400,-1
34919.968,2,561316,1100,778800,1
34919.97,1,564992,1100,780600,1
34921.009,2,561246,800,783620,1
34921.118,1,565595,800,783520,1
34921.666,1,565870,800,785080,-1
34921.67,2,564546,400,785100,-1
34921.675,1,565875,400,785400,-1
34923.635,1,566878,1000,784400,-1
34925.336,2,566878,1000,784400,-1
34925.899,2,559510,100,784010,1
34926.248,1,568442,100,100,1
34926.825,2,562009,500,785090,-1
34926.918,2,565595,800,783520,1
34926.927,2,565870,800,785080,-1
34926.931,1,568865,800,784880,-1
34927.045,1,568934,500,784990,-1
34927.464,1,569224,800,783320,1
34927.513,2,565875,400,785400,-1
34927.517,1,569257,800,785300,-1
34927.574,2,564992,1100,780600,1
34927.585,1,569302,800,781700,1
34927.932,2,559619,500,783710,1
34928.067,1,569611,500,783610,1
34928.379,1,569819,1000,784400,-1
34929.407,2,569819,1000,784400,-1
34929.773,2,569224,800,783320,1
34929.776,2,568865,800,784880,-1
34929.806,2,569611,500,783610,1
34929.873,1,570638,800,784980,-1
34929.908,1,570653,500,783710,1
34930.019,2,570638,800,784980,-1
34930.202,1,570822,1000,784400,-1
34930.417,1,570941,800,784880,-1
34930.584,2,568442,100,100,1
34930.967,1,571214,800,783320,1
34930.993,2,570941,800,784880,-1
34931.028,1,571260,100,784010,1
34931.041,2,571214,800,783320,1
34931.073,2,568934,500,784990,-1
34931.306,1,571452,500,784990,-1
34931.514,1,571617,800,784880,-1
34931.527,2,564835,250,781640,1
34931.529,2,564844,250,784400,-1
34931.559,1,571655,250,782040,1
34931.562,1,571659,250,784800,-1
34931.774,2,571617,800,784880,-1
34931.883,2,571452,500,784990,-1
34932.061,1,572158,800,783620,1
34932.1,1,572196,500,785090,-1
34932.401,2,570653,500,783710,1
34932.454,2,570822,1000,784400,-1
34932.663,1,572654,500,783810,1
34933.153,2,572158,800,783620,1
34933.261,1,573043,800,783520,1
34933.469,2,569257,800,785300,-1
34933.472,1,573171,400,785100,-1
34933.809,1,573378,800,785080,-1
34937.826,2,564599,100,9999990,-1
34938.141,1,575804,100,9999990,-1
34939.371,2,572196,500,785090,-1
34940.093,2,573043,800,783520,1
34940.094,2,571655,250,782040,1
34940.096,2,571659,250,784800,-1
34940.1,2,573378,800,785080,-1
34940.126,1,577000,250,782440,1
34940.129,1,577003,250,785200,-1
34940.352,1,577221,800,783720,1
34940.512,2,572654,500,783810,1
34940.514,1,577358,500,784010,1
34940.661,2,569302,800,781700,1
34940.664,1,577500,800,782500,1
34940.767,2,577358,500,784010,1
34940.841,1,577668,800,785280,-1
34940.851,2,573171,400,785100,-1
34940.865,1,577688,800,785600,-1
34940.889,1,577707,500,784110,1
34941.628,5,577714,100,784160,1
34941.628,5,577729,400,784150,1
34941.916,2,577221,800,783720,1
34941.918,2,577668,800,785280,-1
34941.979,1,578647,500,785490,-1
34942.01,1,578671,800,783620,1
34942.566,1,579125,800,785180,-1
34942.614,2,578671,800,783620,1
34942.662,2,579125,800,785180,-1
34942.681,2,577707,500,784110,1
34942.722,1,579275,500,784210,1
34942.92,2,579275,500,784210,1
34943.136,1,579679,800,783620,1
34943.206,2,579679,800,783620,1
34943.253,1,579792,500,784110,1
34943.599,2,577000,250,782440,1
34943.602,2,577003,250,785200,-1
34943.633,1,580195,250,782840,1
34943.637,1,580198,250,785600,-1
34943.72,1,580298,800,783720,1
34943.828,2,580298,800,783720,1
34943.989,2,571260,100,784010,1
34944.241,1,580847,800,783620,1
34944.444,1,581050,100,100,1
34944.582,2,577688,800,785600,-1
34944.593,1,581222,800,786200,-1
34944.779,1,581404,800,785180,-1
34944.815,2,580847,800,783620,1
34944.84,2,581404,800,785180,-1
34944.847,2,578647,500,785490,-1
34945.122,1,581743,500,785390,-1
34945.249,2,581743,500,785390,-1
34945.324,1,581926,800,783820,1
34945.664,1,582270,500,785490,-1
34945.876,1,582430,800,785380,-1
34945.894,2,577500,800,782500,1
34945.897,1,582447,800,783300,1
34946.662,2,579792,500,784110,1
34946.784,1,583230,500,784210,1
34947.359,2,580195,250,782840,1
34947.361,2,580198,250,785600,-1
34947.393,1,583772,250,783240,1
34947.412,1,583794,250,786000,-1
34947.638,2,583230,500,784210,1
34947.641,2,582270,500,785490,-1
34947.752,1,584161,500,784310,1
34948.169,1,584549,500,785590,-1
34948.242,2,581926,800,783820,1
34948.246,2,584161,500,784310,1
34948.259,2,582430,800,785380,-1
34948.32,2,584549,500,785590,-1
34948.37,1,584759,800,784020,1
34948.697,1,585065,500,784410,1
34948.83,1,585181,800,785580,-1
34948.847,2,585065,500,784410,1
34949.179,2,584759,800,784020,1
34949.181,2,585181,800,785580,-1
34949.387,1,585705,800,783920,1
34949.938,1,586168,800,785480,-1
34950.803,2,583772,250,783240,1
34950.806,2,583794,250,786000,-1
34950.815,2,581050,100,100,1
34950.823,2,575804,100,9999990,-1
34950.837,1,586907,250,783640,1
34950.842,1,586913,250,786400,-1
34950.951,2,585705,800,783920,1
34950.955,2,586168,800,785480,-1
34951.151,1,587296,800,784120,1
34951.306,1,587499,100,783910,1
34951.312,1,587507,100,9999990,-1
34951.509,5,582951,300,784200,1
34951.509,5,582992,200,784200,1
34951.591,1,587815,800,785680,-1
34951.742,2,587296,800,784120,1
34951.747,2,587815,800,785680,-1
34951.942,1,588194,500,784610,1
34952.02,1,588276,800,784020,1
34952.026,2,582447,800,783300,1
34952.03,1,588287,800,783800,1
34952.294,5,588256,500,784650,1
34952.495,2,588194,500,784610,1
34952.508,1,588774,500,784710,1
34952.561,1,588844,800,785580,-1
34953.126,2,588276,800,784020,1
34953.133,2,588844,800,785580,-1
34953.255,1,589649,800,784120,1
34953.558,2,581222,800,786200,-1
34953.582,1,589967,800,787000,-1
34953.739,1,590138,600,784100,1
34953.767,1,590156,800,785680,-1
34954.059,2,242170,300,773100,1
34954.168,2,588774,500,784710,1
34954.533,2,589649,800,784120,1
34954.536,2,590156,800,785680,-1
34954.639,1,590972,800,784020,1
34954.99,2,341386,300,792700,-1
34955.44,2,590972,800,784020,1
34955.508,2,552663,300,785100,-1
34955.64,2,586907,250,783640,1
34955.673,1,591956,250,783240,1
34955.916,1,592224,500,784910,1
34955.942,2,591956,250,783240,1
34955.976,1,592301,250,783640,1
34956.047,2,592301,250,783640,1
34956.079,1,592396,250,783240,1
34956.218,2,586913,250,786400,-1
34956.25,1,592575,250,786000,-1
34956.496,1,592848,500,786290,-1
34956.499,2,592224,500,784910,1
34956.884,1,593212,800,784220,1
34957.431,1,593705,800,785780,-1
34957.546,2,593212,800,784220,1
34957.588,2,593705,800,785780,-1
34957.984,1,594148,800,784120,1
34958.534,1,594550,800,785680,-1
34958.555,1,594567,500,785010,1
34958.556,2,588287,800,783800,1
34958.559,1,594571,800,784000,1
34959.072,2,594571,800,784000,1
34959.075,1,595052,800,783900,1
34959.151,2,587507,100,9999990,-1
34959.526,2,594148,800,784120,1
34959.531,2,594550,800,785680,-1
34959.622,1,595574,800,784220,1
34959.637,1,595589,100,9999990,-1
34960.022,1,595920,500,783600,1
34960.675,2,594567,500,785010,1
34960.75,2,592575,250,786000,-1
34960.785,1,596644,250,786400,-1
34961.008,2,595589,100,9999990,-1
34961.17,2,592396,250,783240,1
34961.202,1,597034,250,783640,1
34961.23,2,597034,250,783640,1
34961.232,2,596644,250,786400,-1
34961.262,1,597099,250,783240,1
34961.265,1,597102,250,786000,-1
34961.467,1,597342,100,9999990,-1
34961.71,2,595574,800,784220,1
34961.775,1,597653,800,784120,1
34961.783,2,597102,250,786000,-1
34961.814,1,597681,250,786400,-1
34961.829,2,597681,250,786400,-1
34961.862,1,597723,250,786000,-1
34962.055,1,597905,500,784210,1
34962.323,1,598171,800,785680,-1
34962.381,2,597099,250,783240,1
34962.383,2,597723,250,786000,-1
34962.413,1,598234,250,783640,1
34962.418,1,598238,250,786400,-1
34962.598,2,597905,500,784210,1
34962.6,2,592848,500,786290,-1
34962.602,1,598439,500,784310,1
34963.032,2,598234,250,783640,1
34963.033,2,598238,250,786400,-1
34963.064,1,598851,250,783240,1
34963.068,1,598854,250,786000,-1
34963.195,2,597653,800,784120,1
34963.207,2,598171,800,785680,-1
34963.265,1,599080,800,784320,1
34963.308,1,599129,500,786390,-1
34963.349,2,598851,250,783240,1
34963.35,2,598854,250,786000,-1
34963.381,1,599189,250,783640,1
34963.384,1,599196,250,786400,-1
34963.392,2,598439,500,784310,1
34963.478,2,599129,500,786390,-1
34963.844,1,599703,800,785880,-1
34963.929,1,599788,500,784410,1
34964.654,2,599080,800,784320,1
34964.658,2,599703,800,785880,-1
34964.785,1,600584,800,784220,1
34965.213,2,600584,800,784220,1
34965.283,2,595052,800,783900,1
34965.286,1,600969,800,784100,1
34965.294,1,600973,800,784320,1
34965.538,2,599788,500,784410,1
34965.543,2,599189,250,783640,1
34965.545,2,599196,250,786400,-1
34965.576,1,601183,250,784040,1
34965.581,1,601185,250,786800,-1
34965.839,1,601420,800,785880,-1
34965.95,2,597342,100,9999990,-1
34966.221,1,601700,500,784410,1
34966.286,1,601754,100,9999990,-1
34966.748,2,601700,500,784410,1
34966.756,1,602133,500,784510,1
34967.297,1,602616,500,786590,-1
34967.522,1,602841,300,781100,1
34968.258,2,601183,250,784040,1
34968.262,2,601185,250,786800,-1
34968.292,1,603606,250,784440,1
34968.296,1,603608,250,787200,-1
34968.501,1,603832,300,794000,-1
34968.738,2,603606,250,784440,1
34968.739,2,603608,250,787200,-1
34968.771,1,604082,250,784040,1
34968.775,1,604086,250,786800,-1
34969.002,2,589967,800,787000,-1
34969.019,1,604354,800,787700,-1
34969.371,2,602133,500,784510,1
34969.377,2,602616,500,786590,-1
34970.083,1,605326,500,784510,1
34970.638,1,605810,500,786590,-1
34970.746,2,600973,800,784320,1
34970.748,2,601420,800,785880,-1
34970.791,2,605326,500,784510,1
34970.796,2,605810,500,786590,-1
34970.825,1,605945,800,784520,1
34971.304,2,604354,800,787700,-1
34971.307,1,606342,1100,789300,-1
34971.337,1,606381,800,786080,-1
34971.401,2,600969,400,784100,1
34971.436,1,606488,500,784610,1
34971.74,1,606747,500,786690,-1
34972.115,2,606488,500,784610,1
34972.116,2,606747,500,786690,-1
34972.35,1,607155,500,784510,1
34972.673,2,607155,500,784510,1
34972.945,1,607598,500,784610,1
34973.253,2,607598,500,784610,1
34973.303,2,605945,800,784520,1
34973.305,2,606381,800,786080,-1
34973.416,1,607933,800,784420,1
34973.501,1,607982,500,784710,1
34973.953,1,608306,800,785980,-1
34974.04,1,608366,500,786790,-1
34974.359,1,608601,1000,785000,1
34974.7,2,607982,500,784710,1
34974.702,2,608366,500,786790,-1
34974.803,1,608878,500,784610,1
34975.002,2,606342,1100,789300,-1
34975.017,1,609012,1100,791100,-1
34975.157,2,607933,800,784420,1
34975.159,2,608306,800,785980,-1
34975.261,1,609203,800,784520,1
34975.38,1,609276,500,786690,-1
34975.809,1,609578,800,786080,-1
34977.338,2,608878,500,784610,1
34977.34,2,609276,500,786690,-1
34977.421,2,609012,1100,791100,-1
34977.435,1,610873,1100,808300,-1
34977.453,1,610892,500,784710,1
34977.968,1,611323,500,786790,-1
34978.374,2,600969,400,784100,1
34978.379,1,611654,400,784700,1
34979.272,2,609203,800,784520,1
34979.296,2,609578,800,786080,-1
34979.338,1,612329,800,784720,1
34979.354,2,587499,100,783910,1
34979.741,1,612670,100,784510,1
34979.856,1,612738,800,786280,-1
34980.015,2,612329,800,784720,1
34980.018,2,612738,800,786280,-1
34980.064,2,610892,500,784710,1
34980.07,2,611323,500,786790,-1
34980.104,1,612954,500,786690,-1
34980.403,1,613195,800,785980,-1
34980.665,1,613355,500,784610,1
34980.694,5,608638,500,785040,1
34980.694,5,608639,200,785040,1
34980.694,4,608601,1000,785000,1
34981.402,2,604082,250,784040,1
34981.404,2,604086,250,786800,-1
34981.436,1,613965,250,784440,1
34981.446,1,613976,250,787200,-1
34981.801,2,601754,100,9999990,-1
34982.244,1,614640,100,785090,-1
34983.044,2,613195,800,785980,-1
34983.112,2,612954,500,786690,-1
34983.115,1,615337,500,786590,-1
34983.119,2,613355,500,784610,1
34983.151,1,615359,800,785880,-1
34983.27,2,613965,250,784440,1
34983.301,1,615466,250,784040,1
34983.677,2,613976,250,787200,-1
34983.699,1,615795,800,784320,1
34983.71,1,615804,250,786800,-1
34983.725,1,615819,500,784510,1
34983.83,2,615337,500,786590,-1
34983.839,2,615819,500,784510,1
34983.967,2,615804,250,786800,-1
34984.0,1,616017,250,787200,-1
34984.314,1,616270,500,784510,1
34984.649,2,615466,250,784040,1
34984.68,1,616489,250,784440,1
34984.898,1,616647,500,786590,-1
34985.181,2,610873,1100,808300,-1
34985.183,1,616850,1000,800300,-1
34986.041,2,616270,500,784510,1
34986.042,2,616647,500,786590,-1
34986.145,1,617436,500,784610,1
34986.236,2,615795,800,784320,1
34986.239,2,615359,800,785880,-1
34986.265,1,617520,800,786080,-1
34986.698,1,617837,500,786690,-1
34987.133,4,614640,100,785090,-1
34987.365,2,617520,800,786080,-1
34987.475,1,618277,800,784720,1
34987.585,2,617436,500,784610,1
34987.587,2,617837,500,786690,-1
34987.757,1,618502,500,784910,1
34987.789,1,618519,100,786090,-1
34987.981,1,618664,800,786280,-1
34988.318,1,618955,500,786990,-1
34988.635,1,619180,1000,785300,1
34988.664,2,618277,800,784720,1
34988.671,2,618664,800,786280,-1
34988.758,1,619268,800,786180,-1
34988.862,2,619268,800,786180,-1
34988.905,2,618502,500,784910,1
34988.908,2,618955,500,786990,-1
34989.002,2,611654,400,784700,1
34989.005,1,619468,100,785000,1
34989.244,2,618519,100,786090,-1
34989.246,2,612670,100,784510,1
34989.307,1,619738,800,784720,1
34989.854,1,620097,800,786280,-1
34990.28,2,616489,250,784440,1
34990.282,2,616017,250,787200,-1
34990.313,1,620438,250,784040,1
34990.316,1,620440,250,786800,-1
34990.807,1,620856,100,9999990,-1
34990.811,1,620860,100,100,1
34990.961,2,619180,1000,785300,1
34991.181,2,619738,800,784720,1
34991.184,2,620097,800,786280,-1
34991.2,1,621210,800,784920,1
34991.35,2,621210,800,784920,1
34991.734,1,621647,800,785020,1
34991.818,2,621647,800,785020,1
34992.213,1,622005,500,785310,1
34992.287,1,622067,800,785120,1
34992.33,2,620438,250,784040,1
34992.355,2,620440,250,786800,-1
34992.361,1,622124,250,784440,1
34992.389,1,622154,250,787200,-1
34992.8,1,622537,500,787390,-1
34992.803,2,622005,500,785310,1
34992.899,2,622537,500,787390,-1
34993.338,1,622919,500,785410,1
34993.437,2,622067,800,785120,1
34993.571,2,620856,100,9999990,-1
34994.05,1,623396,500,787490,-1
34994.056,1,623400,100,9999990,-1
34994.694,2,622919,500,785410,1
34994.697,2,623396,500,787490,-1
34994.802,1,623920,500,785510,1
34994.857,1,623949,800,785220,1
34995.049,2,619468,100,785000,1
34995.051,1,624085,300,785100,1
34995.373,1,624351,500,787590,-1
34995.376,2,623920,500,785510,1
34995.402,1,624371,800,786780,-1
34995.438,2,624351,500,787590,-1
34996.988,2,623949,800,785220,1
34996.991,2,624371,800,786780,-1
34997.065,1,625494,800,785420,1
34997.596,1,625918,800,786980,-1
34997.606,2,623400,100,9999990,-1
34997.835,1,626086,500,785510,1
34997.959,1,626166,100,9999990,-1
34998.414,1,626589,500,787590,-1
34998.904,2,625494,800,785420,1
34998.909,2,625918,800,786980,-1
34998.954,1,626958,800,786780,-1
34998.961,2,626166,100,9999990,-1
34998.967,2,620860,100,100,1
34999.088,2,626958,800,786780,-1
34999.355,1,627289,100,9999990,-1
34999.359,1,627291,100,785310,1
34999.431,2,626086,500,785510,1
34999.436,2,626589,500,787590,-1
34999.438,1,627358,500,785410,1
34999.497,1,627405,800,785420,1
34999.585,1,627478,400,786300,-1
34999.623,4,627478,300,786300,-1
34999.657,2,627358,500,785410,1
34999.739,2,627405,800,785420,1
34999.899,1,627728,500,785410,1
34999.987,2,627728,500,785410,1
35000.047,1,627873,800,785420,1
35000.351,2,627873,800,785420,1
35000.406,1,628203,500,785610,1
35000.581,2,628203,500,785610,1
35000.594,1,628385,800,785620,1
35000.683,4,627478,100,786300,-1
35000.683,5,623723,300,786700,-1
35000.683,1,628465,400,786980,1
35000.92,1,628639,500,787790,-1
35000.97,2,628385,800,785620,1
35001.086,2,628639,500,787790,-1
35001.089,4,628465,400,786980,1
35001.138,1,628840,800,786980,-1
35001.21,2,628840,800,786980,-1
35001.243,2,602841,300,781100,1
35001.294,2,624085,300,785100,1
35001.296,1,628968,300,785500,1
35001.498,1,629122,500,787490,-1
35001.572,2,629122,500,787490,-1
35001.581,2,603832,300,794000,-1
35001.698,1,629307,600,785920,1
35002.074,1,629606,500,787690,-1
35002.223,2,622124,250,784440,1
35002.225,2,622154,250,787200,-1
35002.256,1,629757,250,784840,1
35002.258,1,629760,250,787600,-1
35002.538,2,629606,500,787690,-1
35002.687,1,630149,500,787690,-1
35002.702,2,627289,100,9999990,-1
35002.901,1,630331,600,786020,1
35003.01,2,629307,600,785920,1
35003.084,1,630471,300,782800,1
35003.087,1,630475,100,9999990,-1
35003.196,1,630570,500,785610,1
35003.624,1,630930,300,796400,-1
35006.215,2,630570,500,785610,1
35006.225,2,630149,500,787690,-1
35006.334,1,632918,500,787590,-1
35006.857,2,630331,600,786020,1
35006.9,1,633354,500,785510,1
35006.968,1,633398,600,785920,1
35007.388,2,633398,600,785920,1
35007.503,2,633354,500,785510,1
35007.507,2,632918,500,787590,-1
35007.574,1,633897,600,785720,1
35007.591,1,633911,500,787490,-1
35008.036,2,629760,250,787600,-1
35008.068,1,634339,250,788000,-1
35008.095,2,634339,250,788000,-1
35008.128,1,634392,250,787600,-1
35008.287,1,634532,500,785410,1
35008.388,1,634618,600,785820,1
35008.401,2,616850,1000,800300,-1
35008.404,1,634627,1000,795700,-1
35008.409,2,634532,500,785410,1
35008.412,2,633911,500,787490,-1
35008.498,2,633897,600,785720,1
35008.745,1,634913,500,787590,-1
35009.065,2,634913,500,787590,-1
35009.321,1,635290,500,787490,-1
35009.467,2,629757,250,784840,1
35009.469,2,634392,250,787600,-1
35009.5,1,635394,250,785240,1
35009.503,1,635398,250,788000,-1
35009.886,1,635770,500,785410,1
35010.305,2,635290,500,787490,-1
35010.31,2,635770,500,785410,1
35010.557,1,636356,500,787390,-1
35010.777,2,634618,600,785820,1
35010.814,2,636356,500,787390,-1
35010.836,1,636617,600,785620,1
35011.133,1,636912,500,787290,-1
35011.246,2,630475,100,9999990,-1
35011.299,2,628968,300,785500,1
35011.302,1,637064,300,786100,1
35011.309,2,627291,100,785310,1
35011.35,1,637105,600,785720,1
35011.43,2,636617,600,785620,1
35011.519,2,595920,500,783600,1
35011.58,1,637301,100,9999990,-1
35011.649,1,637367,100,785910,1
35012.855,1,638324,500,786300,1
35012.872,1,638341,600,785820,1
35012.958,2,637105,600,785720,1
35013.364,2,635394,250,785240,1
35013.365,2,635398,250,788000,-1
35013.396,1,638747,250,785640,1
35013.398,1,638750,250,788400,-1
35014.733,1,639813,100,787100,-1
35015.672,2,637064,300,786100,1
35015.675,1,640579,300,786000,1
35015.686,2,637301,100,9999990,-1
35015.823,2,638341,600,785820,1
35015.893,2,636912,500,787290,-1
35015.931,2,638324,500,786300,1
35015.931,1,640738,500,787190,-1
35016.042,2,640738,500,787190,-1
35016.059,1,640860,100,9999990,-1
35016.094,1,640899,600,785820,1
35016.432,1,641207,500,787190,-1
35016.593,2,639813,100,787100,-1
35016.612,1,641338,600,786020,1
35016.621,2,640899,600,785820,1
35017.012,2,641207,500,787190,-1
35017.163,1,641780,500,787290,-1
35017.212,2,638750,250,788400,-1
35017.247,1,641882,250,788800,-1
35017.383,2,641882,250,788800,-1
35017.414,1,642050,250,788400,-1
35017.446,2,638747,250,785640,1
35017.448,2,642050,250,788400,-1
35017.49,1,642120,250,786040,1
35017.492,1,642123,250,788800,-1
35017.765,2,642120,250,786040,1
35017.767,2,642123,250,788800,-1
35017.797,1,642449,250,785640,1
35017.8,1,642451,250,788400,-1
35017.824,2,642451,250,788400,-1
35017.856,1,642525,250,788800,-1
35018.103,2,642449,250,785640,1
35018.135,1,642807,250,786040,1
35018.225,2,642807,250,786040,1
35018.257,1,642947,250,785640,1
35018.524,2,641780,500,787290,-1
35018.644,1,643380,500,787190,-1
35018.909,2,642525,250,788800,-1
35018.915,2,643380,500,787190,-1
35018.94,1,643635,250,788400,-1
35019.211,1,643884,500,787290,-1
35019.564,2,643884,500,787290,-1
35019.75,2,643635,250,788400,-1
35019.784,1,644451,250,788800,-1
35019.825,1,644507,500,787290,-1
35019.884,2,644451,250,788800,-1
35019.916,1,644623,250,788400,-1
35020.219,2,641338,600,786020,1
35020.33,1,645049,600,785920,1
35020.566,2,642947,250,785640,1
35020.567,2,644623,250,788400,-1
35020.597,1,645252,250,786040,1
35020.602,1,645255,250,788800,-1
35021.858,2,644507,500,787290,-1
35021.977,1,646525,500,787390,-1
35022.226,2,645049,600,785920,1
35022.455,2,646525,500,787390,-1
35022.704,1,647238,500,787290,-1
35024.193,1,648533,600,786020,1
35025.222,2,647238,500,787290,-1
35025.447,1,649586,500,787390,-1
35026.15,2,648533,600,786020,1
35026.353,1,650318,600,786020,1
35028.181,2,640860,100,9999990,-1
35028.646,1,652114,100,9999990,-1
35028.87,1,652253,600,786120,1
35028.93,2,650318,600,786020,1
35029.059,2,649586,500,787390,-1
35029.163,1,652465,500,787490,-1
35031.063,1,653693,600,786220,1
35031.064,2,652253,600,786120,1
35031.989,2,652465,500,787490,-1
35031.991,2,634627,1000,795700,-1
35031.995,1,654338,1000,792800,-1
35032.026,1,654366,500,787590,-1
35032.231,1,654570,600,786420,1
35032.312,2,653693,600,786220,1
35032.382,2,645252,250,786040,1
35032.382,2,645255,250,788800,-1
35032.413,1,654698,250,785640,1
35032.416,1,654702,250,788400,-1
35032.514,2,654570,600,786420,1
35032.717,1,655024,600,786220,1
35033.129,2,654366,500,787590,-1
35033.234,1,655472,500,787690,-1
35033.26,1,655499,600,786520,1
35033.263,2,655024,600,786220,1
35033.817,2,654698,250,785640,1
35033.818,2,654702,250,788400,-1
35033.849,1,655994,250,786040,1
35033.851,1,655998,250,788800,-1
35035.516,2,655472,500,787690,-1
35035.626,1,657657,500,787790,-1
35036.114,1,658049,600,786620,1
35036.119,2,655499,600,786520,1
35036.919,2,657657,500,787790,-1
35037.028,1,658757,500,787890,-1
35037.629,2,658757,500,787890,-1
35037.757,1,659274,500,787790,-1
35037.838,2,659274,500,787790,-1
35038.067,2,654338,1000,792800,-1
35038.071,1,659483,1000,790200,-1
35038.302,1,659653,500,787890,-1
35039.004,2,659653,500,787890,-1
35039.149,1,660247,500,787790,-1
35040.394,1,661250,600,786920,1
35040.414,2,660247,500,787790,-1
35040.42,2,655994,250,786040,1
35040.424,2,655998,250,788800,-1
35040.454,1,661315,250,786440,1
35040.469,1,661328,250,789200,-1
35040.602,2,658049,600,786620,1
35040.65,1,661560,500,787890,-1
35041.137,2,661250,600,786920,1
35041.161,2,661560,500,787890,-1
35041.17,1,662098,500,787790,-1
35041.217,1,662154,600,786620,1
35041.48,2,661315,250,786440,1
35041.512,1,662382,250,786040,1
35041.967,2,662382,250,786040,1
35041.999,1,662825,250,786440,1
35042.254,2,662825,250,786440,1
35042.256,2,661328,250,789200,-1
35042.285,1,663113,250,786040,1
35042.29,1,663122,250,788800,-1
35042.499,2,662098,500,787790,-1
35042.647,1,663483,500,787690,-1
35045.22,2,652114,100,9999990,-1
35045.564,1,665843,100,9999990,-1
35047.74,4,662154,500,786620,1
35047.916,1,667634,800,787680,-1
35048.022,2,663483,500,787690,-1
35048.135,1,667763,500,787590,-1
35048.5,2,662154,100,786620,1
35048.503,2,667634,800,787680,-1
35048.506,1,668017,100,786520,1
35048.549,2,667763,500,787590,-1
35048.66,1,668124,500,787590,-1
35048.902,2,668017,100,786520,1
35049.025,1,668399,100,786620,1
35049.172,2,663122,250,788800,-1
35049.203,1,668543,250,789200,-1
35049.242,2,668543,250,789200,-1
35049.274,1,668605,250,788800,-1
35049.584,1,668914,800,787680,-1
35049.849,2,663113,250,786040,1
35049.85,2,668605,250,788800,-1
35049.88,1,669132,250,786440,1
35049.942,1,669199,250,789200,-1
35049.993,2,659483,1000,790200,-1
35050.004,1,669243,900,789200,-1
35050.152,2,665843,100,9999990,-1
35050.237,2,640579,300,786000,1
35050.248,1,669435,600,785900,1
35050.503,1,669617,100,9999990,-1
35050.584,2,668124,500,787590,-1
35050.69,1,669747,500,787690,-1
35050.771,1,669806,200,787800,-1
35051.171,2,669747,500,787690,-1
35051.214,2,668914,800,787680,-1
35051.254,1,670161,500,787590,-1
35051.321,2,670161,500,787590,-1
35051.334,1,670234,100,786720,1
35051.422,2,668399,100,786620,1
35051.742,2,669435,600,785900,1
35051.745,1,670568,600,785800,1
35051.8,1,670610,500,787590,-1
35051.872,1,670661,800,787780,-1
35052.466,2,670661,800,787780,-1
35052.533,1,671195,100,786820,1
35052.552,2,670234,100,786720,1
35052.787,2,671195,100,786820,1
35052.831,2,670610,500,787590,-1
35052.895,1,671507,500,787690,-1
35053.088,1,671685,100,786720,1
35053.53,1,672042,1000,787300,-1
35053.655,1,672152,800,787780,-1
35054.116,2,671685,100,786720,1
35054.12,2,672152,800,787780,-1
35054.311,1,672655,100,786520,1
35054.541,2,671507,500,787690,-1
35054.547,1,672854,500,787390,-1
35054.763,1,673023,800,787580,-1
35054.905,2,669132,250,786440,1
35054.906,2,669199,250,789200,-1
35054.936,1,673143,250,786040,1
35054.941,1,673146,250,788800,-1
35055.497,2,673143,250,786040,1
35055.499,2,673146,250,788800,-1
35055.53,1,673699,250,786440,1
35055.534,1,673704,250,789200,-1
35055.591,2,673699,250,786440,1
35055.594,2,673704,250,789200,-1
35055.624,1,673803,250,786040,1
35055.63,1,673808,250,788800,-1
35055.767,2,672655,100,786520,1
35055.771,2,673023,800,787580,-1
35055.869,1,674031,100,786420,1
35056.214,2,669243,900,789200,-1
35056.232,1,674304,600,788900,-1
35056.418,1,674476,800,787480,-1
35056.431,2,672854,500,787390,-1
35056.496,2,672042,1000,787300,-1
35056.547,1,674575,500,787490,-1
35056.642,2,674575,500,787490,-1
35057.12,1,675026,500,787490,-1
35057.885,2,669617,100,9999990,-1
35057.889,2,637367,100,785910,1
35057.952,2,674476,800,787480,-1
35058.057,1,675592,100,786520,1
35058.085,2,674031,100,786420,1
35058.202,1,675730,100,9999990,-1
35058.204,1,675732,100,786910,1
35058.516,2,675592,100,786520,1
35058.663,1,676098,100,786320,1
35058.717,2,675026,500,787490,-1
35058.719,1,676151,500,787390,-1
35059.171,1,676535,800,787380,-1
35059.907,2,669806,200,787800,-1
35059.92,2,676535,800,787380,-1
35059.949,5,676759,300,787000,1
35059.949,1,677068,200,787000,-1
35060.025,1,677104,100,786420,1
35060.036,2,676098,100,786320,1
35060.588,1,677462,800,787480,-1
35060.893,1,677669,200,786110,1
35061.509,2,670568,600,785800,1
35061.52,1,678119,900,785000,1
35062.356,2,674304,600,788900,-1
35062.359,1,678647,600,787900,-1
35062.942,2,676151,500,787390,-1
35063.056,1,679086,300,787490,-1
35064.425,2,677462,800,787480,-1
35064.504,1,679970,100,786620,1
35064.576,2,677104,100,786420,1
35064.724,2,679086,300,787490,-1
35064.725,4,677068,200,787000,-1
35064.726,2,677669,200,786110,1
35064.73,1,680157,200,786210,1
35064.983,1,680349,800,787680,-1
35065.242,1,680527,500,787590,-1
35065.351,2,673808,250,788800,-1
35065.383,1,680633,250,789200,-1
35065.388,2,680349,800,787680,-1
35065.536,1,680780,100,786720,1
35065.602,2,673803,250,786040,1
35065.606,2,679970,100,786620,1
35065.635,1,680872,250,786440,1
35065.724,2,680157,200,786210,1
35065.727,1,680958,200,786310,1
35066.056,2,680958,200,786310,1
35066.072,1,681247,800,787780,-1
35066.349,2,675732,100,786910,1
35066.404,2,681247,800,787780,-1
35066.524,1,681572,200,786310,1
35066.62,1,681644,100,786820,1
35066.713,2,680780,100,786720,1
35066.764,1,681745,100,787210,1
35067.167,1,682016,800,787880,-1
35067.185,2,680527,500,787590,-1
35067.19,1,682029,300,787690,-1
35068.045,2,682016,800,787880,-1
35068.104,1,682634,100,787120,1
35068.14,2,678647,600,787900,-1
35068.141,2,678119,900,785000,1
35068.147,1,682674,600,788100,-1
35068.149,1,682677,600,785200,1
35068.171,2,681644,100,786820,1
35068.346,2,682029,300,787690,-1
35068.35,2,681572,200,786310,1
35068.359,1,682853,200,786510,1
35068.619,1,683040,800,788180,-1
35068.686,1,683101,500,787890,-1
35069.254,2,682853,200,786510,1
35069.258,1,683556,200,786610,1
35070.282,2,682674,600,788100,-1
35070.286,1,684253,600,788500,-1
35070.387,2,675730,100,9999990,-1
35070.511,2,683101,500,787890,-1
35070.625,1,684493,500,787990,-1
35070.684,1,684536,100,787590,-1
35070.714,5,684552,100,787570,-1
35070.732,5,684552,100,787570,-1
35070.744,4,684536,100,787590,-1
35070.744,5,681555,300,787800,-1
35071.098,2,683040,800,788180,-1
35071.261,1,684892,800,788180,-1
35071.355,1,684968,100,788590,-1
35071.389,2,684892,800,788180,-1
35071.576,2,684493,500,787990,-1
35071.581,1,685124,300,787890,-1
35071.781,1,685267,100,787220,1
35071.784,2,682634,100,787120,1
35071.9,2,685124,300,787890,-1
35071.903,2,683556,200,786610,1
35071.906,1,685375,200,786710,1
35072.354,1,685688,100,787420,1
35072.361,2,685267,100,787220,1
35072.438,2,685688,100,787420,1
35072.461,1,685769,500,788090,-1
35072.874,1,686015,100,787320,1
35073.196,2,686015,100,787320,1
35073.383,2,685375,200,786710,1
35073.388,2,685769,500,788090,-1
35073.397,1,686419,300,787790,-1
35073.466,1,686470,100,787120,1
35073.644,2,686419,300,787790,-1
35073.797,1,686701,200,786510,1
35073.965,1,686808,800,788180,-1
35074.307,1,687028,500,787890,-1
35075.595,2,686701,200,786510,1
35075.599,1,687792,200,786610,1
35077.021,2,686470,100,787120,1
35077.023,2,687792,200,786610,1
35077.026,2,687028,500,787890,-1
35077.061,2,686808,800,788180,-1
35077.067,1,688663,300,787790,-1
35077.07,1,688664,100,786920,1
35077.207,2,688663,300,787790,-1
35077.582,1,689057,200,786510,1
35077.585,1,689058,800,787980,-1
35077.599,2,680872,250,786440,1
35077.601,2,680633,250,789200,-1
35077.631,1,689091,250,786840,1
35077.633,1,689095,250,789600,-1
35077.928,2,689057,200,786510,1
35078.228,1,689643,500,787790,-1
35078.791,2,689643,500,787790,-1
35078.915,1,690128,500,787890,-1
35079.184,2,689058,800,787980,-1
35079.238,1,690380,100,787120,1
35079.264,2,688664,100,786920,1
35079.524,2,690128,500,787890,-1
35079.527,1,690634,300,787990,-1
35079.713,2,690634,300,787990,-1
35079.844,1,690897,800,788180,-1
35080.03,1,691066,500,788090,-1
35080.628,2,691066,500,788090,-1
35080.748,1,691610,500,788190,-1
35080.933,2,690897,800,788180,-1
35080.953,1,691751,100,787420,1
35081.077,2,690380,100,787120,1
35081.226,2,691610,500,788190,-1
35081.318,1,692088,200,786910,1
35081.488,1,692195,800,788480,-1
35081.863,1,692452,500,788290,-1
35082.238,2,691751,100,787420,1
35082.244,2,692195,800,788480,-1
35082.578,2,692088,200,786910,1
35082.582,1,692957,200,787010,1
35082.935,2,689091,250,786840,1
35082.937,2,689095,250,789600,-1
35082.969,1,693254,250,787240,1
35082.971,1,693256,250,790000,-1
35083.76,1,693864,100,787320,1
35083.824,2,682677,600,785200,1
35083.842,1,693923,600,786000,1
35084.308,1,694308,800,788380,-1
35084.449,2,684253,600,788500,-1
35084.46,1,694410,600,789000,-1
35087.074,2,692957,200,787010,1
35087.31,2,693864,100,787320,1
35087.315,2,694308,800,788380,-1
35087.367,1,696503,800,788080,-1
35087.374,2,692452,500,788290,-1
35087.388,1,696517,300,788190,-1
35087.861,1,696952,100,787020,1
35087.906,1,696979,200,786910,1
35088.545,2,696503,800,788080,-1
35088.549,1,697563,100,787320,1
35088.557,2,696952,100,787020,1
35088.564,2,696517,300,788190,-1
35088.671,1,697694,500,788290,-1
35089.089,1,698035,800,788380,-1
35089.341,2,697694,500,788290,-1
35089.441,2,698035,800,788380,-1
35089.511,1,698422,300,788490,-1
35089.704,1,698591,100,787520,1
35089.784,2,697563,100,787320,1
35089.857,2,698422,300,788490,-1
35090.024,2,693254,250,787240,1
35090.026,2,693256,250,790000,-1
35090.057,1,698884,250,787640,1
35090.058,1,698885,250,790400,-1
35090.089,1,698910,500,788590,-1
35090.334,1,699190,800,788580,-1
35090.704,2,698910,500,788590,-1
35090.722,2,696979,200,786910,1
35090.726,1,699583,200,787310,1
35090.98,2,699190,800,788580,-1
35090.998,1,699855,100,787720,1
35091.017,2,698591,100,787520,1
35091.316,1,700152,500,788790,-1
35091.551,1,700390,800,788780,-1
35091.682,5,699921,100,787760,1
35091.708,2,698884,250,787640,1
35091.711,2,698885,250,790400,-1
35091.729,5,699921,100,787760,1
35091.741,1,700602,250,788040,1
35091.743,1,700605,250,790800,-1
35091.762,4,700602,100,788040,1
35091.796,4,700602,150,788040,1
35091.836,5,700680,50,788080,1
35091.868,4,699855,100,787720,1
35091.905,5,700733,50,787760,1
35091.935,1,700815,200,787510,1
35091.947,2,699583,200,787310,1
35092.246,1,701116,250,788000,1
35092.251,2,700605,250,790800,-1
35092.262,1,701140,800,787220,1
35092.276,2,700152,500,788790,-1
35092.285,1,701162,250,789600,-1
35092.307,4,701116,250,788000,1
35092.316,1,701189,200,787320,1
35092.565,1,701428,300,788890,-1
35092.695,2,701189,200,787320,1
35092.799,1,701668,250,787400,1
35092.8,2,701162,250,789600,-1
35092.833,1,701711,250,789560,-1
35092.893,2,700390,800,788780,-1
35092.895,2,701140,800,787220,1
35092.925,2,701428,300,788890,-1
35092.981,1,701847,800,787420,1
35092.994,1,701858,200,787230,1
35093.035,2,700815,200,787510,1
35093.039,1,701893,200,787710,1
35093.248,2,701858,200,787230,1
35093.575,1,702380,800,788980,-1
35093.742,2,694410,600,789000,-1
35093.744,2,693923,600,786000,1
35093.752,1,702564,200,787430,1
35093.762,1,702580,900,789500,-1
35093.763,1,702581,600,786600,1
35093.855,5,702320,300,787900,-1
35093.855,5,702331,200,788100,-1
35093.926,2,701668,250,787400,1
35093.928,2,701711,250,789560,-1
35093.989,1,702782,250,787800,1
35093.992,1,702785,250,789960,-1
35094.167,5,702836,100,787850,1
35094.462,1,703219,200,788970,-1
35094.554,2,702580,900,789500,-1
35094.568,1,703322,900,790300,-1
35094.818,2,701847,800,787420,1
35095.083,2,702564,200,787430,1
35095.111,2,702380,800,788980,-1
35095.324,1,704052,200,787810,1
35095.602,2,701893,200,787710,1
35095.607,1,704382,200,787910,1
35095.651,2,684968,100,788590,-1
35095.854,2,703219,200,788970,-1
35096.033,1,704748,100,9999990,-1
35096.168,1,704870,200,790290,-1
35096.175,1,704877,500,789290,-1
35096.448,1,705090,800,789280,-1
35096.787,2,704382,200,787910,1
35096.789,1,705371,200,788010,1
35096.792,2,704870,200,790290,-1
35096.956,1,705479,200,789280,-1
35099.444,2,705371,200,788010,1
35099.554,1,707804,200,787910,1
35099.593,1,707845,800,787720,1
35099.664,2,705090,800,789280,-1
35099.764,2,707845,800,787720,1
35099.777,2,704052,200,787810,1
35099.809,2,707804,200,787910,1
35099.811,2,704877,500,789290,-1
35099.92,1,708140,200,787220,1
35100.045,2,708140,200,787220,1
35100.148,1,708365,800,787420,1
35100.158,1,708375,200,787810,1
35100.602,1,708780,200,787220,1
35100.685,1,708861,800,788980,-1
35100.841,2,702782,250,787800,1
35100.874,1,709011,250,787400,1
35100.922,2,702581,600,786600,1
35100.922,2,702785,250,789960,-1
35100.924,1,709063,600,787000,1
35100.954,1,709086,250,789560,-1
35101.041,2,708780,200,787220,1
35101.14,2,709011,250,787400,1
35101.141,2,709086,250,789560,-1
35101.171,1,709297,250,787800,1
35101.174,1,709302,250,789960,-1
35101.26,2,709297,250,787800,1
35101.262,2,709302,250,789960,-1
35101.294,1,709422,250,787400,1
35101.297,1,709424,250,789560,-1
35101.408,2,708365,800,787420,1
35101.41,2,708861,800,788980,-1
35101.508,1,709636,800,787620,1
35101.627,1,709761,200,787820,1
35101.631,2,705479,200,789280,-1
35101.75,2,709063,600,787000,1
35101.766,1,709931,600,786800,1
35101.994,1,710137,800,789180,-1
35102.262,1,710361,200,789550,-1
35102.775,2,708375,200,787810,1
35102.789,5,708686,200,787900,-1
35102.91,2,709761,200,787820,1
35103.339,2,709636,800,787620,1
35103.35,2,710137,800,789180,-1
35103.374,1,711229,500,789190,-1
35103.419,1,711255,800,788580,-1
35103.567,1,711382,200,787410,1
35103.586,2,710361,200,789550,-1
35103.814,2,711229,500,789190,-1
35103.981,1,711711,500,789290,-1
35104.022,2,703322,900,790300,-1
35104.038,1,711772,600,789400,-1
35104.077,2,709931,600,786800,1
35104.086,1,711824,600,786600,1
35104.163,2,709424,250,789560,-1
35104.195,1,711921,250,789960,-1
35104.248,1,711977,200,789180,-1
35104.595,2,711711,500,789290,-1
35104.649,1,712347,500,787310,1
35104.743,2,711255,800,788580,-1
35104.824,2,709422,250,787400,1
35104.85,1,712502,800,788780,-1
35104.856,1,712505,250,787800,1
35104.997,2,711382,200,787410,1
35105.149,1,712803,200,787810,1
35105.188,1,712839,500,789390,-1
35105.523,2,704748,100,9999990,-1
35105.771,2,712502,800,788780,-1
35105.827,1,713357,800,788680,-1
35106.152,1,713622,100,9999990,-1
35106.473,1,713903,200,787900,-1
35106.511,4,713903,200,787900,-1
35106.534,5,708686,100,787900,-1
35106.567,2,713357,800,788680,-1
35106.588,1,713998,800,788480,-1
35106.659,2,712347,500,787310,1
35106.67,2,712839,500,789390,-1
35106.732,1,714151,500,789290,-1
35107.296,2,714151,500,789290,-1
35107.301,1,714538,500,789190,-1
35107.834,2,711824,600,786600,1
35107.843,1,714945,600,786300,1
35108.928,1,715771,80,822000,-1
35110.057,2,713998,800,788480,-1
35110.081,2,712803,200,787810,1
35110.111,2,714538,500,789190,-1
35110.136,1,716633,500,789090,-1
35110.179,1,716671,800,788180,-1
35110.196,1,716691,200,787220,1
35110.241,2,681745,100,787210,1
35110.644,1,717057,500,787010,1
35110.733,1,717140,100,100,1
35110.813,2,712505,250,787800,1
35110.815,2,711921,250,789960,-1
35110.846,1,717213,250,787400,1
35110.849,1,717214,250,789560,-1
35111.067,2,716691,200,787220,1
35111.188,1,717505,200,787410,1
35112.366,2,716671,800,788180,-1
35112.471,1,718389,800,788380,-1
35112.611,2,718389,800,788380,-1
35112.921,2,717214,250,789560,-1
35112.953,1,718726,250,789960,-1
35113.059,2,717213,250,787400,1
35113.093,1,718871,250,787800,1
35113.101,1,718877,800,788080,-1
35113.375,2,711772,600,789400,-1
35113.379,1,719148,600,789200,-1
35113.678,2,713622,100,9999990,-1
35113.918,2,718877,800,788080,-1
35114.037,1,719722,800,788180,-1
35114.134,1,719831,100,9999990,-1
35115.055,4,718871,250,787800,1
35115.055,5,717777,250,787500,1
35115.436,2,717057,500,787010,1
35115.442,2,716633,500,789090,-1
35115.48,1,720811,250,787200,1
35115.483,2,718726,250,789960,-1
35115.514,1,720837,250,789360,-1
35115.571,1,720872,500,786910,1
35116.124,1,721282,500,788990,-1
35116.402,2,720872,500,786910,1
35116.409,2,721282,500,788990,-1
35116.672,1,721685,500,786810,1
35116.741,2,721685,500,786810,1
35116.975,2,719722,800,788180,-1
35117.011,2,717505,200,787410,1
35117.12,1,722021,800,787880,-1
35117.247,2,714945,600,786300,1
35117.265,1,722177,600,785900,1
35117.321,1,722221,200,786310,1
35117.339,1,722229,500,786610,1
35117.465,2,722229,500,786610,1
35117.479,2,720811,250,787200,1
35117.481,2,720837,250,789360,-1
35117.511,1,722352,250,786800,1
35117.515,1,722357,250,788960,-1
35117.816,5,722326,100,787830,-1
35117.816,4,722021,400,787880,-1
35117.912,1,722720,500,786510,1
35118.012,1,722804,800,786820,1
35118.066,2,711977,200,789180,-1
35118.288,2,722221,200,786310,1
35118.405,1,723203,200,788950,-1
35118.432,1,723224,500,788590,-1
35118.866,1,723536,200,786810,1
35119.195,2,722804,800,786820,1
35119.269,2,719148,600,789200,-1
35119.272,1,723816,600,789100,-1
35119.275,2,722021,400,787880,-1
35119.278,1,723818,100,787120,1
35119.497,2,722720,500,786510,1
35119.5,2,723224,500,788590,-1
35119.511,1,724023,500,788390,-1
35119.554,2,723203,200,788950,-1
35119.668,2,722352,250,786800,1
35119.669,2,722357,250,788960,-1
35119.699,1,724177,250,786400,1
35119.705,1,724183,250,788560,-1
35119.723,1,724210,800,788180,-1
35119.953,1,724425,200,787990,-1
35120.839,2,722177,600,785900,1
35120.849,1,725265,900,785400,1
35121.561,2,724023,500,788390,-1
35121.583,2,725265,900,785400,1
35121.596,1,725855,900,784700,1
35121.672,1,725909,500,788490,-1
35122.25,1,726264,500,786410,1
35122.326,4,724425,200,787990,-1
35122.44,2,723536,200,786810,1
35122.51,2,726264,500,786410,1
35122.512,2,725909,500,788490,-1
35122.713,1,726645,200,787410,1
35122.817,1,726710,500,788490,-1
35123.259,1,726999,200,788550,-1
35123.398,1,727094,500,786410,1
35123.609,2,724210,800,788180,-1
35123.715,1,727316,100,787220,1
35123.799,2,723818,100,787120,1
35124.263,1,727674,800,788280,-1
35125.001,2,724177,250,786400,1
35125.002,2,724183,250,788560,-1
35125.033,1,728166,250,786800,1
35125.037,1,728174,250,788960,-1
35125.122,2,727094,500,786410,1
35125.125,2,726710,500,788490,-1
35125.297,1,728404,500,788590,-1
35125.833,2,727674,800,788280,-1
35125.994,1,728934,100,787520,1
35125.999,2,728404,500,788590,-1
35126.151,1,729091,500,788690,-1
35126.192,2,727316,100,787220,1
35126.205,2,726645,200,787410,1
35126.207,2,726999,200,788550,-1
35126.349,1,729270,200,787530,1
35126.5,1,729424,800,788580,-1
35126.641,2,729091,500,788690,-1
35126.647,1,729579,500,788790,-1
35126.775,2,728166,250,786800,1
35126.778,2,728174,250,788960,-1
35126.809,1,729720,250,786400,1
35126.814,1,729729,250,788560,-1
35126.91,1,729836,200,788570,-1
35127.246,1,730086,500,786710,1
35127.304,2,730086,500,786710,1
35127.307,2,729579,500,788790,-1
35127.472,1,730281,100,787620,1
35127.479,2,728934,100,787520,1
35127.482,2,729424,800,788580,-1
35127.785,1,730517,500,788790,-1
35127.973,2,729720,250,786400,1
35127.975,2,729729,250,788560,-1
35128.005,1,730651,250,786800,1
35128.009,1,730652,250,788960,-1
35128.026,1,730668,800,788680,-1
35128.172,2,730517,500,788790,-1
35128.369,1,730970,500,788690,-1
35128.609,1,731142,200,787990,1
35129.102,2,730668,800,788680,-1
35129.178,2,730281,100,787620,1
35129.251,1,731577,800,788480,-1
35129.545,2,731577,800,788480,-1
35129.76,1,731950,100,787520,1
35130.312,1,732289,800,788580,-1
35130.556,2,732289,800,788580,-1
35130.594,2,729836,200,788570,-1
35130.637,2,730970,500,788690,-1
35130.773,1,732620,200,788950,-1
35130.864,1,732669,500,788690,-1
35130.87,1,732675,800,788580,-1
35130.995,4,731142,200,787990,1
35130.995,1,732771,400,787990,-1
35131.112,2,732620,200,788950,-1
35131.115,2,732675,800,788580,-1
35131.418,1,733092,100,787820,1
35131.421,2,731950,100,787520,1
35131.497,2,732669,500,788690,-1
35131.503,2,733092,100,787820,1
35131.535,1,733177,200,788680,-1
35131.543,2,729270,200,787530,1
35131.595,2,733177,200,788680,-1
35131.641,1,733239,500,788790,-1
35131.979,1,733510,100,787720,1
35132.094,2,723816,600,789100,-1
35132.097,1,733584,600,788600,-1
35132.101,1,733589,200,786810,1
35132.232,2,719831,100,9999990,-1
35132.235,2,717140,100,100,1
35132.622,1,733955,100,9999990,-1
35132.627,1,733958,100,100,1
35132.631,1,733960,200,788780,-1
35132.817,2,725855,900,784700,1
35132.832,1,734096,600,785400,1
35133.059,4,732771,400,787990,-1
35133.188,2,733960,200,788780,-1
35133.307,1,734377,800,788780,-1
35133.52,1,734496,200,788590,-1
35133.851,2,734377,800,788780,-1
35133.852,2,733584,600,788600,-1
35133.859,1,734706,600,788700,-1
35133.962,1,734784,100,787820,1
35134.07,2,733589,200,786810,1
35134.08,2,734496,200,788590,-1
35134.14,2,733510,100,787720,1
35134.175,1,734903,200,787730,1
35134.51,1,735125,800,788880,-1
35134.734,1,735277,200,788590,-1
35134.774,2,733239,500,788790,-1
35134.806,2,735277,200,788590,-1
35134.914,1,735407,500,788890,-1
35134.982,2,735407,500,788890,-1
35135.3,1,735647,200,788590,-1
35135.38,2,735647,200,788590,-1
35135.434,1,735708,500,786810,1
35135.732,2,735125,800,788880,-1
35135.842,1,735950,100,787920,1
35135.852,1,735952,200,788590,-1
35135.865,2,735708,500,786810,1
35135.913,2,734784,100,787820,1
35135.973,1,736022,500,788790,-1
35136.18,2,735952,200,788590,-1
35136.407,1,736292,200,788780,-1
35136.562,2,730651,250,786800,1
35136.563,2,730652,250,788960,-1
35136.594,1,736395,250,786400,1
35136.596,1,736399,250,788560,-1
35136.675,1,736487,500,786710,1
35136.785,2,733955,100,9999990,-1
35136.789,2,733958,100,100,1
35136.8,2,734706,600,788700,-1
35136.812,1,736595,600,788900,-1
35137.134,2,736487,500,786710,1
35137.136,2,736022,500,788790,-1
35137.251,1,736951,500,788890,-1
35137.281,1,736978,100,9999990,-1
35137.284,1,736983,100,100,1
35137.79,1,737361,500,786810,1
35137.825,2,734903,200,787730,1
35138.101,1,737592,200,788010,1
35138.135,2,737361,500,786810,1
35138.136,2,736951,500,788890,-1
35138.163,2,737592,200,788010,1
35138.38,1,737819,500,788890,-1
35138.447,2,737819,500,788890,-1
35138.632,1,738001,200,786410,1
35138.734,2,736983,100,100,1
35139.009,1,738289,500,788790,-1
35139.067,1,738334,100,788110,1
35139.197,2,738001,200,786410,1
35139.213,2,735950,100,787920,1
35139.334,1,738543,100,787820,1
35139.359,2,736292,200,788780,-1
35139.398,1,738604,200,787930,1
35139.473,2,738289,500,788790,-1
35139.595,1,738793,500,788690,-1
35139.654,2,738793,500,788690,-1
35139.818,1,738962,100,787920,1
35139.861,2,738543,100,787820,1
35139.946,1,739081,200,788770,-1
35140.078,2,738604,200,787930,1
35140.181,2,739081,200,788770,-1
35140.224,2,738962,100,787920,1
35140.32,1,739465,500,788790,-1
35140.471,1,739615,100,787820,1
35140.706,1,739826,200,787930,1
35140.76,1,739873,500,786710,1
35140.796,2,736978,100,9999990,-1
35140.94,1,740059,100,787920,1
35141.004,2,739615,100,787820,1
35141.138,2,736395,250,786400,1
35141.14,2,736399,250,788560,-1
35141.146,5,738767,100,788500,1
35141.171,1,740264,250,786800,1
35141.174,1,740266,250,788960,-1
35141.182,1,740273,200,788770,-1
35141.76,1,740855,100,789500,-1
35141.767,2,739465,500,788790,-1
35141.773,1,740874,500,788890,-1
35141.779,2,739873,500,786710,1
35143.083,2,740874,500,788890,-1
35143.189,2,736595,600,788900,-1
35143.192,5,738767,200,788500,1
35143.192,1,741941,400,788500,-1
35143.57,4,741941,400,788500,-1
35143.67,1,742348,500,788990,-1
35143.893,1,742509,600,789300,-1
35144.824,5,740553,100,788300,1
35145.114,2,742348,500,788990,-1
35145.209,1,743456,800,788980,-1
35145.213,1,743458,500,788890,-1
35145.556,2,742509,600,789300,-1
35145.558,1,743686,900,789800,-1
35147.982,2,740855,100,789500,-1
35148.383,2,743456,800,788980,-1
35148.498,1,745679,100,788020,1
35148.523,1,745709,100,9999990,-1
35148.691,2,740059,100,787920,1
35149.0,2,745679,100,788020,1
35149.08,2,739826,200,787930,1
35149.085,2,740273,200,788770,-1
35149.121,1,746143,500,786810,1
35149.206,1,746219,100,788020,1
35149.306,1,746305,200,787940,1
35149.472,2,746143,500,786810,1
35149.477,2,743458,500,788890,-1
35149.664,1,746546,500,788990,-1
35149.713,1,746589,800,789080,-1
35149.77,1,746655,200,788950,-1
35150.701,2,746589,800,789080,-1
35150.806,1,747337,100,788120,1
35150.882,2,746219,100,788020,1
35150.997,1,747461,2000,791500,-1
35151.197,2,743686,300,789800,-1
35151.421,2,740264,250,786800,1
35151.452,1,747790,250,786400,1
35151.536,2,747790,250,786400,1
35151.567,1,747895,250,786800,1
35151.681,2,746546,500,788990,-1
35151.799,1,748114,800,789180,-1
35151.834,1,748141,500,789090,-1
35153.975,2,748114,800,789180,-1
35154.002,1,749466,100,788320,1
35154.054,2,748141,500,789090,-1
35154.082,2,747337,100,788120,1
35154.199,2,746305,200,787940,1
35154.209,2,749466,100,788320,1
35154.225,1,749662,500,789190,-1
35154.381,1,749801,200,786810,1
35154.508,2,749662,500,789190,-1
35154.527,1,749908,100,788120,1
35154.658,2,749801,200,786810,1
35154.817,1,750160,500,789190,-1
35154.943,1,750267,200,788210,1
35155.088,1,750359,100,788320,1
35155.143,2,749908,100,788120,1
35155.234,2,750267,200,788210,1
35155.398,2,750160,500,789190,-1
35155.634,1,750767,100,788420,1
35155.721,2,750359,100,788320,1
35155.749,1,750870,500,789190,-1
35155.935,2,750870,500,789190,-1
35156.182,1,751156,800,789480,-1
35156.287,1,751239,500,789290,-1
35156.693,2,746655,200,788950,-1
35156.76,2,734096,600,785400,1
35156.769,1,751568,600,786400,1
35156.806,2,743686,600,789800,-1
35156.813,1,751598,600,790000,-1
35156.833,1,751609,500,787210,1
35156.864,1,751626,200,788330,1
35157.301,2,751156,800,789480,-1
35157.335,2,751609,500,787210,1
35157.338,2,751239,500,789290,-1
35157.401,1,751979,100,788620,1
35157.406,2,750767,100,788420,1
35157.46,1,752030,500,789390,-1
35157.51,2,747895,250,786800,1
35157.511,2,740266,250,788960,-1
35157.542,1,752082,250,786400,1
35157.545,4,751979,100,788620,1
35157.545,1,752087,150,788560,-1
35157.554,1,752097,200,789990,-1
35157.676,2,752097,200,789990,-1
35157.855,1,752341,800,788120,1
35158.215,1,752631,200,789380,-1
35158.582,2,752082,250,786400,1
35158.584,2,752087,150,788560,-1
35158.614,1,752884,250,786800,1
35158.617,1,752886,250,788960,-1
35159.502,2,752030,500,789390,-1
35159.598,1,753516,500,789490,-1
35159.72,2,745709,100,9999990,-1
35159.765,2,751598,600,790000,-1
35159.768,1,753634,600,790100,-1
35160.108,1,753895,100,9999990,-1
35160.425,2,752884,250,786800,1
35160.427,2,752886,250,788960,-1
35160.457,1,754131,250,787200,1
35160.46,1,754135,250,789360,-1
35164.328,2,752341,800,788120,1
35164.485,1,756654,800,787920,1
35164.499,2,753895,100,9999990,-1
35164.51,2,753516,500,789490,-1
35164.516,1,756677,500,789290,-1
35164.911,1,756901,100,9999990,-1
35165.92,2,753634,600,790100,-1
35165.923,1,757434,600,790000,-1
35166.161,2,754131,250,787200,1
35166.193,1,757558,250,786800,1
35166.698,2,754135,250,789360,-1
35166.73,1,757895,250,788960,-1
35169.773,2,756654,800,787920,1
35169.869,1,759839,500,787210,1
35169.883,1,759848,800,787820,1
35170.613,2,757434,600,790000,-1
35170.616,1,760372,600,790300,-1
35170.779,2,759839,500,787210,1
35170.782,2,756677,500,789290,-1
35170.868,1,760506,800,789380,-1
35170.9,1,760531,1000,790000,-1
35170.91,1,760541,500,789190,-1
35171.417,2,760531,1000,790000,-1
35171.543,2,759848,800,787820,1
35171.546,2,760506,800,789380,-1
35171.548,1,760926,800,789180,-1
35171.555,2,751626,200,788330,1
35171.557,2,752631,200,789380,-1
35171.625,1,760995,500,787110,1
35171.773,1,761089,200,786810,1
35172.037,2,761089,200,786810,1
35172.088,1,761268,800,787620,1
35172.115,2,760926,800,789180,-1
35172.163,2,761268,800,787620,1
35172.321,1,761422,200,786810,1
35172.555,2,757558,250,786800,1
35172.557,2,757895,250,788960,-1
35172.587,1,761547,250,786400,1
35172.59,1,761550,250,788560,-1
35172.708,1,761651,800,790000,-1
35172.72,2,761422,200,786810,1
35172.849,1,761793,1000,790000,-1
35172.863,1,761799,200,789180,-1
35172.935,2,761793,1000,790000,-1
35173.164,5,761570,300,788520,-1
35173.164,5,761686,100,788520,-1
35173.197,1,762017,800,787620,1
35173.413,1,762163,200,787120,1
35173.458,5,761686,400,788520,-1
35173.536,2,760541,500,789190,-1
35173.544,2,762163,200,787120,1
35173.556,2,762017,800,787620,1
35173.56,2,761651,800,790000,-1
35173.762,2,760995,500,787110,1
35173.769,1,762368,800,787820,1
35173.85,2,761547,250,786400,1
35173.851,2,761550,250,788560,-1
35173.881,1,762441,250,787000,1
35173.883,1,762444,250,789160,-1
35173.993,1,762489,200,788210,1
35174.24,1,762626,1000,790000,-1
35174.308,1,762657,800,790000,-1
35175.736,2,762657,800,790000,-1
35175.787,2,762626,1000,790000,-1
35175.94,1,763873,500,787910,1
35176.531,1,764263,400,789190,-1
35176.864,2,762441,250,787000,1
35176.866,2,762444,250,789160,-1
35176.897,1,764541,250,787400,1
35176.898,1,764544,250,789560,-1
35177.351,2,760372,600,790300,-1
35177.354,1,764938,600,790500,-1
35177.565,2,762368,800,787820,1
35177.587,2,762489,200,788210,1
35177.724,1,765245,200,788210,1
35177.789,2,764263,400,789190,-1
35177.823,1,765328,800,789380,-1
35177.908,2,764541,250,787400,1
35177.911,2,764544,250,789560,-1
35177.942,1,765428,250,787000,1
35177.944,1,765430,250,789160,-1
35178.114,1,765562,200,789290,-1
35178.444,2,765428,250,787000,1
35178.447,2,765430,250,789160,-1
35178.478,1,765938,250,787400,1
35178.48,1,765939,250,789560,-1
35178.807,2,765328,800,789380,-1
35178.918,1,766332,800,789480,-1
35180.326,4,761799,200,789180,-1
35180.371,4,765562,200,789290,-1
35180.374,2,763873,500,787910,1
35180.445,1,767243,800,787920,1
35180.583,1,767330,500,788010,1
35180.638,2,756901,100,9999990,-1
35180.893,1,767488,100,9999990,-1
35181.317,2,765245,200,788210,1
35181.39,1,767774,1000,790000,-1
35181.426,1,767795,200,788120,1
35181.557,2,767774,1000,790000,-1
35181.687,2,738334,100,788110,1
35181.691,2,765938,250,787400,1
35181.693,2,765939,250,789560,-1
35181.724,1,768006,250,787000,1
35181.727,1,768007,250,789160,-1
35181.927,2,767243,800,787920,1
35181.929,2,766332,800,789480,-1
35181.973,2,767795,200,788120,1
35182.028,1,768214,800,789580,-1
35182.064,1,768246,100,100,1
35182.191,1,768340,200,788020,1
35182.582,1,768604,800,788020,1
35183.044,2,768604,800,788020,1
35183.135,2,768214,800,789580,-1
35183.138,1,768991,800,789380,-1
35183.296,2,768991,800,789380,-1
35183.668,1,769376,800,789480,-1
35183.765,2,769376,800,789480,-1
35184.213,1,769771,800,789380,-1
35184.421,2,764938,600,790500,-1
35184.424,1,769896,600,790700,-1
35184.759,1,770104,800,787820,1
35184.897,2,747461,2000,791500,-1
35185.32,1,770369,2000,794500,-1
35185.956,2,769771,800,789380,-1
35186.327,2,770104,800,787820,1
35187.943,2,767330,500,788010,1
35188.058,1,771864,800,789480,-1
35188.064,1,771868,500,788110,1
35188.397,2,771868,500,788110,1
35188.606,1,772147,800,787920,1
35188.615,1,772151,500,788010,1
35188.694,2,768340,200,788020,1
35188.955,1,772313,200,787930,1
35189.576,2,771864,800,789480,-1
35190.331,2,768246,100,100,1
35190.34,2,767488,100,9999990,-1
35190.371,2,769896,600,790700,-1
35190.373,1,773123,900,790600,-1
35190.701,1,773342,100,100,1
35190.702,2,772151,500,788010,1
35190.704,1,773344,100,9999990,-1
35190.824,1,773427,500,788010,1
35190.902,2,773427,500,788010,1
35191.12,2,772147,800,787920,1
35191.428,1,773808,500,788010,1
35191.683,1,773951,800,789480,-1
35191.806,2,773123,900,790600,-1
35191.811,1,774000,900,790800,-1
35192.228,1,774204,800,787920,1
35193.229,2,773808,500,788010,1
35193.329,2,774204,800,787920,1
35193.331,2,773951,800,789480,-1
35193.335,1,774853,500,788110,1
35193.433,1,774891,800,789580,-1
35193.477,1,774918,1000,790000,-1
35193.995,1,775161,800,788020,1
35197.447,2,774891,800,789580,-1
35198.054,2,774000,900,790800,-1
35198.057,1,777081,600,790700,-1
35199.586,1,777847,800,789910,-1
35201.956,2,777847,800,789910,-1
