34200.054,2,4465605,800,779220,1
34200.056,2,4465331,800,780680,-1
34200.118,1,4465870,800,779320,1
34200.156,2,4463560,100,780500,-1
34200.157,2,4465191,500,780500,-1
34200.337,1,4466185,100,780500,-1
34200.347,1,4466212,800,780780,-1
34200.453,2,4466212,800,780780,-1
34200.457,2,4465870,800,779320,1
34200.569,1,4466583,800,780480,-1
34200.576,1,4466596,500,780500,-1
34200.641,2,4466583,800,780480,-1
34201.419,1,4468114,800,780580,-1
34201.453,2,4463778,600,780800,-1
34201.457,1,4468181,600,780600,-1
34201.597,1,4468429,800,779120,1
34201.839,2,4468429,800,779120,1
34201.839,2,4468114,800,780580,-1
34201.869,1,4468907,800,780680,-1
34202.059,1,4469224,800,779220,1
34203.084,2,4469224,800,779220,1
34203.084,2,4468907,800,780680,-1
34203.11,1,4471042,800,779320,1
34203.158,1,4471121,200,780500,-1
34203.627,1,4471912,800,780780,-1
34203.89,2,4468181,600,780600,-1
34203.891,1,4472338,600,780500,-1
34204.203,2,4471042,800,779320,1
34204.206,2,4471912,800,780780,-1
34204.252,1,4472936,800,780580,-1
34204.45,1,4473289,800,779120,1
34205.109,2,4473289,800,779120,1
34205.11,2,4472936,800,780580,-1
34205.138,1,4474510,800,780680,-1
34205.245,2,4447148,500,778600,1
34205.25,1,4474700,500,778000,1
34205.294,1,4474773,800,779220,1
34205.564,2,4472338,600,780500,-1
34205.573,1,4475256,600,780600,-1
34206.036,2,4474773,800,779220,1
34206.04,2,4474510,800,780680,-1
34206.064,1,4476075,800,779420,1
34206.255,1,4476401,1000,780700,-1
34206.737,1,4477159,800,780880,-1
34206.91,2,4466185,100,780500,-1
34207.346,1,4478178,100,780600,-1
34208.43,1,4480029,500,780200,-1
34208.463,2,4463686,500,780500,-1
34208.525,1,4480181,400,780100,-1
34208.585,2,4478178,100,780600,-1
34208.679,1,4480449,500,780100,-1
34208.682,2,4480029,500,780200,-1
34208.794,2,4466596,500,780500,-1
34208.795,2,4471121,200,780500,-1
34208.844,1,4480750,100,780010,-1
34209.332,2,4459310,100,780300,-1
34209.332,1,4481543,400,779900,-1
34209.377,2,4476075,800,779420,1
34209.377,2,4477159,800,780880,-1
34209.404,1,4481671,800,779320,1
34209.557,1,4481922,800,780780,-1
34209.712,2,4287675,200,779000,1
34209.713,1,4482144,200,778300,1
34209.926,2,4475256,600,780600,-1
34209.935,1,4482524,600,780400,-1
34210.326,2,4481671,800,779320,1
34210.332,2,4481922,800,780780,-1
34210.361,2,4482524,600,780400,-1
34210.367,1,4483223,600,780600,-1
34210.441,1,4483345,800,779520,1
34210.629,1,4483666,800,780980,-1
34210.854,2,4480750,100,780010,-1
34210.878,2,4480449,500,780100,-1
34211.1,2,4483345,800,779520,1
34211.102,2,4483666,800,780980,-1
34211.137,1,4484502,800,779420,1
34211.18,4,4481543,400,779900,-1
34211.217,1,4484643,500,780100,-1
34211.322,1,4484818,800,780880,-1
34211.435,2,4483223,600,780600,-1
34211.438,1,4485013,600,780800,-1
34211.505,2,4474700,500,778000,1
34211.509,1,4485139,500,778600,1
34211.572,2,4484643,500,780100,-1
34211.845,2,4480181,400,780100,-1
34211.968,1,4485913,500,780100,-1
34212.304,2,4485913,500,780100,-1
34212.504,2,4484502,800,779420,1
34212.507,2,4484818,800,780880,-1
34212.52,1,4486820,800,779620,1
34212.916,2,4486820,800,779620,1
34212.968,1,4487565,800,779320,1
34213.2,1,4487965,800,780780,-1
34214.995,1,4491023,100,780100,-1
34215.008,2,4491023,100,780100,-1
34215.37,1,4491642,100,780100,-1
34215.676,2,4491642,100,780100,-1
34216.706,2,4487565,800,779320,1
34216.783,1,4494037,800,779320,1
34216.835,2,4487965,800,780780,-1
34216.928,2,4485013,600,780800,-1
34216.928,1,4494302,600,781100,-1
34216.935,1,4494320,800,780780,-1
34217.35,1,4495014,500,780100,-1
34217.826,1,4495829,100,780100,-1
34217.835,2,4495829,100,780100,-1
34218.08,1,4496261,100,780100,-1
34218.1,2,4496261,100,780100,-1
34218.278,1,4496613,100,780100,-1
34218.539,2,4496613,100,780100,-1
34218.762,1,4497449,100,780100,-1
34218.775,2,4497449,100,780100,-1
34218.973,1,4497798,100,780100,-1
34219.181,2,4494037,800,779320,1
34219.227,1,4498220,800,779320,1
34219.315,2,4494320,800,780780,-1
34219.352,1,4498448,800,780780,-1
34219.534,2,4495014,500,780100,-1
34220.084,2,4498220,800,779320,1
34220.085,2,4498448,800,780780,-1
34220.102,1,4499743,800,779220,1
34220.13,1,4499790,500,780100,-1
34220.36,2,4499790,500,780100,-1
34220.558,2,4497798,100,780100,-1
34220.651,1,4500663,100,780000,-1
34221.257,2,4500663,100,780000,-1
34221.32,1,4501798,100,779900,-1
34221.424,4,4501798,100,779900,-1
34221.561,2,4409012,200,782000,-1
34221.563,1,4502218,200,781400,-1
34221.783,1,4502609,500,779900,-1
34221.792,4,4502609,500,779900,-1
34221.806,1,4502654,200,780000,-1
34222.024,1,4503026,800,780680,-1
34222.054,5,4503043,200,779980,-1
34222.061,4,4502654,200,780000,-1
34222.498,2,4503026,800,780680,-1
34222.505,2,4499743,800,779220,1
34222.565,1,4503909,800,779420,1
34222.775,1,4504276,100,779800,1
34223.088,2,4503909,800,779420,1
34223.118,1,4504859,800,779320,1
34223.299,1,4505162,800,780780,-1
34224.051,2,4485139,500,778600,1
34224.053,1,4506488,500,779000,1
34224.773,2,4504859,800,779320,1
34224.782,2,4505162,800,780780,-1
34224.84,1,4507727,800,780580,-1
34225.025,1,4508041,800,779120,1
34225.135,2,4504276,100,779800,1
34225.474,2,4508041,800,779120,1
34225.479,2,4507727,800,780580,-1
34225.534,1,4508876,800,780380,-1
34225.74,1,4509229,800,778920,1
34225.742,2,4506488,500,779000,1
34225.743,1,4509235,500,778700,1
34225.844,1,4509398,500,779800,-1
34225.99,1,4509630,100,780000,-1
34226.113,2,3900701,100,770000,1
34226.369,2,4509630,100,780000,-1
34226.508,1,4510389,100,779710,-1
34227.18,2,4509229,800,778920,1
34227.181,2,4508876,800,780380,-1
34227.19,1,4511531,800,780080,-1
34227.297,1,4511702,500,779800,-1
34227.38,2,4509398,500,779800,-1
34227.467,1,4511994,800,778620,1
34227.596,1,4512222,500,779800,-1
34227.828,2,4510389,100,779710,-1
34227.976,2,4511994,800,778620,1
34227.981,2,4511531,800,780080,-1
34228.03,1,4512994,800,778720,1
34228.114,2,4494302,600,781100,-1
34228.116,1,4513143,600,780600,-1
34228.254,1,4513379,100,779800,-1
34228.65,2,4512994,800,778720,1
34228.768,1,4514218,800,778920,1
34228.986,1,4514639,800,780380,-1
34229.166,2,4512222,500,779800,-1
34229.288,1,4515152,500,779800,-1
34229.307,2,4509235,500,778700,1
34229.318,1,4515208,500,778300,1
34230.593,2,4514218,800,778920,1
34230.595,2,4514639,800,780380,-1
34230.626,1,4517371,800,780180,-1
34230.674,2,4517371,800,780180,-1
34230.814,1,4517680,800,780380,-1
34230.99,1,4517999,800,778920,1
34231.064,2,4513143,600,780600,-1
34231.067,1,4518106,600,780900,-1
34231.177,2,4513379,100,779800,-1
34231.56,1,4518989,100,779800,-1
34232.417,2,4517999,800,778920,1
34232.419,2,4517680,800,780380,-1
34232.455,1,4520543,800,779020,1
34232.807,1,4521126,800,780480,-1
34235.19,2,4520543,800,779020,1
34235.229,1,4525141,800,779020,1
34235.283,2,4525141,800,779020,1
34235.286,2,4521126,800,780480,-1
34235.476,1,4525550,800,779220,1
34236.06,2,4525550,800,779220,1
34236.077,2,4518989,100,779800,-1
34236.112,1,4526592,800,779120,1
34236.186,2,4526592,800,779120,1
34236.349,1,4526987,800,778920,1
34236.503,1,4527241,100,779800,-1
34236.529,2,4527241,100,779800,-1
34236.543,1,4527321,800,780380,-1
34236.91,1,4527923,100,779800,-1
34237.343,2,4526987,800,778920,1
34237.344,2,4527321,800,780380,-1
34237.454,1,4528773,800,780180,-1
34237.513,2,4528773,800,780180,-1
34237.515,2,4511702,500,779800,-1
34237.608,1,4529020,800,778920,1
34237.759,1,4529300,800,780380,-1
34237.92,2,4529020,800,778920,1
34237.921,2,4529300,800,780380,-1
34237.95,1,4529619,800,778820,1
34238.088,1,4529841,800,780280,-1
34238.164,2,4529619,800,778820,1
34238.166,2,4529841,800,780280,-1
34238.239,2,4482144,200,778300,1
34238.24,1,4530069,200,777500,1
34238.307,1,4530183,800,779020,1
34238.346,2,4530183,800,779020,1
34238.467,1,4530450,100,779700,-1
34238.563,1,4530584,800,779020,1
34238.856,1,4531099,50,779800,-1
34238.99,2,4530584,800,779020,1
34239.018,2,4515208,500,778300,1
34239.019,1,4531400,500,778700,1
34239.051,2,4531099,50,779800,-1
34239.055,2,4527923,100,779800,-1
34239.403,2,4531400,500,778700,1
34239.404,1,4532018,500,778300,1
34239.457,1,4532123,800,778920,1
34239.659,1,4532495,100,779800,-1
34239.667,1,4532506,800,780380,-1
34239.694,1,4532554,100,779800,-1
34239.917,1,4532955,100,779500,-1
34239.995,2,4532123,800,778920,1
34240.0,2,4532506,800,780380,-1
34240.038,2,4515152,500,779800,-1
34240.13,1,4533272,800,778920,1
34240.313,1,4533599,800,780380,-1
34240.368,2,4532495,100,779800,-1
34240.369,2,4532554,100,779800,-1
34240.427,2,4533272,800,778920,1
34240.431,2,4533599,800,780380,-1
34240.589,1,4534049,800,780080,-1
34240.736,2,4502218,200,781400,-1
34240.739,1,4534304,200,780700,-1
34240.751,1,4534330,100,779000,1
34240.772,2,4534330,100,779000,1
34240.78,2,4534049,800,780080,-1
34240.821,1,4534460,800,779980,-1
34240.831,1,4534477,500,779700,-1
34240.935,2,4532018,500,778300,1
34240.94,1,4534675,500,778700,1
34241.509,1,4535684,800,778520,1
34241.738,2,4534675,500,778700,1
34241.739,1,4536067,500,778500,1
34241.89,2,4535684,800,778520,1
34241.899,2,4534460,800,779980,-1
34241.935,1,4536369,800,778420,1
34241.978,2,4536067,500,778500,1
34241.978,1,4536436,500,778300,1
34242.114,2,4536369,800,778420,1
34242.193,1,4536765,800,778220,1
34242.354,1,4537061,800,779700,-1
34242.468,2,4532955,100,779500,-1
34242.468,1,4537231,100,779200,-1
34242.837,1,4537927,500,779210,-1
34242.837,2,4534477,500,779700,-1
34243.083,2,4537061,800,779700,-1
34243.482,5,4537272,100,779160,-1
34243.938,2,4536765,800,778220,1
34243.942,1,4539808,800,778020,1
34244.389,2,4518106,600,780900,-1
34244.39,1,4540596,600,780300,-1
34244.527,1,4540823,800,779480,-1
34245.008,1,4541664,100,779100,-1
34245.036,2,4536436,500,778300,1
34245.04,1,4541720,500,777800,1
34247.003,1,4544995,500,779000,-1
34247.039,2,4537927,500,779210,-1
34247.091,2,4539808,800,778020,1
34247.091,2,4540823,800,779480,-1
34247.121,1,4545203,800,778120,1
34247.307,1,4545521,800,779580,-1
34247.392,2,4541664,100,779100,-1
34247.428,2,4537231,100,779200,-1
34247.428,1,4545725,100,778900,-1
34247.46,1,4545781,100,779200,-1
34247.584,2,4544995,500,779000,-1
34247.767,1,4546325,500,779200,-1
34248.672,2,4545203,800,778120,1
34248.673,2,4545521,800,779580,-1
34248.711,2,4545781,100,779200,-1
34248.725,1,4547919,800,779380,-1
34248.87,1,4548187,100,779010,-1
34248.911,1,4548256,800,777920,1
34249.017,1,4548456,1000,777900,1
34249.737,2,4541720,500,777800,1
34249.742,1,4549749,500,777200,1
34249.752,2,4340479,500,786000,-1
34249.767,1,4549795,400,783400,-1
34250.206,2,4548187,100,779010,-1
34250.556,2,4548256,800,777920,1
34250.557,2,4547919,800,779380,-1
34250.582,1,4551155,100,778910,-1
34250.588,1,4551168,800,778020,1
34250.993,2,4540596,600,780300,-1
34250.994,1,4551839,600,779800,-1
34251.132,2,4551155,100,778910,-1
34251.351,1,4552461,100,779000,-1
34251.677,2,4451358,1000,776000,1
34251.677,1,4553019,800,779480,-1
34251.678,1,4553022,1000,775100,1
34252.394,2,4548456,1000,777900,1
34252.498,2,4551168,800,778020,1
34252.498,2,4553019,800,779480,-1
34252.524,1,4554427,800,777920,1
34253.122,2,4554427,800,777920,1
34253.227,1,4555538,800,777720,1
34253.814,1,4556544,1000,777600,1
34254.02,2,4556544,1000,777600,1
34254.617,2,4555538,800,777720,1
34254.648,1,4558042,800,777820,1
34256.898,2,4256050,90,784900,-1
34256.914,1,4561930,90,784900,-1
34257.27,2,4558042,800,777820,1
34257.291,1,4562568,800,777920,1
34257.3,2,4561930,90,784900,-1
34258.206,2,4552461,100,779000,-1
34258.367,2,4562568,800,777920,1
34258.463,1,4564538,800,778120,1
34258.589,1,4564731,100,779000,-1
34259.164,5,4556486,100,778890,-1
34259.177,4,4545725,100,778900,-1
34259.261,2,4564731,100,779000,-1
34259.563,1,4566304,800,779580,-1
34259.745,2,4546325,500,779200,-1
34262.873,2,4564538,800,778120,1
34262.917,1,4572017,800,778120,1
34262.95,1,4572072,500,779000,-1
34263.085,2,4572017,800,778120,1
34263.093,2,4566304,800,779580,-1
34263.18,1,4572452,800,778020,1
34263.446,1,4572901,800,779480,-1
34263.453,2,4530069,200,777500,1
34263.453,1,4572913,200,776500,1
34263.701,2,4549749,500,777200,1
34263.703,1,4573332,500,777500,1
34264.107,2,4572452,800,778020,1
34264.107,2,4572901,800,779480,-1
34264.133,1,4574081,800,777920,1
34264.296,1,4574351,800,779380,-1
34264.721,1,4575061,1000,777800,1
34265.304,2,4575061,1000,777800,1
34265.807,2,4574081,800,777920,1
34265.807,2,4574351,800,779380,-1
34265.843,1,4576935,800,777820,1
34265.853,5,4570834,500,778200,1
34265.873,2,4572072,500,779000,-1
34265.954,1,4577130,1000,777300,1
34266.027,2,4576935,800,777820,1
34266.124,2,4534304,200,780700,-1
34266.126,1,4577429,200,779600,-1
34266.175,1,4577507,100,778000,1
34266.337,1,4577769,800,777720,1
34266.414,2,4577769,800,777720,1
34266.458,1,4577976,800,777620,1
34266.734,2,4577130,1000,777300,1
34266.761,1,4578486,800,779080,-1
34266.93,2,4577976,800,777620,1
34266.93,2,4578486,800,779080,-1
34266.967,1,4578798,800,777820,1
34267.093,1,4579022,1000,777500,1
34267.131,2,4578798,800,777820,1
34267.179,1,4579170,800,777720,1
34267.877,2,4579170,800,777720,1
34267.916,1,4580441,800,777620,1
34268.081,2,4579022,1000,777500,1
34268.154,1,4580844,800,779080,-1
34268.248,2,4573332,500,777500,1
34268.25,1,4581010,500,777700,1
34268.922,2,4580441,800,777620,1
34268.924,2,4580844,800,779080,-1
34268.955,1,4582234,800,777520,1
34268.976,1,4582274,100,777900,1
34269.108,1,4582489,800,778980,-1
34269.143,5,4577521,100,778040,1
34269.474,2,4581010,500,777700,1
34269.48,1,4583123,500,777500,1
34270.032,1,4584071,500,777700,1
34270.769,2,4582234,800,777520,1
34270.769,2,4582489,800,778980,-1
34270.786,1,4585329,1000,781200,-1
34270.797,1,4585350,800,778880,-1
34271.288,1,4586158,800,777420,1
34271.391,5,4577539,100,778040,1
34271.844,2,4584071,500,777700,1
34271.918,5,4577539,50,778040,1
34271.918,4,4577507,50,778000,1
34271.927,4,4577507,50,778000,1
34271.927,4,4582274,50,777900,1
34272.029,1,4587391,600,773600,1
34272.092,1,4587505,100,777700,1
34272.096,1,4587512,600,783900,-1
34272.654,2,4586158,800,777420,1
34272.655,2,4585350,800,778880,-1
34272.68,1,4588450,800,778780,-1
34273.053,4,4582274,50,777900,1
34273.061,2,4588450,800,778780,-1
34273.117,1,4589169,800,778580,-1
34273.295,1,4589488,800,777120,1
34274.109,2,4583123,500,777500,1
34274.113,1,4590899,500,777300,1
34274.865,2,4587505,100,777700,1
34275.0,1,4592412,300,777800,-1
34275.312,2,4592412,300,777800,-1
34275.569,1,4593345,100,777900,-1
34275.888,1,4593898,300,778000,-1
34275.992,2,4590899,500,777300,1
34275.997,1,4594077,500,777000,1
34276.143,5,4591654,300,777800,-1
34276.354,2,4589169,800,778580,-1
34276.391,1,4594737,800,778580,-1
34276.441,2,4589488,800,777120,1
34276.512,1,4594943,800,777120,1
34278.395,2,4594943,800,777120,1
34278.399,2,4594737,800,778580,-1
34278.438,1,4598182,800,778380,-1
34278.658,1,4598565,800,776920,1
34279.341,2,4551839,600,779800,-1
34279.343,1,4599804,600,779000,-1
34280.599,2,4594077,500,777000,1
34280.6,1,4601905,500,776700,1
34280.98,1,4602540,1000,777200,1
34281.611,2,4593345,100,777900,-1
34281.917,1,4604101,100,777900,-1
34281.953,2,4598182,800,778380,-1
34281.989,1,4604223,800,778380,-1
34282.06,2,4598565,800,776920,1
34282.084,2,4604223,800,778380,-1
34282.149,1,4604491,800,778480,-1
34282.282,1,4604716,800,777020,1
34282.587,2,4604101,100,777900,-1
34282.665,1,4605333,100,777710,-1
34282.671,2,4593898,300,778000,-1
34282.679,1,4605358,100,777700,-1
34283.264,2,4605333,100,777710,-1
34283.291,2,4604716,800,777020,1
34283.291,2,4604491,800,778480,-1
34283.297,1,4606342,800,777220,1
34283.582,1,4606804,100,777800,-1
34284.093,2,4605358,100,777700,-1
34284.167,2,4606342,800,777220,1
34284.211,1,4607799,800,777120,1
34284.338,2,4606804,100,777800,-1
34284.423,1,4608122,800,778580,-1
34285.033,1,4609168,100,777700,1
34285.94,2,4599804,600,779000,-1
34285.942,1,4610674,600,779400,-1
34286.051,5,4609181,200,777720,1
34286.051,4,4609168,100,777700,1
34286.051,1,4610872,700,777700,-1
34286.134,2,4610872,700,777700,-1
34286.402,2,4607799,800,777120,1
34286.403,2,4608122,800,778580,-1
34286.429,1,4611507,800,777020,1
34286.52,2,4587391,600,773600,1
34286.581,1,4611753,800,778480,-1
34286.656,1,4611889,600,772500,1
34287.259,2,4611507,800,777020,1
34287.26,2,4611753,800,778480,-1
34287.267,1,4612871,800,777220,1
34287.558,1,4613354,800,778680,-1
34287.742,2,4601905,500,776700,1
34287.745,1,4613681,500,777000,1
34287.842,2,4612871,800,777220,1
34287.845,2,4613354,800,778680,-1
34287.876,1,4613858,800,777420,1
34288.093,1,4614215,100,777600,1
34288.394,1,4614735,800,778880,-1
34288.626,5,4614774,250,777750,1
34288.626,5,4615112,250,777700,1
34288.885,5,4615112,100,777700,1
34289.265,2,4613858,800,777420,1
34289.265,2,4614735,800,778880,-1
34289.307,1,4616234,800,777320,1
34289.591,1,4616694,800,778780,-1
34289.671,2,4613681,500,777000,1
34289.673,1,4616852,500,777300,1
34290.863,2,4610674,600,779400,-1
34290.866,1,4618956,600,780000,-1
34290.993,2,4616234,800,777320,1
34290.994,2,4616694,800,778780,-1
34291.002,1,4619157,800,777020,1
34291.055,2,4619157,800,777020,1
34291.216,1,4619511,800,777220,1
34291.347,2,4619511,800,777220,1
34291.431,1,4619861,800,777020,1
34291.632,1,4620202,800,778480,-1
34291.96,5,4615112,150,777700,1
34291.96,5,4615791,250,777700,1
34292.37,2,4616852,500,777300,1
34292.37,1,4621410,500,776900,1
34292.705,2,4602540,1000,777200,1
34292.83,2,4549795,400,783400,-1
34292.836,1,4622186,500,786600,-1
34293.611,2,4621410,500,776900,1
34293.612,1,4623502,500,777500,1
34293.738,2,4619861,800,777020,1
34293.74,2,4620202,800,778480,-1
34293.769,1,4623765,800,776920,1
34293.857,2,4623765,800,776920,1
34293.96,1,4624054,800,776920,1
34294.059,2,4624054,800,776920,1
34294.183,1,4624412,800,776920,1
34294.385,1,4624771,800,778380,-1
34294.81,2,4614215,100,777600,1
34295.015,2,4624412,800,776920,1
34295.016,2,4624771,800,778380,-1
34295.045,1,4625888,800,777020,1
34295.166,1,4626092,800,778480,-1
34295.242,1,4626225,100,777800,1
34295.278,1,4626275,1000,778500,-1
34295.314,2,4623502,500,777500,1
34295.318,1,4626350,500,777300,1
34296.148,2,4625888,800,777020,1
34296.15,2,4626092,800,778480,-1
34296.152,1,4627746,800,777220,1
34296.376,1,4628128,800,778680,-1
34296.808,2,4627746,800,777220,1
34296.812,2,4628128,800,778680,-1
34296.824,1,4628896,800,778480,-1
34296.854,2,4626350,500,777300,1
34296.856,1,4628936,500,777600,1
34296.95,2,4628896,800,778480,-1
34297.087,1,4629326,800,777220,1
34297.303,1,4629704,800,778680,-1
34297.587,2,4629326,800,777220,1
34297.589,2,4629704,800,778680,-1
34297.643,1,4630267,800,778480,-1
34297.715,2,4628936,500,777600,1
34297.716,1,4630382,500,777400,1
34297.829,1,4630584,800,777020,1
34299.155,2,4626225,100,777800,1
34299.185,2,4630584,800,777020,1
34299.188,2,4630267,800,778480,-1
34299.207,1,4632859,800,778280,-1
34299.509,2,4632859,800,778280,-1
34299.516,1,4633364,800,778480,-1
34299.772,1,4633846,800,777020,1
34300.126,2,4618956,600,780000,-1
34300.136,1,4634446,600,779300,-1
34300.759,2,4630382,500,777400,1
34300.771,1,4635519,500,777100,1
34301.703,1,4637093,100,777900,-1
34301.738,2,4635519,500,777100,1
34301.745,1,4637161,500,776800,1
34303.171,2,4622186,500,786600,-1
34303.174,1,4639561,400,782400,-1
34303.183,2,4637161,500,776800,1
34303.187,1,4639578,500,775100,1
34303.462,1,4640033,400,778000,-1
34303.534,2,4633364,800,778480,-1
34303.578,1,4640230,800,778480,-1
34303.689,2,4633846,800,777020,1
34303.755,1,4640512,800,777020,1
34304.011,2,4640512,800,777020,1
34304.013,2,4640230,800,778480,-1
34304.045,1,4640991,800,778280,-1
34304.659,1,4642048,800,776820,1
34304.742,2,4642048,800,776820,1
34304.748,2,4640991,800,778280,-1
34304.887,1,4642400,800,778080,-1
34305.156,1,4642900,800,776620,1
34305.715,2,4634446,600,779300,-1
34305.716,2,4553022,1000,775100,1
34305.725,1,4643928,600,778600,-1
34305.726,1,4643930,1000,774000,1
34305.84,2,4626275,1000,778500,-1
34306.267,1,4644831,1000,776700,1
34306.696,2,4642900,800,776620,1
34306.699,2,4642400,800,778080,-1
34306.745,1,4645692,800,778180,-1
34307.673,1,4647266,800,776720,1
34309.095,2,4647266,800,776720,1
34309.103,2,4645692,800,778180,-1
34309.142,1,4649660,800,777980,-1
34309.295,1,4649948,800,776520,1
34309.8,2,4637093,100,777900,-1
34310.331,1,4651726,100,777800,-1
34310.886,2,4649948,800,776520,1
34310.886,2,4649660,800,777980,-1
34310.921,1,4652741,800,778080,-1
34311.059,2,4644831,1000,776700,1
34311.182,1,4653185,800,776620,1
34311.738,1,4654136,1000,776500,1
34311.823,4,4319602,320,777000,1
34311.891,4,4653185,25,776620,1
34311.933,2,4652741,800,778080,-1
34311.937,1,4654465,25,777580,-1
34312.041,2,4654465,25,777580,-1
34312.141,1,4654829,25,777680,-1
34312.369,2,4572913,200,776500,1
34312.371,1,4655216,200,775000,1
34312.431,4,4653185,400,776620,1
34312.452,1,4655364,25,777580,-1
34312.459,4,4653185,375,776620,1
34312.459,2,4654829,25,777680,-1
34312.628,1,4655663,800,777480,-1
34312.64,2,4655364,25,777580,-1
34312.731,4,4654136,125,776500,1
34312.732,2,4643928,600,778600,-1
34312.733,1,4655836,600,778300,-1
34312.87,2,4655663,800,777480,-1
34312.893,1,4656101,800,777380,-1
34312.991,1,4656252,200,776400,1
34313.222,2,4656252,200,776400,1
34313.222,2,4640033,400,778000,-1
34313.223,1,4656653,100,777600,-1
34313.227,4,4654136,400,776500,1
34313.23,2,4656101,800,777380,-1
34313.263,1,4656714,800,777280,-1
34313.358,4,4654136,100,776500,1
34313.391,4,4654136,200,776500,1
34313.445,2,4654136,175,776500,1
34313.468,1,4657061,200,777300,-1
34313.497,1,4657116,200,777300,-1
34313.866,2,4656714,800,777280,-1
34313.899,1,4657796,800,777180,-1
34313.904,1,4657802,1000,776000,1
34314.286,2,4657061,200,777300,-1
34314.31,2,4657116,200,777300,-1
34315.266,2,4655836,600,778300,-1
34315.273,2,4657796,800,777180,-1
34315.275,1,4660006,600,778000,-1
34315.323,1,4660082,800,776880,-1
34316.804,2,4660082,800,776880,-1
34316.852,1,4662746,800,776780,-1
34317.095,2,4662746,800,776780,-1
34317.097,2,4643930,1000,774000,1
34317.097,1,4663184,1000,773300,1
34317.119,5,4663185,50,776150,1
34317.15,1,4663260,800,776580,-1
34317.184,2,4663260,800,776580,-1
34317.386,1,4663657,800,776780,-1
34317.5,2,4663657,800,776780,-1
34317.698,1,4664182,800,776580,-1
34317.743,2,4664182,800,776580,-1
34317.986,1,4664671,800,776680,-1
34318.07,2,4660006,600,778000,-1
34318.073,1,4664816,600,777900,-1
34318.252,2,4664671,800,776680,-1
34318.306,1,4665198,800,776780,-1
34318.758,2,4651726,100,777800,-1
34318.87,2,4665198,800,776780,-1
34318.916,1,4666240,800,776680,-1
34319.422,5,4665545,600,776100,1
34319.495,1,4667167,100,777800,-1
34319.736,2,4657802,1000,776000,1
34320.335,2,4667167,100,777800,-1
34320.388,2,4656653,100,777600,-1
34320.389,1,4668637,500,776600,-1
34320.603,1,4668992,100,776400,-1
34320.695,2,4666240,800,776680,-1
34320.755,1,4669237,800,776580,-1
34320.819,2,4669237,800,776580,-1
34320.944,2,4577429,200,779600,-1
34320.945,1,4669548,200,778000,-1
34320.982,1,4669616,800,776380,-1
34321.425,2,4669616,800,776380,-1
34321.466,1,4670472,800,776580,-1
34321.484,2,4639578,500,775100,1
34321.491,1,4670514,600,774600,1
34321.494,2,4670472,800,776580,-1
34321.538,2,4639561,400,782400,-1
34321.543,1,4670594,600,780800,-1
34321.613,2,4664816,600,777900,-1
34321.623,1,4670720,600,777300,-1
34321.665,1,4670794,800,776380,-1
34321.722,2,4670794,800,776380,-1
34321.765,5,4670840,300,776100,1
34321.766,1,4670938,1000,775400,1
34321.913,1,4671199,800,776580,-1
34323.451,2,4671199,800,776580,-1
34323.54,1,4673826,800,776380,-1
34324.372,1,4675246,200,776000,-1
34324.622,2,4673826,800,776380,-1
34324.676,1,4675719,800,776180,-1
34325.192,2,4670720,600,777300,-1
34325.198,1,4676643,600,777000,-1
34326.066,2,4663184,1000,773300,1
34326.07,1,4678179,1000,772400,1
34326.192,2,4670514,600,774600,1
34326.2,1,4678399,600,774100,1
34326.284,2,4675719,800,776180,-1
34326.291,1,4678562,800,776080,-1
34326.364,2,4678562,800,776080,-1
34326.488,1,4678899,800,775980,-1
34326.548,2,4678899,800,775980,-1
34326.743,1,4679327,800,776180,-1
34327.391,2,4676643,600,777000,-1
34327.398,1,4680440,600,776400,-1
34327.536,2,4680440,600,776400,-1
34327.543,1,4680679,600,776600,-1
34328.077,5,4679054,130,775960,-1
34328.077,4,4675246,170,776000,-1
34328.208,2,4668992,100,776400,-1
34328.486,2,4679327,800,776180,-1
34328.494,1,4682258,800,775980,-1
34328.591,1,4682421,100,776400,-1
34329.36,2,4670938,1000,775400,1
34329.468,2,4682258,800,775980,-1
34329.539,1,4684008,800,776080,-1
34329.559,2,4680679,600,776600,-1
34329.566,1,4684060,600,776500,-1
34330.025,1,4684892,1000,775100,1
34330.926,2,4670594,600,780800,-1
34330.926,2,4678399,600,774100,1
34330.938,1,4686426,400,777900,-1
34330.938,1,4686427,600,766300,1
34331.429,1,4687236,100,775100,1
34331.582,2,4611889,600,772500,1
34331.743,2,4655216,200,775000,1
34331.745,1,4687775,200,773600,1
34331.78,1,4687835,600,771200,1
34331.881,2,4684008,800,776080,-1
34331.909,2,4684060,600,776500,-1
34331.914,1,4688059,600,776600,-1
34331.916,1,4688066,800,775980,-1
34332.114,2,4688059,600,776600,-1
34332.115,1,4688394,600,776700,-1
34332.336,2,4687236,100,775100,1
34332.336,2,4668637,500,776600,-1
34332.351,1,4688796,100,776200,-1
34332.48,2,4684892,1000,775100,1
34332.669,1,4689317,1000,775500,1
34332.923,2,4689317,1000,775500,1
34333.383,1,4690506,1000,775500,1
34333.981,2,4688394,600,776700,-1
34333.982,1,4691523,600,776600,-1
34333.983,2,4688066,800,775980,-1
34334.072,1,4691659,800,775780,-1
34334.104,2,4691659,800,775780,-1
34334.265,1,4692002,800,775780,-1
34334.269,2,4678179,1000,772400,1
34334.269,1,4692008,1000,771500,1
34334.447,2,4690506,1000,775500,1
34335.447,2,4692002,800,775780,-1
34335.483,1,4694058,800,775680,-1
34335.613,1,4694283,1000,775000,1
34335.641,2,4682421,100,776400,-1
34335.943,1,4694854,100,776500,-1
34336.513,2,4691523,600,776600,-1
34336.515,1,4695770,600,776500,-1
34336.614,2,4694058,800,775680,-1
34336.664,1,4696011,800,775880,-1
34337.125,2,4686427,600,766300,1
34337.126,1,4696777,600,769300,1
34337.441,2,4694283,1000,775000,1
34337.599,1,4697557,1000,775200,1
34337.742,4,4697557,300,775200,1
34337.756,2,4694854,100,776500,-1
34337.794,4,4697557,500,775200,1
34337.944,2,4697557,200,775200,1
34338.056,2,4696011,800,775880,-1
34338.08,1,4698358,800,775780,-1
34338.238,2,4669548,200,778000,-1
34338.241,1,4698614,200,776700,-1
34338.498,2,4698358,800,775780,-1
34338.535,1,4699105,800,775680,-1
34338.591,1,4699202,100,775200,-1
34339.278,2,4699105,800,775680,-1
34339.316,1,4700374,800,775580,-1
34339.381,5,4699207,70,775050,-1
34339.446,2,4700374,800,775580,-1
34339.557,1,4700737,800,775880,-1
34339.685,2,4700737,800,775880,-1
34339.782,1,4701115,800,775780,-1
34339.901,2,4699202,100,775200,-1
34339.987,5,4698664,500,775100,-1
34340.732,1,4702728,100,775100,1
34340.871,2,4675246,30,776000,-1
34341.306,2,4701115,800,775780,-1
34341.349,1,4703778,800,775680,-1
34341.732,2,4703778,800,775680,-1
34341.734,1,4704409,800,775980,-1
34341.748,2,4695770,600,776500,-1
34341.749,1,4704435,600,777100,-1
34341.772,2,4692008,1000,771500,1
34341.78,1,4704477,1000,772900,1
34341.936,2,4704409,800,775980,-1
34341.987,1,4704835,800,775880,-1
34343.134,2,4704835,800,775880,-1
34343.178,1,4706825,800,775780,-1
34343.918,2,4696777,600,769300,1
34343.919,1,4708079,600,771300,1
34344.931,2,4706825,800,775780,-1
34344.971,1,4709892,800,775680,-1
34345.827,2,4709892,800,775680,-1
34345.864,1,4711368,800,775580,-1
34346.628,1,4712649,100,774700,1
34347.004,2,4702728,100,775100,1
34347.301,2,4711368,800,775580,-1
34347.318,1,4713794,100,774800,1
34347.35,1,4713837,800,775480,-1
34347.877,2,4713837,800,775480,-1
34347.926,1,4714801,800,775780,-1
34348.028,2,4714801,800,775780,-1
34348.09,1,4715086,800,775680,-1
34348.819,1,4716313,1000,775100,1
34349.27,2,4715086,800,775680,-1
34349.301,1,4717119,800,775580,-1
34349.493,2,4716313,1000,775100,1
34349.911,1,4718137,1000,775100,1
34350.113,2,4708079,600,771300,1
34350.113,1,4718508,600,772500,1
34350.277,2,4704477,1000,772900,1
34350.277,1,4718796,1000,773600,1
34350.941,2,4717119,800,775580,-1
34350.961,1,4719986,800,775480,-1
34352.328,2,4719986,800,775480,-1
34352.361,5,4718136,500,775110,1
34352.395,2,4712649,100,774700,1
34352.436,1,4722400,800,775380,-1
34352.491,2,4722400,800,775380,-1
34352.57,2,4718137,1000,775100,1
34352.622,2,4713794,100,774800,1
34352.647,1,4722726,800,775480,-1
34352.789,5,4722906,530,774950,-1
34352.826,1,4723046,1000,775100,1
34352.87,2,4723046,1000,775100,1
34352.976,2,4722726,800,775480,-1
34353.024,1,4723350,800,775280,-1
34353.466,2,4718796,1000,773600,1
34353.468,1,4724114,1000,773200,1
34355.125,1,4726906,100,775300,-1
34355.542,2,4723350,800,775280,-1
34355.555,1,4727618,800,774980,-1
34355.581,2,4727618,800,774980,-1
34355.76,1,4727976,800,774980,-1
34355.788,2,4727976,800,774980,-1
34355.958,1,4728325,800,775080,-1
34355.976,2,4728325,800,775080,-1
34356.149,1,4728652,800,775280,-1
34356.238,2,4728652,800,775280,-1
34356.362,1,4728958,800,774980,-1
34356.529,2,4726906,100,775300,-1
34356.568,1,4729342,100,775100,-1
34357.166,2,4718508,600,772500,1
34357.17,1,4730325,600,771700,1
34358.19,1,4732087,1000,775100,-1
34358.396,2,4728958,800,774980,-1
34358.427,1,4732505,800,775080,-1
34358.689,2,4732087,1000,775100,-1
34359.143,1,4733732,1000,775200,-1
34359.228,2,4732505,800,775080,-1
34359.244,1,4733911,800,775480,-1
34359.31,2,4733911,800,775480,-1
34359.525,1,4734343,800,775280,-1
34359.661,1,4734607,200,775100,-1
34359.868,1,4734931,800,773820,1
34359.88,5,4729782,500,774800,-1
34359.926,2,4724114,1000,773200,1
34359.936,1,4735039,1000,772200,1
34360.088,2,4734607,200,775100,-1
34360.697,2,4734931,800,773820,1
34360.7,2,4734343,800,775280,-1
34360.74,1,4736470,800,775380,-1
34361.002,1,4736905,800,773920,1
34361.528,2,4704435,600,777100,-1
34361.53,1,4737851,600,776400,-1
34363.647,2,4736905,800,773920,1
34363.658,2,4736470,800,775380,-1
34363.679,1,4741513,800,775480,-1
34363.866,1,4741818,800,774020,1
34364.153,2,4729342,100,775100,-1
34364.254,2,4733732,1000,775200,-1
34364.474,1,4742840,100,775100,-1
34364.567,1,4742995,1000,775100,-1
34365.184,2,4741818,800,774020,1
34365.184,2,4741513,800,775480,-1
34365.214,1,4744056,800,775280,-1
34365.407,1,4744392,800,773820,1
34365.942,2,4686426,400,777900,-1
34365.947,2,4744392,800,773820,1
34365.948,2,4744056,800,775280,-1
34365.948,1,4745330,400,776900,-1
34366.012,1,4745435,800,775380,-1
34366.14,2,4737851,600,776400,-1
34366.147,1,4745675,600,776000,-1
34366.27,1,4745882,800,773920,1
34366.705,2,4735039,1000,772200,1
34366.718,1,4746677,1000,771100,1
34366.75,2,4745882,800,773920,1
34366.752,2,4745435,800,775380,-1
34366.8,1,4746790,800,775580,-1
34366.848,1,4746869,200,774800,-1
34366.884,2,4746790,800,775580,-1
34367.062,1,4747195,800,775580,-1
34367.089,2,4742995,1000,775100,-1
34367.284,1,4747568,800,774120,1
34367.297,1,4747585,200,774200,1
34367.321,1,4747616,1000,775100,-1
34367.385,2,4687835,600,771200,1
34367.417,1,4747760,600,770200,1
34367.445,1,4747802,100,775200,-1
34367.674,2,4687775,200,773600,1
34367.676,1,4748175,200,772500,1
34367.691,1,4748201,800,774020,1
34367.693,2,4747568,800,774120,1
34367.694,2,4747195,800,775580,-1
34367.778,2,4748201,800,774020,1
34367.903,1,4748516,800,774220,1
34368.105,2,4747802,100,775200,-1
34368.185,1,4748936,800,775680,-1
34368.445,2,4748516,800,774220,1
34368.45,2,4748936,800,775680,-1
34368.459,1,4749371,800,774120,1
34368.702,1,4749755,800,775580,-1
34369.07,2,4745675,600,776000,-1
34369.074,1,4750381,600,776300,-1
34369.516,2,4749371,800,774120,1
34369.517,2,4749755,800,775580,-1
34369.535,1,4751208,800,775280,-1
34369.621,1,4751358,1000,774810,-1
34369.714,2,4751358,1000,774810,-1
34369.786,2,4751208,800,775280,-1
34369.826,1,4751716,800,775280,-1
34370.018,1,4752036,800,773820,1
34370.056,1,4752116,1000,774700,-1
34370.056,2,4747616,1000,775100,-1
34370.125,2,4752036,800,773820,1
34370.126,2,4751716,800,775280,-1
34370.165,2,4742840,100,775100,-1
34370.208,1,4752365,800,774020,1
34370.23,2,4752365,800,774020,1
34370.323,2,4752116,1000,774700,-1
34370.426,1,4752703,800,773820,1
34370.656,1,4753097,800,775280,-1
34370.711,2,4752703,800,773820,1
34370.714,2,4753097,800,775280,-1
34370.861,1,4753467,800,775180,-1
34371.068,2,4747585,200,774200,1
34371.403,1,4754387,800,773720,1
34371.882,2,4754387,800,773720,1
34371.887,2,4753467,800,775180,-1
34371.915,1,4755238,800,773920,1
34372.036,1,4755437,500,774000,1
34372.113,1,4755555,800,775380,-1
34372.556,1,4756282,200,774600,-1
34372.561,1,4756293,100,774700,-1
34372.685,1,4756497,1000,774700,-1
34372.774,2,4755238,800,773920,1
34372.775,2,4755555,800,775380,-1
34372.802,1,4756700,800,773820,1
34372.967,1,4756984,800,775280,-1
34372.969,2,4756497,1000,774700,-1
34373.294,1,4757532,1000,774700,-1
34373.487,2,4757532,1000,774700,-1
34373.521,2,4756282,200,774600,-1
34373.977,2,4746677,1000,771100,1
34373.981,1,4758658,1000,772200,1
34374.127,2,4756700,800,773820,1
34374.127,2,4756984,800,775280,-1
34374.183,1,4758974,800,774020,1
34374.684,2,4755437,500,774000,1
34374.703,1,4759834,400,774300,1
34374.802,1,4760001,200,774200,1
34375.707,1,4761545,800,775480,-1
34375.782,2,4760001,200,774200,1
34375.883,1,4761846,200,774300,1
34376.182,2,4759834,400,774300,1
34376.357,2,4698614,200,776700,-1
34376.357,1,4762646,200,775900,-1
34376.418,1,4762748,100,774300,1
34376.439,2,4758658,1000,772200,1
34376.441,1,4762784,1000,772900,1
34376.451,2,4758974,800,774020,1
34376.452,2,4761545,800,775480,-1
34376.453,2,4750381,600,776300,-1
34376.454,1,4762798,600,777100,-1
34376.479,1,4762852,800,773920,1
34376.667,1,4763161,800,775380,-1
34377.2,2,4761846,200,774300,1
34377.737,2,4762748,100,774300,1
34377.947,2,4746869,200,774800,-1
34379.584,2,4762852,800,773920,1
34379.587,2,4763161,800,775380,-1
34379.613,1,4768111,800,773820,1
34379.759,1,4768360,800,775280,-1
34379.838,1,4768486,100,774500,1
34380.417,2,4768360,800,775280,-1
34380.421,2,4768111,800,773820,1
34380.469,1,4769489,800,774120,1
34380.552,2,4756293,100,774700,-1
34380.566,2,4769489,800,774120,1
34380.637,1,4769782,800,774020,1
34380.841,1,4770113,800,775480,-1
34381.333,1,4770975,1000,776000,-1
34382.705,2,4769782,800,774020,1
34382.706,2,4770113,800,775480,-1
34382.731,1,4773386,800,773920,1
34382.906,1,4773700,800,775380,-1
34385.377,1,4777801,400,774400,1
34385.937,2,4773386,800,773920,1
34385.965,1,4778795,800,773920,1
34386.14,2,4773700,800,775380,-1
34386.198,1,4779171,800,775380,-1
34386.576,2,4768486,100,774500,1
34386.956,1,4780418,100,774500,1
34387.017,2,4780418,100,774500,1
34387.255,2,4748175,200,772500,1
34387.257,1,4780923,200,773100,1
34387.361,1,4781096,100,774600,1
34388.276,1,4782664,100,774700,-1
34388.287,4,4782664,100,774700,-1
34388.873,2,4778795,800,773920,1
34388.874,2,4779171,800,775380,-1
34388.882,1,4783640,800,775180,-1
34389.061,1,4783918,800,773720,1
34389.12,2,4781096,100,774600,1
34389.181,2,4783918,800,773720,1
34389.184,2,4783640,800,775180,-1
34389.283,1,4784262,800,774020,1
34389.347,2,4784262,800,774020,1
34389.483,1,4784589,800,775380,-1
34389.665,1,4784893,800,773920,1
34390.283,1,4785952,100,774600,1
34390.918,2,4770975,1000,776000,-1
34391.247,2,4784893,800,773920,1
34391.254,2,4784589,800,775380,-1
34391.296,1,4787546,800,774220,1
34391.353,2,4787546,800,774220,1
34391.459,1,4787823,800,774120,1
34391.679,1,4788229,800,775580,-1
34392.113,2,4745330,400,776900,-1
34392.117,1,4789016,400,777700,-1
34392.217,1,4789204,700,775500,-1
34392.662,2,4785952,100,774600,1
34392.797,1,4790212,100,774700,1
34393.177,2,4789204,700,775500,-1
34393.317,2,4787823,800,774120,1
34393.317,2,4788229,800,775580,-1
34393.382,1,4791155,800,774220,1
34393.549,1,4791454,800,775680,-1
34393.758,2,4791155,800,774220,1
34393.76,2,4791454,800,775680,-1
34393.795,1,4791856,800,775580,-1
34393.85,2,4791856,800,775580,-1
34394.005,1,4792203,800,775380,-1
34394.201,1,4792547,800,773920,1
34394.363,2,4790212,100,774700,1
34394.449,2,4792547,800,773920,1
34394.453,2,4792203,800,775380,-1
34394.522,1,4793082,800,775380,-1
34394.736,1,4793464,800,773920,1
34395.995,1,4795585,100,774600,1
34396.01,2,4793464,800,773920,1
34396.011,2,4793082,800,775380,-1
34396.02,2,4795585,100,774600,1
34396.024,1,4795629,800,775080,-1
34396.162,2,4762798,600,777100,-1
34396.163,1,4795859,600,776300,-1
34396.18,2,4762784,1000,772900,1
34396.186,1,4795889,1000,772000,1
34396.501,1,4796448,800,773620,1
34396.912,2,4796448,800,773620,1
34396.918,2,4795629,800,775080,-1
34396.968,1,4797301,800,775180,-1
34397.009,1,4797376,100,774600,-1
34397.214,1,4797734,800,773720,1
34397.237,2,4797301,800,775180,-1
34397.266,2,4797734,800,773720,1
34397.429,1,4798078,800,773920,1
34397.711,1,4798534,800,775380,-1
34398.302,2,4798534,800,775380,-1
34398.31,2,4798078,800,773920,1
34398.319,1,4799507,800,774120,1
34398.51,1,4799841,800,775580,-1
34398.809,1,4800315,25,774600,-1
34399.238,2,4797376,100,774600,-1
34399.527,2,4799507,800,774120,1
34399.532,2,4799841,800,775580,-1
34399.593,1,4801581,800,774020,1
34399.78,4,4800315,25,774600,-1
34399.797,1,4801931,800,775480,-1
34400.088,1,4802406,100,774600,1
34402.493,5,4802442,375,774640,1
34402.493,4,4802406,100,774600,1
34402.64,4,4777801,400,774400,1
34402.791,2,4801581,800,774020,1
34402.794,2,4801931,800,775480,-1
34402.839,1,4807065,800,773920,1
34402.895,1,4807168,100,774500,1
34403.001,1,4807350,800,775380,-1
34404.23,2,4807168,100,774500,1
34405.401,2,4807065,800,773920,1
34405.401,2,4807350,800,775380,-1
34405.465,1,4811413,800,774120,1
34405.626,1,4811690,1000,774500,1
34405.664,1,4811753,800,775580,-1
34405.676,1,4811772,100,774500,1
34406.617,2,4811413,800,774120,1
34406.617,2,4811753,800,775580,-1
34406.677,1,4813453,800,774020,1
34406.847,1,4813772,800,775480,-1
34406.922,2,4795859,600,776300,-1
34406.928,1,4813903,600,777200,-1
34407.223,2,4795889,1000,772000,1
34407.226,1,4814414,1000,773000,1
34407.597,2,4813453,800,774020,1
34407.602,2,4813772,800,775480,-1
34407.608,1,4815050,800,774220,1
34407.781,1,4815362,800,775680,-1
34408.898,2,4762646,200,775900,-1
34408.901,1,4817201,200,776600,-1
34409.464,5,4813027,500,774600,1
34410.703,2,4730325,600,771700,1
34410.712,1,4820230,600,772700,1
34411.663,2,4815050,800,774220,1
34411.742,1,4822004,800,774220,1
34411.838,2,4815362,800,775680,-1
34411.931,1,4822318,800,775680,-1
34411.99,1,4822418,1000,774800,1
34411.993,2,4811690,1000,774500,1
34412.276,2,4814414,1000,773000,1
34412.28,1,4822873,1000,773500,1
34413.273,2,4811772,100,774500,1
34413.678,2,4822873,1000,773500,1
34413.68,1,4825199,1000,773100,1
34415.24,2,4822004,800,774220,1
34415.3,1,4827897,800,774220,1
34415.411,2,4822318,800,775680,-1
34415.43,1,4828110,500,777000,-1
34415.458,1,4828156,800,775680,-1
34416.755,2,4688796,100,776200,-1
34416.856,2,4825199,1000,773100,1
34416.862,1,4830521,1000,772500,1
34416.963,2,4813903,600,777200,-1
34416.969,1,4830718,600,776500,-1
34417.01,2,4827897,800,774220,1
34417.012,2,4828156,800,775680,-1
34417.034,1,4830825,800,775580,-1
34417.202,1,4831092,800,774120,1
34417.466,2,4831092,800,774120,1
34417.467,2,4830825,800,775580,-1
34417.49,1,4831573,800,774420,1
34417.683,1,4831914,800,775880,-1
34417.801,2,4831573,800,774420,1
34417.801,2,4831914,800,775880,-1
34417.833,1,4832168,800,775580,-1
34417.896,1,4832273,1000,775000,1
34417.914,2,4822418,1000,774800,1
34417.94,1,4832353,1000,774900,1
34417.945,2,4832168,800,775580,-1
34417.995,1,4832449,800,775680,-1
34418.156,2,4789016,400,777700,-1
34418.163,1,4832724,400,778500,-1
34418.377,1,4833056,800,774220,1
34418.636,2,4820230,600,772700,1
34418.641,1,4833518,500,770700,1
34418.829,2,4833056,800,774220,1
34418.829,2,4832449,800,775680,-1
34418.86,1,4833884,800,775780,-1
34419.08,1,4834255,800,774320,1
34419.18,1,4834420,400,775100,1
34419.264,2,4832353,1000,774900,1
34419.316,2,4832273,1000,775000,1
34419.483,2,4832724,400,778500,-1
34419.485,1,4834934,200,777000,-1
34419.637,2,4830718,600,776500,-1
34419.638,1,4835192,600,776900,-1
34419.768,2,4833884,800,775780,-1
34419.799,2,4834255,800,774320,1
34419.864,1,4835543,800,774520,1
34419.985,1,4835749,800,775980,-1
34420.199,1,4836162,450,775600,-1
34420.768,1,4837140,1000,775300,1
34420.781,4,4836162,450,775600,-1
34420.803,2,4835543,800,774520,1
34420.803,2,4835749,800,775980,-1
34420.841,1,4837265,800,776080,-1
34420.92,2,4817201,200,776600,-1
34420.92,1,4837399,200,777400,-1
34420.975,1,4837481,800,774620,1
34421.281,2,4834420,400,775100,1
34421.287,1,4838010,300,775500,1
34421.442,2,4837140,1000,775300,1
34421.442,2,4780923,200,773100,1
34421.443,1,4838272,200,773800,1
34421.491,2,4837481,800,774620,1
34421.491,2,4837265,800,776080,-1
34421.512,1,4838374,800,776180,-1
34421.728,1,4838738,800,774720,1
34421.84,1,4838919,1000,775900,-1
34422.213,2,4834934,200,777000,-1
34422.215,1,4839556,200,777600,-1
34422.295,2,4838738,800,774720,1
34422.296,2,4838374,800,776180,-1
34422.322,1,4839736,800,776280,-1
34422.461,1,4839962,800,774820,1
34422.948,2,4838919,1000,775900,-1
34423.009,2,4839962,800,774820,1
34423.009,2,4839736,800,776280,-1
34423.037,1,4840975,800,776380,-1
34423.169,1,4841192,800,774920,1
34425.527,2,4840975,800,776380,-1
34425.577,1,4845204,800,776380,-1
34425.67,2,4841192,800,774920,1
34426.069,5,4840655,100,775880,-1
34426.324,4,4838010,100,775500,1
34426.608,5,4840655,100,775880,-1
34427.523,1,4848449,800,774920,1
34427.706,2,4848449,800,774920,1
34427.706,2,4845204,800,776380,-1
34427.747,1,4848851,800,776280,-1
34427.994,4,4838010,200,775500,1
34428.178,1,4849568,800,774820,1
34429.145,1,4851116,3000,775600,1
34429.435,4,4851116,200,775600,1
34429.682,4,4851116,100,775600,1
34430.134,2,4848851,800,776280,-1
34430.197,1,4852851,800,776280,-1
34430.546,2,4849568,800,774820,1
34430.605,1,4853530,800,774820,1
34431.237,2,4853530,800,774820,1
34431.243,2,4852851,800,776280,-1
34431.771,1,4855450,800,776080,-1
34431.933,1,4855736,800,774620,1
34432.631,4,4851116,900,775600,1
34432.901,4,4851116,500,775600,1
34433.764,1,4858818,1000,776000,-1
34434.066,4,4851116,300,775600,1
34434.75,2,4828110,500,777000,-1
34434.889,2,4855450,800,776080,-1
34435.06,2,4855736,800,774620,1
34435.121,1,4861043,800,774620,1
34435.223,2,4835192,600,776900,-1
34435.24,1,4861222,600,776500,-1
34435.252,2,4861043,800,774620,1
34435.305,1,4861324,800,774720,1
34435.645,2,4861324,800,774720,1
34435.678,1,4861927,800,774920,1
34435.799,1,4862124,100,775700,-1
34435.938,2,4858818,1000,776000,-1
34435.961,4,4851116,1000,775600,1
34436.243,1,4862872,800,776380,-1
34436.649,2,4861222,600,776500,-1
34436.652,1,4863574,600,776900,-1
34438.454,2,4861927,800,774920,1
34438.505,1,4866684,800,774920,1
34438.661,2,4862124,100,775700,-1
34438.862,2,4862872,800,776380,-1
34438.88,1,4867310,800,776380,-1
34438.994,2,4866684,800,774920,1
34438.995,2,4867310,800,776380,-1
34439.077,1,4867610,800,775120,1
34439.327,1,4868022,800,776580,-1
34439.33,1,4868028,1000,775500,1
34439.99,2,4863574,600,776900,-1
34439.993,1,4869136,600,777300,-1
34440.719,2,4868028,1000,775500,1
34441.569,2,4839556,200,777600,-1
34441.569,2,4833518,500,770700,1
34441.573,1,4871701,400,778500,-1
34441.574,1,4871704,500,772900,1
34442.1,2,4867610,800,775120,1
34442.1,2,4868022,800,776580,-1
34442.13,1,4872673,800,776480,-1
34442.599,1,4873471,800,775020,1
34442.757,1,4873711,100,775600,1
34443.967,1,4875773,3000,780200,-1
34444.025,1,4875871,50,775600,1
34444.252,2,4873471,800,775020,1
34444.257,2,4872673,800,776480,-1
34444.258,1,4876247,800,775220,1
34444.397,1,4876477,800,776680,-1
34444.411,2,4876247,800,775220,1
34444.46,2,4876477,800,776680,-1
34444.608,1,4876816,800,775020,1
34444.839,1,4877170,800,776480,-1
34445.427,2,4876816,800,775020,1
34445.428,2,4877170,800,776480,-1
34445.46,1,4878253,800,776380,-1
34445.691,1,4878654,1000,775900,-1
34445.739,2,4878654,1000,775900,-1
34445.928,1,4879048,1000,775900,-1
34446.018,1,4879202,800,774920,1
34446.347,2,4879048,1000,775900,-1
34446.348,2,4879202,800,774920,1
34446.35,2,4878253,800,776380,-1
34446.369,1,4879797,800,775220,1
34446.397,2,4879797,800,775220,1
34446.418,2,4875871,50,775600,1
34446.555,1,4880101,800,775120,1
34446.738,1,4880408,800,776580,-1
34447.029,1,4880864,100,775400,1
34447.053,2,4530450,100,779700,-1
34447.323,1,4881359,1000,775700,1
34447.894,2,4880101,800,775120,1
34447.896,2,4880408,800,776580,-1
34447.905,1,4882317,800,775320,1
34448.107,1,4882669,800,776780,-1
34448.444,2,4881359,1000,775700,1
34448.956,1,4884166,500,776600,1
34448.986,2,4869136,600,777300,-1
34448.988,2,4830521,1000,772500,1
34448.988,5,4884191,500,776640,1
34449.001,1,4884246,600,777900,-1
34449.002,1,4884247,1000,773700,1
34449.143,2,4747760,600,770200,1
34449.19,2,4882317,800,775320,1
34449.192,2,4882669,800,776780,-1
34449.22,1,4884611,800,775220,1
34449.221,2,4587512,600,783900,-1
34449.369,1,4884870,800,776680,-1
34450.118,1,4886122,1000,775900,1
34450.25,5,4884245,50,776640,1
34450.25,5,4886022,50,776640,1
34450.469,5,4886022,100,776640,1
34450.642,5,4886022,100,776640,1
34450.661,2,4886122,1000,775900,1
34450.709,5,4886022,200,776640,1
34450.77,2,4884611,800,775220,1
34450.77,2,4884870,800,776680,-1
34450.797,1,4887239,800,775120,1
34450.824,2,4887239,800,775120,1
34451.049,1,4887615,800,775420,1
34451.312,1,4888050,800,776880,-1
34451.36,2,4887615,800,775420,1
34451.369,2,4888050,800,776880,-1
34451.528,1,4888440,800,775320,1
34451.769,1,4888871,800,776780,-1
34452.177,2,4871704,500,772900,1
34452.189,1,4889585,500,773800,1
34452.912,2,4888440,800,775320,1
34452.914,2,4888871,800,776780,-1
34452.963,1,4890914,800,775220,1
34453.178,1,4891265,800,776680,-1
34454.036,2,4884246,600,777900,-1
34454.044,1,4892759,600,778600,-1
34454.114,5,4886022,50,776640,1
34454.114,4,4884166,50,776600,1
34454.168,4,4884166,450,776600,1
34454.168,1,4892976,50,776600,-1
34454.235,2,4884247,1000,773700,1
34454.243,1,4893092,1000,774400,1
34454.345,1,4893266,600,771800,1
34454.454,2,4890914,800,775220,1
34454.498,2,4891265,800,776680,-1
34454.51,1,4893509,600,779900,-1
34454.516,1,4893520,800,775520,1
34454.572,2,4880864,100,775400,1
34454.577,2,4893520,800,775520,1
34454.613,5,4892536,100,775650,1
34454.675,1,4893778,800,775420,1
34454.915,1,4894203,800,776880,-1
34455.005,1,4894363,100,775400,1
34455.495,2,4892976,50,776600,-1
34455.958,2,4893778,800,775420,1
34455.96,2,4894203,800,776880,-1
34456.005,1,4896022,800,775320,1
34456.011,2,4871701,400,778500,-1
34456.02,1,4896046,400,779500,-1
34456.254,1,4896465,800,776780,-1
34456.756,2,4873711,100,775600,1
34456.756,1,4897323,300,776000,1
34456.819,1,4897427,1000,775900,1
34456.961,2,4893092,1000,774400,1
34456.964,1,4897685,1000,775100,1
34457.078,2,4897427,1000,775900,1
34457.161,2,4897685,1000,775100,1
34457.163,1,4898025,1000,774900,1
34457.372,2,4896022,800,775320,1
34457.373,2,4896465,800,776780,-1
34457.449,1,4898531,800,775220,1
34457.642,1,4898864,800,776680,-1
34458.666,2,4898531,800,775220,1
34458.667,2,4898864,800,776680,-1
34458.783,1,4900752,800,775220,1
34458.968,1,4901093,800,776680,-1
34458.98,2,4900752,800,775220,1
34458.997,2,4901093,800,776680,-1
34459.217,1,4901504,800,775420,1
34459.41,2,4889585,500,773800,1
34459.428,1,4901860,500,774300,1
34459.61,1,4902158,800,776880,-1
34459.856,1,4902584,1000,776600,-1
34459.98,2,4898025,1000,774900,1
34459.995,1,4902807,1000,775100,1
34460.081,2,4901504,800,775420,1
34460.085,2,4902158,800,776880,-1
34460.145,1,4903078,800,775320,1
34460.369,1,4903462,800,776780,-1
34460.492,2,4902807,1000,775100,1
34460.496,1,4903649,1000,775000,1
34460.526,2,4892759,600,778600,-1
34460.527,2,4903078,800,775320,1
34460.531,1,4903698,900,779600,-1
34460.601,2,4903462,800,776780,-1
34460.658,1,4903931,800,775620,1
34460.761,2,4903931,800,775620,1
34460.927,1,4904390,800,775520,1
34461.159,1,4904804,800,776980,-1
34461.495,4,4897323,300,776000,1
34461.699,2,4902584,1000,776600,-1
34461.739,2,4904390,800,775520,1
34461.74,2,4904804,800,776980,-1
34461.754,1,4905814,800,776780,-1
34461.937,1,4906131,800,775320,1
34462.501,1,4907120,1000,776700,-1
34462.635,2,4906131,800,775320,1
34462.637,2,4905814,800,776780,-1
34462.885,2,4901860,500,774300,1
34462.893,1,4907750,500,774800,1
34462.929,1,4907813,800,775220,1
34463.085,2,4907813,800,775220,1
34463.269,1,4908357,800,775020,1
34463.583,2,4903649,1000,775000,1
34463.585,1,4908883,1000,774800,1
34463.606,1,4908914,800,776480,-1
34463.632,2,4894363,100,775400,1
34463.703,2,4907750,500,774800,1
34463.711,1,4909105,500,774600,1
34463.964,2,4908357,800,775020,1
34463.964,2,4908914,800,776480,-1
34464.046,2,4837399,200,777400,-1
34464.049,1,4909723,200,778100,-1
34464.104,2,4838272,200,773800,1
34464.105,1,4909803,200,774600,1
34464.401,1,4910273,1000,775900,1
34464.639,1,4910674,800,776680,-1
34464.893,2,4910674,800,776680,-1
34464.895,1,4911112,800,775320,1
34465.0,2,4909105,500,774600,1
34465.012,1,4911308,500,774200,1
34465.565,5,4909973,500,776500,-1
34465.565,5,4910036,500,776600,-1
34465.661,1,4912412,800,776780,-1
34465.661,2,4911112,800,775320,1
34465.677,2,4912412,800,776780,-1
34465.866,2,4903698,900,779600,-1
34465.872,1,4912766,600,778600,-1
34465.886,1,4912793,1000,776300,1
34465.892,2,4910273,1000,775900,1
34465.899,1,4912812,800,776880,-1
34465.959,2,4907120,1000,776700,-1
34466.142,1,4913245,800,775420,1
34466.156,2,4908883,1000,774800,1
34466.16,1,4913276,1000,774100,1
34466.561,2,4913245,800,775420,1
34466.566,2,4912812,800,776880,-1
34466.607,1,4914039,800,776980,-1
34466.845,1,4914439,800,775520,1
34466.971,2,4914439,800,775520,1
34466.973,2,4914039,800,776980,-1
34467.041,1,4914773,800,777080,-1
34467.221,1,4915062,800,775620,1
34467.274,1,4915155,1000,776900,-1
34467.701,2,4915062,800,775620,1
34467.707,2,4914773,800,777080,-1
34467.741,1,4915909,800,775720,1
34468.143,1,4916578,800,777180,-1
34468.624,2,4915909,800,775720,1
34468.625,2,4916578,800,777180,-1
34468.655,1,4917390,800,775820,1
34469.254,1,4918385,800,777280,-1
34469.573,2,4915155,1000,776900,-1
34470.291,1,4920121,800,775720,1
34470.321,2,4917390,800,775820,1
34470.321,2,4918385,800,777280,-1
34470.322,2,4920121,800,775720,1
34470.45,1,4920392,800,775720,1
34471.042,2,4920392,800,775720,1
34471.09,1,4921499,800,775620,1
34471.541,1,4922265,1000,777600,-1
34472.146,5,4912728,100,776310,1
34472.202,2,4912793,1000,776300,1
34473.972,2,4921499,800,775620,1
34474.054,1,4926441,800,775620,1
34474.545,2,4922265,1000,777600,-1
34475.01,1,4928100,1000,778000,-1
34475.829,1,4929476,800,777080,-1
34476.332,1,4930348,100,776500,-1
34476.597,1,4930796,100,778000,-1
34476.728,2,4926441,800,775620,1
34476.766,1,4931075,800,775620,1
34477.668,1,4932580,400,775000,1
34477.755,5,4930367,300,776460,-1
34478.104,2,4929476,800,777080,-1
34478.144,1,4933353,800,777080,-1
34478.202,2,4931075,800,775620,1
34478.205,2,4933353,800,777080,-1
34478.35,1,4933672,800,776880,-1
34478.512,1,4933969,800,775420,1
34478.608,1,4934120,1000,776500,-1
34479.575,2,4930348,100,776500,-1
34479.651,1,4935908,100,776200,-1
34479.683,1,4935971,1000,776300,-1
34479.685,2,4934120,1000,776500,-1
34480.065,2,4933969,800,775420,1
34480.065,2,4933672,800,776880,-1
34480.082,1,4936620,800,776580,-1
34480.289,1,4936972,800,775120,1
34480.674,2,4928100,1000,778000,-1
34480.713,1,4937698,1000,776210,-1
34480.719,2,4935971,1000,776300,-1
34481.412,2,4937698,1000,776210,-1
34481.755,1,4939501,1000,776210,-1
34482.078,2,4935908,100,776200,-1
34482.303,1,4940438,100,776000,-1
34482.395,1,4940609,1000,776110,-1
34482.398,2,4939501,1000,776210,-1
34482.563,2,4940609,1000,776110,-1
34483.674,2,4936620,800,776580,-1
34483.701,1,4942752,800,776580,-1
34483.776,1,4942871,1000,776100,-1
34483.832,2,4936972,800,775120,1
34483.893,1,4943094,800,775120,1
34483.918,2,4943094,800,775120,1
34483.919,2,4942752,800,776580,-1
34484.071,1,4943392,800,775220,1
34484.114,2,4943392,800,775220,1
34484.258,1,4943713,800,776580,-1
34484.338,2,4943713,800,776580,-1
34484.519,1,4944096,800,776380,-1
34484.686,1,4944400,800,774920,1
34485.499,2,4911308,500,774200,1
34485.517,1,4945818,500,773600,1
34485.879,2,4944400,800,774920,1
34485.881,2,4944096,800,776380,-1
34485.931,1,4946524,800,776480,-1
34485.993,2,4912766,600,778600,-1
34485.996,2,4913276,1000,774100,1
34486.001,1,4946649,600,777700,-1
34486.003,1,4946654,1000,773500,1
34486.198,1,4947002,800,775020,1
34488.19,1,4950353,1000,776000,-1
34488.194,2,4942871,1000,776100,-1
34488.881,2,4947002,800,775020,1
34488.882,2,4946524,800,776480,-1
34488.89,1,4951484,800,776280,-1
34489.15,1,4951920,800,774820,1
34489.151,2,4946654,1000,773500,1
34489.152,1,4951924,1000,772700,1
34489.404,2,4951920,800,774820,1
34489.404,2,4951484,800,776280,-1
34489.559,2,4946649,600,777700,-1
34489.561,1,4952639,600,777100,-1
34489.745,2,4940438,100,776000,-1
34489.978,1,4953376,800,776380,-1
34490.127,1,4953621,100,775900,-1
34490.168,1,4953698,800,774920,1
34490.337,2,4909723,200,778100,-1
34490.343,1,4953993,200,777500,-1
34491.045,2,4953698,800,774920,1
34491.046,2,4953376,800,776380,-1
34491.066,1,4955210,800,776480,-1
34491.234,1,4955497,800,775020,1
34492.875,2,4930796,100,778000,-1
34494.135,2,4955210,800,776480,-1
34494.187,1,4960447,800,776480,-1
34494.295,2,4955497,800,775020,1
34494.34,1,4960704,800,775020,1
34495.106,1,4961943,200,775700,1
34495.115,4,4961943,200,775700,1
34495.324,1,4962323,1000,776900,-1
34495.561,2,4952639,600,777100,-1
34495.563,1,4962761,600,776700,-1
34495.991,2,4953621,100,775900,-1
34496.257,1,4963885,100,775900,-1
34496.542,2,4960704,800,775020,1
34496.542,2,4960447,800,776480,-1
34496.574,1,4964401,800,774920,1
34496.736,1,4964683,800,776380,-1
34497.599,2,4964401,800,774920,1
34497.599,2,4964683,800,776380,-1
34497.601,1,4966084,800,776180,-1
34497.78,1,4966355,800,774720,1
34498.449,2,4966355,800,774720,1
34498.449,2,4966084,800,776180,-1
34498.463,1,4967560,800,776280,-1
34498.601,1,4967788,800,774820,1
34501.078,2,4967560,800,776280,-1
34501.098,2,4967788,800,774820,1
34501.13,1,4972057,800,776380,-1
34501.339,1,4972396,800,774920,1
34501.626,2,4972396,800,774920,1
34501.632,2,4972057,800,776380,-1
34501.678,1,4972916,800,775120,1
34501.904,1,4973298,800,776580,-1
34502.117,2,4963885,100,775900,-1
34502.935,2,4972916,800,775120,1
34502.957,2,4973298,800,776580,-1
34502.968,1,4975034,800,775320,1
34503.332,1,4975603,800,776780,-1
34503.39,2,4962761,600,776700,-1
34503.41,1,4975732,600,777200,-1
34503.5,2,4950353,1000,776000,-1
34503.878,1,4976534,200,775710,-1
34503.891,4,4976534,200,775710,-1
34504.439,1,4977505,100,775700,1
34505.011,2,4975034,800,775320,1
34505.018,2,4975603,800,776780,-1
34505.074,1,4978575,800,775220,1
34505.196,2,4978575,800,775220,1
34505.411,1,4979133,800,775520,1
34505.674,1,4979580,800,776980,-1
34505.678,5,4977527,100,775740,1
34505.678,5,4977536,200,775740,1
34505.678,4,4977505,100,775700,1
34505.678,1,4979588,300,775700,-1
34505.722,2,4979133,800,775520,1
34505.731,2,4975732,600,777200,-1
34505.734,2,4979580,800,776980,-1
34505.743,1,4979705,600,777800,-1
34505.748,2,4951924,1000,772700,1
34505.755,1,4979726,1000,773700,1
34505.769,2,4979588,300,775700,-1
34505.97,1,4980076,800,775420,1
34506.164,1,4980440,800,776880,-1
34506.906,2,4979705,600,777800,-1
34506.914,1,4981712,900,778500,-1
34507.217,2,4980076,800,775420,1
34507.217,2,4980440,800,776880,-1
34507.246,1,4982294,800,775320,1
34507.394,1,4982546,800,776780,-1
34508.361,2,4982294,800,775320,1
34508.361,2,4982546,800,776780,-1
34508.397,1,4984219,800,775220,1
34508.433,2,4979726,1000,773700,1
34508.434,1,4984284,1000,774400,1
34508.55,1,4984475,800,776680,-1
34508.671,1,4984674,1000,775600,1
34508.826,2,4984475,800,776680,-1
34508.827,2,4984219,800,775220,1
34508.892,1,4985011,800,775420,1
34509.049,1,4985307,800,776880,-1
34509.276,2,4984674,1000,775600,1
34510.183,2,4985011,800,775420,1
34510.184,2,4985307,800,776880,-1
34510.225,1,4987280,800,775320,1
34510.462,1,4987666,800,776780,-1
34511.002,2,4987280,800,775320,1
34511.002,2,4987666,800,776780,-1
34511.051,1,4988611,800,775520,1
34511.298,1,4989056,800,776980,-1
34512.112,2,4988611,800,775520,1
34512.114,2,4989056,800,776980,-1
34512.147,1,4990500,800,776680,-1
34512.336,1,4990794,100,775900,1
34512.56,2,4990500,800,776680,-1
34512.641,1,4991287,800,775320,1
34512.725,1,4991442,300,775900,1
34512.877,1,4991700,800,776780,-1
34512.919,2,4945818,500,773600,1
34512.931,1,4991789,500,774300,1
34513.607,2,4991287,800,775320,1
34513.636,2,4991700,800,776780,-1
34513.666,1,4992989,800,776480,-1
34513.902,1,4993401,800,775020,1
34514.239,2,4993401,800,775020,1
34514.265,2,4992989,800,776480,-1
34514.269,1,4994021,800,776580,-1
34514.305,4,4990794,100,775900,1
34514.457,1,4994349,800,775120,1
34514.845,2,4981712,900,778500,-1
34514.856,1,4994969,600,778200,-1
34515.133,2,4984284,1000,774400,1
34515.145,1,4995431,1000,773900,1
34515.358,1,4995800,400,776500,-1
34517.402,2,4991789,500,774300,1
34517.404,1,4999145,500,773800,1
34517.531,2,4994349,800,775120,1
34517.545,2,4994021,800,776580,-1
34517.546,2,4991442,300,775900,1
34517.58,1,4999409,800,776780,-1
34517.74,1,4999678,800,775320,1
34518.031,2,4999678,800,775320,1
34518.031,2,4999409,800,776780,-1
34518.061,1,5000234,800,775420,1
34518.209,2,4962323,1000,776900,-1
34518.219,2,4995800,400,776500,-1
34518.276,1,5000597,800,776880,-1
34518.645,2,5000234,800,775420,1
34518.65,2,5000597,800,776880,-1
34518.697,1,5001282,800,776580,-1
34518.887,1,5001617,800,775120,1
34518.954,1,5001722,1000,777200,-1
34519.259,2,5001617,800,775120,1
34519.26,2,5001282,800,776580,-1
34519.305,1,5002313,800,775420,1
34519.482,1,5002631,800,776880,-1
34520.675,2,5002313,800,775420,1
34520.675,2,5002631,800,776880,-1
34520.703,1,5004691,800,776780,-1
34520.851,1,5004948,800,775320,1
34521.151,1,5005395,100,776200,-1
34521.159,2,5005395,100,776200,-1
34521.387,1,5005807,100,776200,-1
34521.411,2,5005807,100,776200,-1
34521.667,1,5006272,100,776200,-1
34521.695,2,5006272,100,776200,-1
34521.896,1,5006661,100,776200,-1
34521.908,2,5006661,100,776200,-1
34522.125,1,5007034,100,776200,-1
34522.143,2,5007034,100,776200,-1
34522.334,1,5007398,100,776200,-1
34522.358,2,5007398,100,776200,-1
34522.559,1,5007770,100,776200,-1
34522.57,2,5007770,100,776200,-1
34522.81,1,5008185,100,776200,-1
34522.819,2,5008185,100,776200,-1
34523.057,2,5004691,800,776780,-1
34523.059,2,5004948,800,775320,1
34523.099,1,5008635,800,775520,1
34523.122,1,5008677,100,776200,-1
34523.142,2,5008677,100,776200,-1
34523.64,1,5009606,800,776980,-1
34525.604,2,5008635,800,775520,1
34525.608,2,5009606,800,776980,-1
34525.674,1,5012953,800,775520,1
34525.733,5,5007020,500,776100,-1
34525.829,1,5013245,800,776980,-1
34526.142,2,5012953,800,775520,1
34526.143,2,5013245,800,776980,-1
34526.178,1,5013835,800,775420,1
34526.348,1,5014142,800,776880,-1
34527.502,2,5013835,800,775420,1
34527.504,2,5014142,800,776880,-1
34527.511,1,5016083,800,775620,1
34527.716,1,5016418,800,777080,-1
34528.124,2,5016083,800,775620,1
34528.124,2,5016418,800,777080,-1
34528.149,1,5017182,800,776980,-1
34528.279,1,5017402,400,775700,1
34528.365,1,5017535,800,775520,1
34528.414,2,5017402,400,775700,1
34529.099,2,5017535,800,775520,1
34529.102,2,5017182,800,776980,-1
34529.144,1,5018824,800,775420,1
34529.347,1,5019170,800,776880,-1
34529.441,1,5019332,400,775800,1
34530.274,2,5018824,800,775420,1
34530.278,2,5019170,800,776880,-1
34531.295,1,5022429,800,775520,1
34531.509,1,5022795,800,776980,-1
34531.599,2,4999145,500,773800,1
34531.614,1,5022971,500,774500,1
34532.084,2,5001722,1000,777200,-1
34532.856,1,5025105,1000,777100,-1
34533.695,2,5022429,800,775520,1
34533.696,2,5022795,800,776980,-1
34533.761,1,5026640,800,775420,1
34533.926,2,5019332,400,775800,1
34533.926,1,5026933,100,776100,1
34533.976,1,5027024,800,776880,-1
34534.003,1,5027075,1000,776000,1
34534.189,2,5026640,800,775420,1
34534.194,2,5027024,800,776880,-1
34534.325,1,5027598,800,776680,-1
34534.342,2,5027075,1000,776000,1
34534.592,1,5028004,800,775220,1
34535.04,2,5028004,800,775220,1
34535.041,2,5027598,800,776680,-1
34535.072,1,5028788,800,776780,-1
34535.301,1,5029178,800,775320,1
34537.454,2,5029178,800,775320,1
34537.454,2,5028788,800,776780,-1
34537.455,1,5032739,800,776580,-1
34537.65,1,5033053,800,775120,1
34537.798,2,5033053,800,775120,1
34537.807,2,5032739,800,776580,-1
34537.862,4,5026933,100,776100,1
34537.915,1,5033475,800,776780,-1
34538.151,1,5033861,800,775320,1
34538.63,2,4443067,50,781000,-1
34538.63,1,5034653,900,776000,1
34538.631,2,4476401,1000,780700,-1
34538.632,2,4585329,1000,781200,-1
34538.632,2,4893509,600,779900,-1
34538.633,2,4896046,400,779500,-1
34538.634,2,4953993,200,777500,-1
34538.635,1,5034661,400,782000,-1
34538.636,2,4994969,600,778200,-1
34538.636,2,5025105,1000,777100,-1
34538.637,1,5034664,600,782000,-1
34538.679,1,5034752,600,782000,-1
34538.808,1,5034953,200,782000,-1
34538.84,2,5022971,500,774500,1
34538.85,1,5035016,500,774000,1
34538.939,2,5033861,800,775320,1
34538.94,2,5033475,800,776780,-1
34538.987,1,5035200,800,776680,-1
34539.086,2,5035200,800,776680,-1
34539.107,2,5034661,400,782000,-1
34539.109,2,5034664,600,782000,-1
34539.113,1,5035401,400,782000,-1
34539.114,1,5035402,600,782000,-1
34539.212,1,5035567,800,776580,-1
34539.268,2,5034953,200,782000,-1
34539.406,1,5035912,800,775120,1
34539.444,2,5034653,900,776000,1
34539.501,2,5035401,400,782000,-1
34539.502,1,5036054,400,782000,-1
34539.504,2,5035402,600,782000,-1
34539.507,1,5036064,600,782000,-1
34539.615,2,5035912,800,775120,1
34539.616,2,5035567,800,776580,-1
34539.673,1,5036319,800,776380,-1
34539.763,1,5036472,200,777700,-1
34539.923,1,5036739,800,774920,1
34540.0,2,5036054,400,782000,-1
34540.004,1,5036866,400,779500,-1
34540.013,2,5036064,600,782000,-1
34540.014,1,5036895,600,778200,-1
34540.082,1,5037014,1000,776210,-1
34540.513,2,5036739,800,774920,1
34540.52,2,5036319,800,776380,-1
34540.556,1,5037839,800,776480,-1
34540.807,2,5036895,600,778200,-1
34540.811,1,5038282,600,777500,-1
34540.812,1,5038285,800,775020,1
34540.846,2,5037014,1000,776210,-1
34541.315,1,5039152,100,776100,-1
34541.433,1,5039355,1000,776210,-1
34542.605,2,5038285,800,775020,1
34542.612,2,5037839,800,776480,-1
34542.662,1,5041386,800,776780,-1
34542.683,2,4995431,1000,773900,1
34542.685,1,5041422,1000,773200,1
34542.749,1,5041522,1000,776210,-1
34542.779,2,5041522,1000,776210,-1
34542.781,2,5039355,1000,776210,-1
34542.885,1,5041740,800,775320,1
34544.937,2,5041740,800,775320,1
34544.944,2,5041386,800,776780,-1
34545.048,1,5045186,800,776480,-1
34545.248,1,5045515,1000,776210,-1
34545.337,2,5045515,1000,776210,-1
34545.388,1,5045737,800,775020,1
34545.569,2,5045737,800,775020,1
34545.569,2,5045186,800,776480,-1
34545.612,1,5046138,800,776580,-1
34545.752,1,5046396,1000,776210,-1
34545.826,1,5046509,800,775120,1
34546.631,2,5046509,800,775120,1
34546.632,2,5046138,800,776580,-1
34546.677,1,5047940,800,776380,-1
34546.705,2,5047940,800,776380,-1
34546.88,2,5046396,1000,776210,-1
34546.979,1,5048455,800,776380,-1
34547.115,1,5048697,1000,776100,-1
34547.189,1,5048823,800,774920,1
34547.389,2,5048823,800,774920,1
34547.39,2,5048455,800,776380,-1
34547.435,1,5049254,800,776480,-1
34547.686,1,5049699,800,775020,1
34549.302,2,5049699,800,775020,1
34549.302,2,5049254,800,776480,-1
34549.339,1,5052527,800,776380,-1
34549.511,1,5052821,800,774920,1
34550.028,2,5039152,100,776100,-1
34550.1,2,5038282,600,777500,-1
34550.101,2,5041422,1000,773200,1
34550.11,1,5053818,600,776900,-1
34550.111,1,5053819,1000,772200,1
34550.336,1,5054190,100,776990,-1
34550.373,1,5054256,100,776000,-1
34550.381,2,5052821,800,774920,1
34550.383,2,5052527,800,776380,-1
34550.415,1,5054329,800,776480,-1
34550.615,1,5054660,800,775020,1
34550.645,2,5054329,800,776480,-1
34550.661,2,5054660,800,775020,1
34550.827,1,5055016,800,776480,-1
34550.898,2,5055016,800,776480,-1
34551.05,1,5055394,800,776180,-1
34551.178,2,5055394,800,776180,-1
34551.207,1,5055655,800,776280,-1
34551.37,1,5055926,800,774820,1
34551.452,2,5055926,800,774820,1
34551.454,2,5055655,800,776280,-1
34551.553,2,5035016,500,774000,1
34551.56,1,5056220,500,773300,1
34551.615,1,5056313,800,776480,-1
34551.867,1,5056758,800,775020,1
34553.853,2,5053818,600,776900,-1
34553.856,1,5060035,600,776600,-1
34554.507,2,5056313,800,776480,-1
34554.512,2,5056758,800,775020,1
34554.544,1,5061132,800,775220,1
34554.858,2,5054256,100,776000,-1
34555.117,2,5060035,600,776600,-1
34555.117,1,5062102,600,776900,-1
34555.49,1,5062691,800,776680,-1
34556.521,2,5061132,800,775220,1
34556.524,2,5062691,800,776680,-1
34556.547,1,5064474,800,775520,1
34556.771,1,5064827,800,776980,-1
34557.045,2,5064474,800,775520,1
34557.108,2,5064827,800,776980,-1
34557.117,1,5065381,800,775220,1
34557.328,1,5065739,800,776680,-1
34558.665,2,5065381,800,775220,1
34558.671,2,5065739,800,776680,-1
34558.672,1,5068015,800,775420,1
34558.781,2,5068015,800,775420,1
34558.905,1,5068415,800,775220,1
34559.125,1,5068802,800,776680,-1
34559.374,5,5042528,100,775800,-1
34559.374,5,5066124,200,776000,-1
34559.686,2,5062102,600,776900,-1
34559.701,1,5069778,600,777400,-1
34560.481,2,5068415,800,775220,1
34560.485,2,5068802,800,776680,-1
34560.522,1,5071092,800,776480,-1
34560.712,2,5071092,800,776480,-1
34560.75,1,5071442,800,775220,1
34560.966,1,5071851,800,776680,-1
34562.671,2,5048697,1000,776100,-1
34562.994,2,5071442,800,775220,1
34562.995,2,5071851,800,776680,-1
34563.011,1,5075261,800,776580,-1
34563.163,2,5075261,800,776580,-1
34563.172,1,5075466,1000,776100,-1
34563.306,1,5075704,800,776480,-1
34563.526,2,5075466,1000,776100,-1
34563.648,1,5076260,800,775020,1
34563.755,1,5076445,1000,776100,-1
34564.314,2,5076260,800,775020,1
34564.326,2,5075704,800,776480,-1
34564.363,1,5077467,800,775220,1
34564.985,1,5078486,800,776680,-1
34565.227,1,5078928,300,775700,1
34565.402,2,5078928,300,775700,1
34566.648,2,5076445,1000,776100,-1
34566.664,2,5077467,800,775220,1
34566.666,2,5078486,800,776680,-1
34566.697,1,5081417,800,775120,1
34566.853,2,5081417,800,775120,1
34566.907,1,5081739,800,776380,-1
34566.999,1,5081895,1000,776100,-1
34567.09,1,5082045,800,774920,1
34568.024,2,5082045,800,774920,1
34568.026,2,5081739,800,776380,-1
34568.082,1,5083692,800,776180,-1
34568.091,1,5083705,100,776000,-1
34568.319,1,5084075,800,774720,1
34568.704,2,5084075,800,774720,1
34568.709,2,5083692,800,776180,-1
34568.751,1,5084861,800,776280,-1
34569.03,1,5085364,800,774820,1
34571.108,2,5085364,800,774820,1
34571.108,2,5084861,800,776280,-1
34571.135,1,5088888,800,776380,-1
34571.279,2,5088888,800,776380,-1
34571.42,1,5089326,800,775120,1
34571.498,2,5089326,800,775120,1
34571.67,1,5089710,800,776380,-1
34571.893,2,5089710,800,776380,-1
34571.897,1,5090086,800,775120,1
34572.125,1,5090442,800,776580,-1
34572.191,2,5090086,800,775120,1
34572.207,2,5090442,800,776580,-1
34572.376,1,5090824,800,775120,1
34572.679,2,5090824,800,775120,1
34572.774,1,5091449,800,775320,1
34572.911,2,5081895,1000,776100,-1
34572.996,1,5091787,800,776780,-1
34573.616,2,5091449,800,775320,1
34573.617,2,5091787,800,776780,-1
34573.677,1,5092886,800,775120,1
34573.892,2,5083705,100,776000,-1
34573.893,1,5093261,800,776580,-1
34574.078,1,5093605,1000,776100,-1
34574.657,2,5093605,1000,776100,-1
34575.131,2,5092886,800,775120,1
34575.135,2,5093261,800,776580,-1
34575.225,1,5095503,800,775320,1
34575.354,1,5095719,1000,776100,-1
34575.478,2,5095719,1000,776100,-1
34576.036,2,5095503,800,775320,1
34576.091,1,5096946,800,775520,1
34576.14,2,5096946,800,775520,1
34576.16,2,5053819,1000,772200,1
34576.164,1,5097059,1000,773400,1
34576.269,1,5097237,800,775420,1
34576.387,2,5097237,800,775420,1
34576.581,1,5097724,800,775520,1
34576.652,2,5069778,600,777400,-1
34576.661,1,5097856,600,777900,-1
34576.836,1,5098158,800,776980,-1
34576.931,2,5097724,800,775520,1
34576.933,2,5098158,800,776980,-1
34577.11,1,5098635,800,776880,-1
34577.166,2,5097856,600,777900,-1
34577.168,1,5098740,600,778600,-1
34577.32,2,5056220,500,773300,1
34577.327,1,5099021,500,774200,1
34578.401,2,5097059,1000,773400,1
34578.405,1,5100847,1000,774600,1
34578.612,2,5098635,800,776880,-1
34578.67,1,5101273,800,776680,-1
34578.842,1,5101541,2000,777400,-1
34579.752,1,5103006,800,775220,1
34579.791,1,5103070,100,776000,1
34581.27,2,5101273,800,776680,-1
34581.28,2,5103006,800,775220,1
34581.287,1,5105567,800,775420,1
34581.499,1,5105924,800,776880,-1
34581.853,1,5106540,100,775800,1
34582.07,2,5105567,800,775420,1
34582.071,2,5105924,800,776880,-1
34582.081,1,5106922,800,775520,1
34582.138,2,5106922,800,775520,1
34582.39,1,5107421,800,775620,1
34583.285,2,5107421,800,775620,1
34583.463,1,5109220,800,775520,1
34583.72,1,5109661,800,776980,-1
34586.867,2,5109220,800,775520,1
34586.867,2,5109661,800,776980,-1
34586.893,1,5114967,800,776880,-1
34587.243,1,5115567,800,775420,1
34587.426,2,5115567,800,775420,1
34587.438,2,5114967,800,776880,-1
34587.529,1,5116039,800,775720,1
34587.714,2,5116039,800,775720,1
34587.739,1,5116403,800,775620,1
34587.978,1,5116813,800,777080,-1
34588.848,2,5100847,1000,774600,1
34588.85,1,5118299,1000,775000,1
34589.419,2,5116403,800,775620,1
34589.419,2,5116813,800,777080,-1
34589.47,1,5119299,800,775520,1
34589.643,2,4909803,200,774600,1
34589.645,1,5119603,800,776980,-1
34589.646,1,5119606,200,774000,1
34589.888,2,5098740,600,778600,-1
34589.891,1,5120010,900,779400,-1
34589.985,2,5106540,100,775800,1
34590.221,1,5120533,1000,775900,1
34590.249,2,5118299,1000,775000,1
34590.249,1,5120584,1000,774800,1
34590.293,2,5120533,1000,775900,1
34590.947,1,5121793,1000,775900,1
34590.969,2,5119603,800,776980,-1
34590.973,2,5119299,800,775520,1
34590.999,1,5121891,800,775420,1
34591.012,1,5121919,100,775600,1
34591.122,2,5103070,100,776000,1
34591.133,1,5122126,100,775600,1
34591.168,1,5122187,800,776880,-1
34591.968,2,5121891,800,775420,1
34591.968,2,5122187,800,776880,-1
34591.993,1,5123538,800,775620,1
34592.15,1,5123824,800,777080,-1
34592.407,2,5123538,800,775620,1
34592.409,2,5123824,800,777080,-1
34592.445,1,5124333,800,775520,1
34592.632,1,5124658,800,776980,-1
34592.769,2,5124333,800,775520,1
34592.771,2,5124658,800,776980,-1
34592.797,1,5124953,800,775320,1
34592.859,2,5124953,800,775320,1
34593.003,1,5125306,800,775520,1
34593.111,2,5121793,1000,775900,1
34593.141,2,5125306,800,775520,1
34593.227,1,5125662,800,775520,1
34593.361,1,5125894,1000,775900,1
34593.417,1,5125994,800,776980,-1
34593.451,2,5099021,500,774200,1
34593.458,1,5126061,500,774800,1
34593.534,2,5125662,800,775520,1
34593.536,2,5125994,800,776980,-1
34593.563,1,5126238,1000,776000,1
34593.609,1,5126303,800,775420,1
34593.617,2,5125894,1000,775900,1
34593.682,5,5126253,100,776040,1
34593.682,5,5126237,400,776010,1
34593.786,2,5126061,500,774800,1
34593.789,1,5126627,800,776880,-1
34593.793,1,5126637,500,774400,1
34594.498,2,5126303,800,775420,1
34594.499,2,5126627,800,776880,-1
34594.533,1,5127814,800,775620,1
34594.541,2,5121919,100,775600,1
34594.638,1,5127985,300,776300,1
34594.639,2,5122126,100,775600,1
34594.721,1,5128131,800,777080,-1
34594.724,2,5127814,800,775620,1
34594.761,2,5128131,800,777080,-1
34594.855,1,5128383,100,776100,1
34594.916,1,5128492,800,775720,1
34595.001,2,5126238,1000,776000,1
34595.145,1,5128888,800,777180,-1
34595.772,2,5128383,100,776100,1
34595.888,2,5126637,500,774400,1
34595.893,1,5130168,500,774800,1
34596.012,1,5130364,100,776300,1
34596.087,2,5128492,800,775720,1
34596.089,2,5128888,800,777180,-1
34596.119,1,5130562,800,775820,1
34596.224,2,5119606,200,774000,1
34596.225,1,5130754,200,774700,1
34596.307,1,5130905,800,777280,-1
34596.924,2,5130562,800,775820,1
34596.93,2,5130905,800,777280,-1
34596.984,1,5131989,800,777080,-1
34597.094,1,5132166,1000,776400,1
34597.234,1,5132386,800,775620,1
34597.49,2,5036472,200,777700,-1
34597.492,1,5132825,200,778400,-1
34597.504,2,5132386,800,775620,1
34597.505,2,5131989,800,777080,-1
34597.511,2,5130364,100,776300,1
34597.513,1,5132869,800,777180,-1
34597.583,2,5127985,300,776300,1
34597.583,1,5132981,600,776700,1
34597.73,2,5132166,1000,776400,1
34597.753,1,5133243,800,775720,1
34598.444,2,5133243,800,775720,1
34598.446,2,5132869,800,777180,-1
34598.495,1,5134455,800,777280,-1
34598.732,1,5134846,800,775820,1
34598.868,1,5135065,1000,776400,1
34599.808,2,5134846,800,775820,1
34599.809,2,5134455,800,777280,-1
34599.83,1,5136715,800,777380,-1
34599.902,2,5135065,1000,776400,1
34600.038,1,5137066,800,775920,1
34600.877,2,5101541,2000,777400,-1
34601.216,2,5120010,900,779400,-1
34601.223,1,5139019,600,779000,-1
34601.329,2,5137066,800,775920,1
34601.33,2,5136715,800,777380,-1
34601.368,1,5139246,800,777180,-1
34601.563,1,5139572,800,775720,1
34601.858,4,5132981,500,776700,1
34601.878,2,5139572,800,775720,1
34601.906,2,5139246,800,777180,-1
34601.912,1,5140153,800,777380,-1
34602.02,1,5140322,2000,777900,-1
34602.099,1,5140453,800,775920,1
34603.299,2,5140453,800,775920,1
34603.299,2,5140153,800,777380,-1
34603.31,1,5142516,800,777180,-1
34603.423,5,5142041,100,776710,1
34603.505,1,5142852,800,775720,1
34603.658,2,5120584,1000,774800,1
34603.676,1,5143104,1000,774200,1
34603.836,2,5139019,600,779000,-1
34603.849,1,5143386,600,778300,-1
34604.004,4,5132981,100,776700,1
34604.303,1,5144149,100,776800,-1
34604.896,2,5142852,800,775720,1
34604.896,2,5142516,800,777180,-1
34604.909,1,5145148,800,776980,-1
34605.167,1,5145568,800,775520,1
34605.176,1,5145589,1000,776900,-1
34605.654,2,5145568,800,775520,1
34605.656,2,5145148,800,776980,-1
34605.7,1,5146514,800,777080,-1
34605.725,5,5145404,100,776550,-1
34605.728,2,5144149,100,776800,-1
34605.765,5,5145404,400,776550,-1
34605.765,5,5145408,50,776550,-1
34605.915,1,5146878,800,775620,1
34606.074,2,5143104,1000,774200,1
34606.077,1,5147149,1000,773400,1
34606.118,1,5147226,100,776600,1
34606.205,2,5130168,500,774800,1
34606.213,1,5147385,500,774100,1
34606.481,2,5147226,100,776600,1
34607.126,2,5146878,800,775620,1
34607.13,2,5146514,800,777080,-1
34607.164,1,5148921,800,776980,-1
34607.354,1,5149236,800,775520,1
34607.465,2,5149236,800,775520,1
34607.466,2,5148921,800,776980,-1
34607.584,1,5149600,800,776780,-1
34607.636,2,5149600,800,776780,-1
34607.79,1,5149951,800,776780,-1
34608.027,1,5150368,800,775320,1
34608.246,2,5143386,600,778300,-1
34608.254,1,5150733,600,777800,-1
34608.808,2,5150368,800,775320,1
34608.81,2,5149951,800,776780,-1
34608.863,1,5151771,800,776880,-1
34609.103,1,5152195,800,775420,1
34609.188,1,5152335,100,776800,-1
34610.325,1,5154251,1000,776800,-1
34610.336,2,5145589,1000,776900,-1
34610.396,2,5150733,600,777800,-1
34610.398,1,5154370,600,777100,-1
34610.592,2,5152195,800,775420,1
34610.596,2,5151771,800,776880,-1
34610.636,1,5154749,800,776980,-1
34610.679,1,5154819,200,776200,1
34610.817,1,5155046,800,775520,1
34611.338,2,5140322,2000,777900,-1
34611.348,2,5154819,200,776200,1
34611.597,1,5156302,100,776200,-1
34611.747,2,5152335,100,776800,-1
34611.853,2,5154370,600,777100,-1
34611.864,1,5156757,600,777300,-1
34611.931,1,5156858,100,776400,-1
34612.099,2,5154251,1000,776800,-1
34612.321,1,5157530,1000,776300,-1
34612.924,2,5155046,800,775520,1
34612.925,2,5154749,800,776980,-1
34612.933,2,5156302,100,776200,-1
34612.964,1,5158578,800,776880,-1
34613.128,1,5158845,800,775420,1
34614.033,2,5158845,800,775420,1
34614.041,2,5158578,800,776880,-1
34614.048,1,5160322,800,776780,-1
34614.143,2,5160322,800,776780,-1
34614.242,1,5160635,800,776680,-1
34614.498,1,5161089,800,775220,1
34614.538,2,5160635,800,776680,-1
34614.558,2,5161089,800,775220,1
34614.741,1,5161497,800,775520,1
34614.963,1,5161855,800,776980,-1
34615.152,2,5161497,800,775520,1
34615.153,2,5161855,800,776980,-1
34615.185,1,5162217,800,775420,1
34615.367,1,5162502,800,776880,-1
34615.672,2,5162217,800,775420,1
34615.673,2,5162502,800,776880,-1
34615.715,1,5163001,800,776680,-1
34615.882,1,5163301,800,775220,1
34616.979,2,5156757,600,777300,-1
34616.983,1,5165206,600,777000,-1
34617.481,2,5163301,800,775220,1
34617.483,2,5163001,800,776680,-1
34617.522,1,5166097,800,776780,-1
34617.664,2,5166097,800,776780,-1
34617.717,1,5166414,800,776480,-1
34617.927,1,5166753,800,775020,1
34617.985,2,5166753,800,775020,1
34617.987,2,5166414,800,776480,-1
34618.189,1,5167204,800,776580,-1
34618.397,1,5167573,800,775120,1
34619.241,2,5156858,100,776400,-1
34619.338,2,5167573,800,775120,1
34619.341,2,5167204,800,776580,-1
34619.389,1,5169230,800,775420,1
34619.631,1,5169631,800,776880,-1
34619.683,1,5169709,100,776400,-1
34620.125,2,5157530,1000,776300,-1
34620.701,2,5169230,800,775420,1
34620.702,2,5169631,800,776880,-1
34620.703,1,5171351,800,775620,1
34620.731,2,5171351,800,775620,1
34620.835,2,5165206,600,777000,-1
34620.836,1,5171568,600,777200,-1
34620.907,1,5171700,800,775620,1
34620.954,2,5171700,800,775620,1
34621.154,1,5172103,800,776880,-1
34621.36,2,5171568,600,777200,-1
34621.366,1,5172431,600,777500,-1
34621.397,1,5172483,800,775420,1
34622.54,2,5172483,800,775420,1
34622.555,2,5172103,800,776880,-1
34622.569,1,5174403,800,775520,1
34622.62,2,5174403,800,775520,1
34622.633,1,5174526,200,776000,1
34622.75,1,5174706,800,775520,1
34622.955,2,5174706,800,775520,1
34622.974,1,5175076,800,775620,1
34623.061,2,5169709,100,776400,-1
34623.085,2,5175076,800,775620,1
34623.107,1,5175294,800,775720,1
34623.272,1,5175576,800,777180,-1
34623.632,5,5171062,500,776400,-1
34623.94,2,5175294,800,775720,1
34623.944,2,5175576,800,777180,-1
34623.964,1,5176632,800,775920,1
34624.133,1,5176921,800,777380,-1
34624.659,2,5172431,600,777500,-1
34624.669,1,5177820,600,777900,-1
34625.217,2,5177820,600,777900,-1
34625.224,1,5178744,600,778400,-1
34625.366,1,5178985,100,776400,1
34627.147,1,5182009,100,776100,1
34627.743,2,5176632,800,775920,1
34627.804,1,5183128,800,775920,1
34627.884,2,5176921,800,777380,-1
34627.95,1,5183379,800,777380,-1
34627.969,2,5183128,800,775920,1
34627.97,2,5183379,800,777380,-1
34628.138,1,5183683,800,776120,1
34628.409,2,5174526,200,776000,1
34628.429,1,5184167,200,776300,1
34628.44,1,5184189,800,777580,-1
34628.565,2,5183683,800,776120,1
34628.566,2,5184189,800,777580,-1
34628.617,1,5184487,800,776020,1
34628.792,1,5184775,800,777480,-1
34628.799,2,5147149,1000,773400,1
34628.802,1,5184791,1000,774300,1
34630.333,2,5184487,800,776020,1
34630.336,2,5184775,800,777480,-1
34630.388,1,5187372,800,776220,1
34630.517,2,5178985,100,776400,1
34630.611,1,5187747,800,777680,-1
34630.692,2,5182009,100,776100,1
34630.736,1,5187970,100,776600,1
34631.082,2,5187372,800,776220,1
34631.085,2,5187747,800,777680,-1
34631.118,1,5188659,800,776120,1
34631.149,4,5054190,100,776990,-1
34631.197,2,5184167,200,776300,1
34631.212,1,5188831,300,776700,1
34631.328,2,5188659,800,776120,1
34631.952,1,5190092,800,776220,1
34632.104,1,5190377,800,777680,-1
34632.748,2,5178744,600,778400,-1
34632.751,1,5191454,600,779000,-1
34633.585,2,5190092,800,776220,1
34633.587,2,5190377,800,777680,-1
34633.672,1,5192936,800,776420,1
34633.82,1,5193195,800,777880,-1
34634.483,2,5192936,800,776420,1
34634.484,2,5193195,800,777880,-1
34634.507,1,5194341,800,777580,-1
34634.851,2,5036866,400,779500,-1
34634.857,1,5194926,400,780400,-1
34634.881,1,5194968,800,776120,1
34635.234,2,5194968,800,776120,1
34635.239,2,5194341,800,777580,-1
34635.27,1,5195585,800,776420,1
34635.362,2,5195585,800,776420,1
34635.378,2,5187970,100,776600,1
34635.472,1,5195902,800,777580,-1
34635.68,1,5196253,100,776900,1
34635.896,2,5130754,200,774700,1
34635.898,1,5196621,200,775300,1
34636.006,1,5196806,800,776120,1
34636.714,2,5196806,800,776120,1
34636.715,2,5195902,800,777580,-1
34636.752,1,5197990,800,777380,-1
34636.982,1,5198394,800,775920,1
34637.497,2,5198394,800,775920,1
34637.498,2,5197990,800,777380,-1
34637.523,1,5199235,800,777480,-1
34637.702,1,5199537,800,776020,1
34638.373,2,5199537,800,776020,1
34638.397,2,5199235,800,777480,-1
34638.401,1,5200680,800,776220,1
34638.56,1,5200948,800,777680,-1
34640.71,2,5188831,300,776700,1
34640.717,1,5204634,300,777000,1
34640.765,2,5034752,600,782000,-1
34640.797,1,5204777,600,781500,-1
34640.87,2,5200680,800,776220,1
34640.871,2,5200948,800,777680,-1
34640.896,1,5204940,800,777780,-1
34641.057,1,5205211,800,776320,1
34641.132,2,5132825,200,778400,-1
34641.134,1,5205355,200,779200,-1
34641.398,2,5205211,800,776320,1
34641.4,2,5204940,800,777780,-1
34641.436,1,5205833,800,776420,1
34641.498,5,5196236,500,777600,-1
34641.681,2,5196253,100,776900,1
34642.383,1,5207310,800,777880,-1
34642.673,2,5207310,800,777880,-1
34642.674,2,5205833,800,776420,1
34642.713,1,5207766,800,776720,1
34642.937,1,5208135,800,778180,-1
34643.034,2,5191454,600,779000,-1
34643.04,1,5208302,600,778400,-1
34643.292,2,5207766,800,776720,1
34643.294,2,5208135,800,778180,-1
34643.315,1,5208740,800,778080,-1
34643.551,2,5208302,600,778400,-1
34643.553,1,5209148,600,778900,-1
34643.615,1,5209263,800,776620,1
34645.43,1,5212209,1000,777200,1
34645.663,2,5209148,600,778900,-1
34645.679,1,5212549,600,779500,-1
34645.681,2,5184791,1000,774300,1
34645.705,1,5212579,1000,775300,1
34645.85,1,5212815,100,777300,1
34645.88,2,5212209,1000,777200,1
34645.937,2,5209263,800,776620,1
34645.938,2,5208740,800,778080,-1
34645.973,1,5212985,800,776820,1
34646.115,2,5204634,300,777000,1
34646.14,1,5213247,500,777300,1
34646.281,1,5213502,800,778280,-1
34647.532,2,5147385,500,774100,1
34647.545,1,5215561,500,775200,1
34648.144,2,5212985,800,776820,1
34648.146,2,5213502,800,778280,-1
34648.161,1,5216540,800,777020,1
34648.405,1,5216943,800,778480,-1
34649.404,2,5216540,800,777020,1
34649.405,2,5216943,800,778480,-1
34649.438,1,5218641,800,776920,1
34649.68,1,5219031,800,778380,-1
34649.825,2,5218641,800,776920,1
34649.827,2,5219031,800,778380,-1
34649.922,1,5219416,800,776720,1
34650.171,1,5219792,800,778180,-1
34652.863,2,5213247,500,777300,1
34652.873,1,5224318,100,777600,1
34653.141,2,5212815,100,777300,1
34653.178,1,5224836,100,777600,1
34653.191,1,5224864,700,777500,1
34653.196,2,5219416,800,776720,1
34653.247,1,5224945,800,776720,1
34653.265,2,5224945,800,776720,1
34653.266,2,5219792,800,778180,-1
34653.373,2,5196621,200,775300,1
34653.373,1,5225146,200,776000,1
34653.404,1,5225205,800,778280,-1
34653.55,1,5225458,800,776820,1
34653.848,2,5224864,700,777500,1
34653.983,2,5225458,800,776820,1
34653.984,2,5225205,800,778280,-1
34654.027,1,5226254,800,777020,1
34654.198,1,5226552,800,778480,-1
34654.377,2,5194926,400,780400,-1
34654.379,1,5226868,400,781400,-1
34656.178,2,5224836,100,777600,1
34656.309,1,5230082,100,777800,1
34656.802,2,5226254,800,777020,1
34656.847,1,5230987,800,777020,1
34656.923,2,5226552,800,778480,-1
34656.998,1,5231226,800,778480,-1
34658.158,2,5212549,600,779500,-1
34658.16,1,5233199,600,780100,-1
34659.448,2,5230987,800,777020,1
34659.45,2,5231226,800,778480,-1
34659.477,1,5235348,800,778280,-1
34659.571,1,5235488,200,777700,1
34659.723,1,5235752,800,776820,1
34659.767,2,5235488,200,777700,1
34660.348,2,5233199,600,780100,-1
34660.35,1,5236808,600,779200,-1
34660.433,2,5235348,800,778280,-1
34660.443,2,5235752,800,776820,1
34660.478,1,5237026,800,777120,1
34660.545,2,5237026,800,777120,1
34660.668,1,5237358,800,778480,-1
34660.869,1,5237708,800,777020,1
34661.302,4,5230082,100,777800,1
34661.625,1,5239064,1000,777700,1
34661.659,5,5239059,100,777710,1
34661.994,2,5239064,1000,777700,1
34662.273,2,5237708,800,777020,1
34662.274,2,5237358,800,778480,-1
34662.301,1,5240170,800,777320,1
34662.418,1,5240349,100,777700,1
34662.511,1,5240524,800,778780,-1
34662.535,2,5240170,800,777320,1
34662.537,2,5240524,800,778780,-1
34662.64,5,5240590,300,777710,1
34662.752,1,5240952,800,777220,1
34662.961,1,5241317,800,778680,-1
34663.574,2,5215561,500,775200,1
34663.585,1,5242383,500,776100,1
34663.75,2,5240952,800,777220,1
34663.753,2,5241317,800,778680,-1
34663.769,1,5242677,800,778480,-1
34663.991,1,5243076,800,777020,1
34664.652,4,5240349,100,777700,1
34665.252,1,5245147,100,777800,-1
34665.361,4,5224318,100,777600,1
34666.979,5,5246299,500,777700,-1
34666.983,1,5248063,1000,777700,1
34667.419,4,5248063,600,777700,1
34667.606,4,5248063,400,777700,1
34667.717,2,5242677,800,778480,-1
34667.785,1,5249421,800,778480,-1
34667.94,2,5243076,800,777020,1
34668.003,1,5249806,800,777020,1
34668.08,2,5249421,800,778480,-1
34668.102,2,5249806,800,777020,1
34668.236,1,5250183,800,778280,-1
34668.482,1,5250599,800,776820,1
34668.567,1,5250743,1000,777800,-1
34668.67,2,5250743,1000,777800,-1
34670.367,2,5250599,800,776820,1
34670.367,2,5250183,800,778280,-1
34670.405,1,5253809,800,778080,-1
34670.662,2,5242383,500,776100,1
34670.663,1,5254240,800,776620,1
34670.667,1,5254250,500,775400,1
34671.738,5,5255900,100,777600,-1
34672.584,2,5254240,800,776620,1
34672.589,2,5253809,800,778080,-1
34672.593,1,5257474,800,777880,-1
34672.854,1,5257904,800,776420,1
34673.151,2,5257904,800,776420,1
34673.155,2,5257474,800,777880,-1
34673.256,1,5258599,800,777980,-1
34673.441,2,5236808,600,779200,-1
34673.442,2,5212579,1000,775300,1
34673.449,1,5258952,600,778500,-1
34673.449,1,5258954,1000,774200,1
34673.489,1,5259018,800,776520,1
34674.425,2,5245147,100,777800,-1
34674.918,1,5261493,100,777800,-1
34675.09,2,5259018,800,776520,1
34675.093,2,5258599,800,777980,-1
34675.138,1,5261896,800,778080,-1
34675.308,1,5262178,1000,777900,-1
34675.405,1,5262351,800,776620,1
34675.93,2,5262351,800,776620,1
34675.931,2,5261896,800,778080,-1
34676.038,1,5263406,800,777880,-1
34676.242,1,5263762,800,776420,1
34677.205,2,5263762,800,776420,1
34677.21,2,5263406,800,777880,-1
34677.261,1,5265502,800,777980,-1
34677.384,2,5258952,600,778500,-1
34677.39,1,5265725,600,778200,-1
34677.432,2,5254250,500,775400,1
34677.438,1,5265804,500,774600,1
34677.478,2,5226868,400,781400,-1
34677.483,1,5265882,800,776520,1
34677.486,1,5265888,400,780100,-1
34677.806,2,5265725,600,778200,-1
34677.813,1,5266460,600,778400,-1
34677.945,5,5263423,100,777550,-1
34678.279,2,5265882,800,776520,1
34678.281,2,5265502,800,777980,-1
34678.319,1,5267299,800,778080,-1
34678.567,1,5267739,800,776620,1
34680.043,2,5262178,1000,777900,-1
34680.106,1,5270354,1000,777800,-1
34680.391,1,5270837,300,776900,1
34681.355,2,5267739,800,776620,1
34681.359,2,5267299,800,778080,-1
34681.383,1,5272458,800,778180,-1
34681.627,1,5272871,800,776720,1
34682.777,2,5272871,800,776720,1
34682.778,2,5272458,800,778180,-1
34682.825,1,5274801,800,778280,-1
34682.883,2,5270354,1000,777800,-1
34683.098,1,5275205,800,776820,1
34683.182,1,5275356,1000,777800,-1
34683.529,2,5275205,800,776820,1
34683.531,2,5274801,800,778280,-1
34683.742,2,5261493,100,777800,-1
34684.017,2,5275356,1000,777800,-1
34684.208,2,5266460,600,778400,-1
34684.208,1,5276911,600,778700,-1
34684.289,1,5277035,200,777800,-1
34684.517,1,5277344,1000,778000,-1
34684.52,1,5277346,1000,777800,-1
34684.531,2,5277344,1000,778000,-1
34684.609,1,5277483,800,778480,-1
34684.883,1,5277939,800,777020,1
34684.911,2,5277346,1000,777800,-1
34685.077,1,5278279,1000,778000,-1
34685.118,5,5277073,100,777760,-1
34685.118,5,5277103,100,777780,-1
34685.221,1,5278524,100,777900,-1
34685.926,2,5278279,1000,778000,-1
34686.251,2,5277939,800,777020,1
34686.253,2,5277483,800,778480,-1
34686.328,1,5280391,800,777220,1
34686.41,1,5280536,1000,778000,-1
34686.532,1,5280749,800,778680,-1
34686.677,2,5280536,1000,778000,-1
34686.715,2,5278524,100,777900,-1
34686.911,2,5276911,600,778700,-1
34686.915,1,5281423,600,779000,-1
34687.463,5,5281454,100,777780,-1
34687.463,4,5277035,100,777800,-1
34687.473,4,5277035,100,777800,-1
34687.593,2,5265888,400,780100,-1
34687.616,1,5282539,400,780900,-1
34687.824,1,5282919,100,777700,1
34688.24,1,5283685,100,780000,-1
34688.281,1,5283753,300,777700,1
34689.954,2,5280391,800,777220,1
34689.955,2,5280749,800,778680,-1
34689.983,1,5286645,800,778380,-1
34690.17,2,5286645,800,778380,-1
34690.188,1,5286994,800,778480,-1
34690.415,1,5287346,1000,777900,-1
34690.425,1,5287360,800,777020,1
34690.45,2,5287346,1000,777900,-1
34690.877,2,5282919,100,777700,1
34691.215,1,5288745,1000,777900,-1
34691.281,2,5270837,300,776900,1
34691.666,1,5289500,100,778000,-1
34691.884,2,5288745,1000,777900,-1
34692.669,2,5287360,800,777020,1
34692.673,2,5286994,800,778480,-1
34692.703,1,5291247,800,778580,-1
34692.852,1,5291497,800,777120,1
34693.006,2,5291497,800,777120,1
34693.006,2,5291247,800,778580,-1
34693.041,1,5291837,800,778480,-1
34693.187,1,5292084,800,777020,1
34693.922,2,5289500,100,778000,-1
34694.194,1,5293722,1000,778000,-1
34694.313,2,5292084,800,777020,1
34694.313,2,5291837,800,778480,-1
34694.315,1,5293930,800,777320,1
34694.495,2,5293722,1000,778000,-1
34694.525,1,5294268,800,778780,-1
34694.688,2,5293930,800,777320,1
34694.688,2,5294268,800,778780,-1
34694.791,1,5294694,800,778680,-1
34694.924,1,5294900,100,777700,1
34694.997,1,5295036,800,777220,1
34695.324,2,5281423,600,779000,-1
34695.325,2,5258954,1000,774200,1
34695.33,1,5295600,600,779700,-1
34695.33,1,5295602,1000,775500,1
34695.917,5,5295462,500,777900,1
34695.917,1,5296224,500,777900,-1
34695.951,4,5296224,500,777900,-1
34696.09,1,5296517,1000,777900,-1
34696.097,4,5296517,200,777900,-1
34696.099,4,5296517,200,777900,-1
34696.137,2,5296517,600,777900,-1
34697.872,2,5294694,800,778680,-1
34697.922,1,5299653,800,778680,-1
34698.079,2,5295036,800,777220,1
34698.12,1,5299993,800,777220,1
34698.584,2,5299993,800,777220,1
34698.584,2,5299653,800,778680,-1
34698.599,1,5300816,800,777420,1
34698.756,1,5301093,800,778880,-1
34698.865,2,5301093,800,778880,-1
34698.866,2,5300816,800,777420,1
34698.975,2,5265804,500,774600,1
34698.98,1,5301448,500,775700,1
34698.999,1,5301486,800,777220,1
34699.17,1,5301782,800,778680,-1
34699.472,2,5301486,800,777220,1
34699.473,2,5301782,800,778680,-1
34699.506,1,5302376,800,778580,-1
34699.612,1,5302550,1000,778400,-1
34699.882,1,5303018,800,777120,1
34700.84,2,5303018,800,777120,1
34700.84,2,5302376,800,778580,-1
34700.872,1,5304671,800,777220,1
34701.047,2,5294900,100,777700,1
34701.05,1,5304937,800,778680,-1
34701.21,2,5304937,800,778680,-1
34701.224,2,5304671,800,777220,1
34701.277,1,5305302,800,777420,1
34701.409,1,5305515,100,777800,1
34701.471,1,5305629,800,778880,-1
34701.785,1,5306197,1000,777900,1
34702.195,2,5306197,1000,777900,1
34702.309,2,5283753,300,777700,1
34702.31,1,5307118,300,778000,1
34702.514,1,5307463,1000,777900,1
34702.525,2,5305302,800,777420,1
34702.525,2,5305629,800,778880,-1
34702.559,1,5307538,800,778780,-1
34702.692,2,5305515,100,777800,1
34702.845,2,5307463,1000,777900,1
34702.893,1,5308119,100,778000,1
34702.918,1,5308161,800,777320,1
34703.696,2,5302550,1000,778400,-1
34704.039,1,5310104,100,778100,1
34704.958,1,5311627,1000,778700,-1
34705.008,1,5311709,1000,777900,1
34705.184,2,5311709,1000,777900,1
34705.242,2,5307538,800,778780,-1
34705.311,1,5312213,800,778780,-1
34705.527,2,5308161,800,777320,1
34705.565,1,5312642,800,777320,1
34705.989,2,5205355,200,779200,-1
34705.99,1,5313373,200,780000,-1
34706.009,2,5295600,600,779700,-1
34706.01,1,5313406,600,780100,-1
34706.231,1,5313772,800,778880,-1
34706.234,2,5312213,800,778780,-1
34706.823,2,5312642,800,777320,1
34706.824,2,5313772,800,778880,-1
34706.859,1,5314819,800,778980,-1
34706.994,2,5314819,800,778980,-1
34707.005,1,5315069,800,778880,-1
34707.24,1,5315462,800,777320,1
34707.811,2,5315462,800,777320,1
34707.812,2,5315069,800,778880,-1
34707.837,1,5316473,800,778980,-1
34708.423,2,5308119,100,778000,1
34708.454,1,5317521,800,777420,1
34709.112,2,5311627,1000,778700,-1
34709.348,2,5317521,800,777420,1
34709.348,2,5316473,800,778980,-1
34709.374,1,5319063,800,779080,-1
34710.066,2,5225146,200,776000,1
34710.066,1,5320185,200,776600,1
34710.262,2,5319063,800,779080,-1
34710.294,1,5320569,800,778780,-1
34710.371,2,5320569,800,778780,-1
34710.556,1,5320982,800,779080,-1
34710.991,2,5310104,100,778100,1
34711.272,1,5322231,100,778700,-1
34711.278,1,5322247,1000,778400,1
34711.624,2,5322247,1000,778400,1
34711.636,2,5320982,800,779080,-1
34711.661,1,5322880,800,779180,-1
34711.672,2,5204777,600,781500,-1
34711.839,1,5323176,600,782600,-1
34711.959,1,5323381,1000,778400,1
34712.256,2,5322231,100,778700,-1
34712.344,2,5323381,1000,778400,1
34712.589,1,5324445,800,777620,1
34712.828,2,5324445,800,777620,1
34712.828,2,5322880,800,779180,-1
34712.829,1,5324850,800,779280,-1
34713.143,1,5325353,800,777720,1
34713.553,1,5326082,100,778600,1
34713.58,2,5313406,600,780100,-1
34713.582,1,5326119,600,780600,-1
34713.727,1,5326375,100,778700,1
34715.172,2,5325353,800,777720,1
34715.18,2,5324850,800,779280,-1
34715.217,1,5328843,800,779080,-1
34715.764,1,5329733,800,777520,1
34715.867,4,5326375,100,778700,1
34715.897,2,5329733,800,777520,1
34715.907,2,5328843,800,779080,-1
34715.992,1,5330125,800,779380,-1
34716.189,1,5330467,800,777820,1
34717.186,2,5330467,800,777820,1
34717.187,2,5330125,800,779380,-1
34717.195,1,5332177,800,779080,-1
34717.532,1,5332767,1000,778700,-1
34717.615,1,5332894,800,777520,1
34717.646,2,5332894,800,777520,1
34717.646,2,5332177,800,779080,-1
34717.811,1,5333246,800,779180,-1
34717.934,2,5326082,100,778600,1
34717.943,2,5332767,1000,778700,-1
34717.998,1,5333570,800,777620,1
34718.421,2,5307118,300,778000,1
34718.433,1,5334297,300,778700,1
34718.449,4,5334297,300,778700,1
34718.654,1,5334689,1000,778700,-1
34719.143,2,5334689,1000,778700,-1
34719.211,1,5335617,1000,778690,-1
34719.373,2,5326119,600,780600,-1
34719.377,1,5335902,600,779800,-1
34719.395,1,5335926,1000,778700,-1
34719.432,2,5333570,800,777620,1
34719.433,2,5333246,800,779180,-1
34719.456,1,5336030,800,779280,-1
34719.588,1,5336256,800,777720,1
34719.59,2,5335926,1000,778700,-1
34719.91,1,5336785,1000,778800,-1
34720.143,2,5313373,200,780000,-1
34720.144,1,5337175,200,780600,-1
34720.386,2,5336785,1000,778800,-1
34720.406,2,5335617,1000,778690,-1
34720.521,2,5336256,800,777720,1
34720.527,2,5336030,800,779280,-1
34720.541,1,5337814,800,779480,-1
34720.582,2,5337814,800,779480,-1
34720.658,1,5338030,1000,778800,-1
34720.72,1,5338134,800,778020,1
34720.75,2,5338030,1000,778800,-1
34720.958,2,5282539,400,780900,-1
34720.96,1,5338545,400,781600,-1
34721.097,1,5338779,800,779580,-1
34721.516,2,5335902,600,779800,-1
34721.519,1,5339493,600,780100,-1
34721.529,2,5338134,800,778020,1
34721.532,2,5338779,800,779580,-1
34721.665,1,5339716,800,778220,1
34721.93,1,5340183,800,779780,-1
34724.883,1,5345236,100,778500,1
34725.046,2,5339716,800,778220,1
34725.077,1,5345562,800,778220,1
34725.253,2,5340183,800,779780,-1
34725.291,1,5345938,800,779780,-1
34725.853,2,5345562,800,778220,1
34725.854,2,5345938,800,779780,-1
34725.878,1,5346930,800,779680,-1
34725.904,2,5345236,100,778500,1
34726.035,1,5347213,1000,778500,1
34726.096,1,5347314,800,778120,1
34726.289,1,5347636,1000,779790,-1
34726.543,2,5347636,1000,779790,-1
34726.898,2,5347213,1000,778500,1
34727.558,1,5349762,1000,779690,-1
34727.608,2,5347314,800,778120,1
34727.609,2,5346930,800,779680,-1
34727.633,1,5349892,800,778320,1
34727.815,1,5350216,800,779880,-1
34727.815,2,5339493,600,780100,-1
34727.817,1,5350222,600,780500,-1
34727.848,2,5349892,800,778320,1
34727.892,2,5350216,800,779880,-1
34728.028,1,5350569,800,778320,1
34728.213,1,5350913,800,779880,-1
34728.475,1,5351364,1000,778600,1
34728.633,1,5351626,100,778600,1
34729.175,2,5351364,1000,778600,1
34729.265,2,5350569,800,778320,1
34729.266,2,5350913,800,779880,-1
34729.292,1,5352722,800,779780,-1
34729.552,2,5352722,800,779780,-1
34729.57,1,5353185,800,779580,-1
34729.912,1,5353776,800,778020,1
34730.024,2,5353776,800,778020,1
34730.024,2,5353185,800,779580,-1
34730.081,1,5354039,800,778120,1
34730.274,2,5354039,800,778120,1
34730.296,1,5354388,800,778320,1
34730.467,1,5354687,800,779880,-1
34730.758,2,5354388,800,778320,1
34730.772,2,5354687,800,779880,-1
34730.793,1,5355224,800,779680,-1
34731.156,1,5355820,800,778120,1
34731.213,2,5349762,1000,779690,-1
34731.226,1,5355935,1000,779300,-1
34731.283,2,5355935,1000,779300,-1
34731.881,2,5355224,800,779680,-1
34731.882,2,5355820,800,778120,1
34731.932,1,5357098,800,779480,-1
34732.022,2,5351626,100,778600,1
34732.099,1,5357362,1000,779400,-1
34732.373,2,5320185,200,776600,1
34732.374,1,5357821,200,777200,1
34732.904,1,5358699,800,777920,1
34733.442,2,5358699,800,777920,1
34733.444,2,5357098,800,779480,-1
34733.959,1,5360521,800,779580,-1
34734.042,2,5360521,800,779580,-1
34734.213,1,5360908,800,779580,-1
34734.346,2,5360908,800,779580,-1
34734.383,1,5361224,400,779000,1
34734.417,1,5361282,800,779380,-1
34734.607,2,5357362,1000,779400,-1
34734.648,1,5361656,800,777820,1
34734.738,4,5361224,200,779000,1
34734.874,4,5361224,200,779000,1
34734.912,1,5362105,200,779300,-1
34734.986,1,5362234,1000,779000,-1
34735.309,2,5350222,600,780500,-1
34735.321,1,5362818,600,779800,-1
34735.938,2,5362105,200,779300,-1
34736.284,2,5362234,1000,779000,-1
34736.538,1,5364860,1000,779200,-1
34736.788,2,5361656,800,777820,1
34736.795,2,5361282,800,779380,-1
34736.823,1,5365320,800,779180,-1
34737.082,1,5365772,800,777620,1
34737.889,2,5365772,800,777620,1
34737.893,2,5365320,800,779180,-1
34737.935,1,5367295,800,779280,-1
34737.976,1,5367369,100,779200,-1
34738.151,1,5367684,800,777720,1
34738.182,2,5362818,600,779800,-1
34738.189,1,5367746,600,779600,-1
34741.119,2,5367684,800,777720,1
34741.12,2,5367295,800,779280,-1
34741.146,1,5372675,800,778980,-1
34741.412,2,5372675,800,778980,-1
34741.462,1,5373236,800,779080,-1
34741.752,1,5373727,800,777520,1
34741.815,2,5367746,600,779600,-1
34741.815,2,5295602,1000,775500,1
34741.822,1,5373846,600,779300,-1
34741.822,1,5373847,1000,774500,1
34743.044,2,5373727,800,777520,1
34743.044,2,5373236,800,779080,-1
34743.078,1,5376005,800,779180,-1
34743.248,1,5376288,800,777620,1
34744.051,2,5373846,600,779300,-1
34744.054,1,5377625,600,779400,-1
34745.276,2,5377625,600,779400,-1
34745.279,1,5379687,600,779500,-1
34745.326,2,5376288,800,777620,1
34745.328,2,5376005,800,779180,-1
34745.374,1,5379845,800,779280,-1
34745.508,2,5367369,100,779200,-1
34745.566,1,5380181,800,777720,1
34745.911,1,5380772,100,779200,-1
34745.912,2,5380181,800,777720,1
34745.912,2,5379845,800,779280,-1
