34201.793,2,148602,500,756600,1
34201.795,2,148604,250,770710,-1
34201.825,1,149736,250,757000,1
34201.828,1,149740,250,770710,-1
34202.72,2,149736,250,757000,1
34202.75,1,150150,500,757000,1
34203.877,2,150150,500,757000,1
34203.879,2,149740,250,770710,-1
34203.907,1,150842,250,757400,1
34203.911,1,150843,500,770710,-1
34204.731,2,144908,300,756000,1
34205.016,2,148185,300,770710,-1
34205.84,1,151919,300,756000,1
34205.968,1,152004,300,770710,-1
34207.956,2,150842,250,757400,1
34207.958,2,150843,500,770710,-1
34207.988,1,153365,500,757000,1
34207.991,1,153366,250,770710,-1
34209.562,2,60038,500,787700,-1
34210.218,2,60032,500,741400,1
34212.963,2,97617,500,776900,-1
34213.376,2,97614,500,746000,1
34214.386,2,153365,500,757000,1
34214.417,1,156372,250,757000,1
34215.571,2,153366,250,770710,-1
34215.601,1,157008,500,770710,-1
34216.257,2,156372,250,757000,1
34216.258,2,157008,500,770710,-1
34216.287,1,157296,500,756600,1
34216.29,1,157299,250,770710,-1
34217.522,2,157299,250,770710,-1
34217.552,1,157987,500,770710,-1
34220.775,2,157296,500,756600,1
34220.808,1,160425,250,756600,1
34220.877,2,160425,250,756600,1
34220.908,1,160472,500,756600,1
34221.182,2,160472,500,756600,1
34221.212,1,160716,250,756600,1
34221.391,2,160716,250,756600,1
34221.422,1,160828,500,756600,1
34221.679,2,160828,500,756600,1
34221.708,1,161034,250,756600,1
34222.195,2,161034,250,756600,1
34222.226,1,161347,500,756200,1
34222.273,2,157987,500,770710,-1
34222.305,1,161409,250,770710,-1
34224.358,2,161347,500,756200,1
34224.388,1,162606,250,756200,1
34224.548,2,162606,250,756200,1
34224.549,2,161409,250,770710,-1
34224.578,1,162724,250,756600,1
34224.582,1,162728,500,770710,-1
34225.281,2,162724,250,756600,1
34225.282,2,162728,500,770710,-1
34225.316,1,163176,500,756200,1
34225.318,1,163179,250,770710,-1
34225.366,2,163179,250,770710,-1
34225.395,1,163230,500,770710,-1
34228.126,2,163230,500,770710,-1
34228.156,1,164758,250,770710,-1
34228.748,2,164758,250,770710,-1
34228.779,1,165026,500,770710,-1
34231.213,2,165026,500,770710,-1
34231.244,1,166020,250,761510,-1
34231.808,2,163176,500,756200,1
34231.811,2,166020,250,761510,-1
34231.843,1,166308,500,756600,1
34231.846,1,166310,500,761510,-1
34232.113,2,98918,1000,770710,-1
34232.115,2,152004,300,770710,-1
34232.614,1,166775,300,766500,-1
34236.119,2,166308,500,756600,1
34236.149,1,168961,250,756600,1
34238.845,2,168961,250,756600,1
34238.845,2,166310,500,761510,-1
34238.876,1,170029,500,756200,1
34238.878,1,170031,250,761510,-1
34238.902,2,170031,250,761510,-1
34238.933,1,170059,500,761510,-1
34239.205,2,151919,300,756000,1
34239.8,1,170415,300,756200,1
34242.885,4,170059,500,761510,-1
34242.885,1,171790,500,761510,1
34243.164,5,171796,200,761560,1
34243.164,4,171790,300,761510,1
34243.222,4,171790,200,761510,1
34243.222,1,171905,300,761510,-1
34243.234,2,170029,500,756200,1
34243.236,2,171905,300,761510,-1
34243.349,1,171981,500,758640,1
34243.351,1,171982,500,761510,-1
34243.585,2,171981,500,758640,1
34243.634,1,172103,500,758640,1
34243.68,2,172103,500,758640,1
34243.899,1,172227,500,758640,1
34245.025,2,171982,500,761510,-1
34245.063,1,172704,250,761520,-1
34245.636,2,172704,250,761520,-1
34245.667,1,172956,500,761510,-1
34245.756,2,172227,500,758640,1
34245.786,1,173038,250,759040,1
34245.948,2,173038,250,759040,1
34245.95,2,172956,500,761510,-1
34245.984,1,173140,500,758640,1
34245.991,1,173142,250,761510,-1
34246.246,2,173142,250,761510,-1
34246.28,1,173299,500,761510,-1
34246.361,2,173140,500,758640,1
34246.391,1,173381,250,759040,1
34246.718,2,173381,250,759040,1
34246.719,2,173299,500,761510,-1
34246.748,1,173587,500,758640,1
34246.751,1,173593,250,761510,-1
34247.219,2,173593,250,761510,-1
34247.248,1,173861,500,761510,-1
34247.315,2,173861,500,761510,-1
34247.347,1,173917,250,761510,-1
34247.65,2,173917,250,761510,-1
34247.682,1,174114,500,761510,-1
34247.799,2,174114,500,761510,-1
34247.834,1,174189,250,761510,-1
34248.076,2,173587,500,758640,1
34248.077,2,174189,250,761510,-1
34248.107,1,174366,250,759040,1
34248.11,1,174370,500,761510,-1
34248.342,2,174366,250,759040,1
34248.343,2,174370,500,761510,-1
34248.376,1,174540,500,758640,1
34248.378,1,174543,250,761510,-1
34248.554,2,174540,500,758640,1
34248.554,2,174543,250,761510,-1
34248.583,1,174658,250,759040,1
34248.585,1,174662,500,761510,-1
34250.624,2,174662,500,761510,-1
34250.718,1,175696,500,761600,-1
34250.806,5,175704,100,761550,-1
34254.033,2,175696,500,761600,-1
34254.092,1,177174,500,761510,-1
34256.183,2,177174,500,761510,-1
34256.397,1,178313,500,761600,-1
34258.466,2,174658,250,759040,1
34258.495,1,179325,500,759040,1
34258.827,2,179325,500,759040,1
34258.857,1,179483,250,759040,1
34259.013,2,179483,250,759040,1
34259.043,1,179586,500,759040,1
34259.318,2,179586,500,759040,1
34259.348,1,179713,250,759040,1
34260.024,2,179713,250,759040,1
34260.027,2,178313,500,761600,-1
34260.055,1,180079,500,758640,1
34260.059,1,180085,250,761600,-1
34260.251,2,180085,250,761600,-1
34260.282,1,180222,500,761600,-1
34262.174,2,180222,500,761600,-1
34262.299,1,181344,500,761510,-1
34264.255,2,181344,500,761510,-1
34264.501,1,182744,500,761600,-1
34265.653,2,180079,500,758640,1
34265.654,2,182744,500,761600,-1
34265.703,1,183437,500,759440,1
34265.705,1,183438,500,761800,-1
34266.065,2,183437,500,759440,1
34266.066,2,183438,500,761800,-1
34266.294,1,183774,500,760240,1
34266.295,1,183775,500,762600,-1
34272.099,2,183774,500,760240,1
34272.13,1,187474,250,760240,1
34272.414,2,187474,250,760240,1
34272.415,2,183775,500,762600,-1
34272.444,1,187665,500,759840,1
34272.447,1,187668,500,762200,-1
34278.699,2,187665,500,759840,1
34278.73,1,191771,250,759840,1
34278.744,2,191771,250,759840,1
34278.746,2,187668,500,762200,-1
34278.886,1,191932,500,759440,1
34278.89,1,191937,500,761800,-1
34281.131,2,191932,500,759440,1
34281.161,1,193269,250,759440,1
34281.899,2,193269,250,759440,1
34281.929,1,193707,500,759440,1
34282.264,2,193707,500,759440,1
34282.279,2,191937,500,761800,-1
34282.293,1,193879,500,759040,1
34282.309,1,193890,500,761410,-1
34282.989,2,193890,500,761410,-1
34283.02,1,194321,250,761410,-1
34283.817,2,194321,250,761410,-1
34283.847,1,194977,500,761410,-1
34287.394,5,194985,100,761360,-1
34287.671,2,194977,500,761410,-1
34287.701,1,197076,250,761410,-1
34288.693,2,193879,500,759040,1
34288.696,2,197076,250,761410,-1
34288.723,1,197684,250,759440,1
34288.727,1,197686,500,761800,-1
34292.265,2,197686,500,761800,-1
34292.401,1,200003,500,762400,-1
34293.214,2,197684,250,759440,1
34293.216,2,200003,500,762400,-1
34293.247,1,200468,500,759040,1
34293.249,1,200471,250,762400,-1
34293.34,2,200468,500,759040,1
34293.341,2,200471,250,762400,-1
34293.369,1,200550,250,759440,1
34293.372,1,200552,500,761800,-1
34293.673,2,200550,250,759440,1
34293.675,2,200552,500,761800,-1
34293.704,1,200759,500,759040,1
34293.707,1,200764,250,761510,-1
34293.815,2,200764,250,761510,-1
34293.846,1,200850,500,761800,-1
34293.874,2,200850,500,761800,-1
34293.904,1,200898,250,761510,-1
34294.765,1,201412,400,761000,-1
34295.583,2,200898,250,761510,-1
34295.613,1,201840,500,761510,-1
34295.677,4,201412,200,761000,-1
34295.713,4,201412,200,761000,-1
34296.337,4,201840,500,761510,-1
34296.443,1,202357,500,761510,-1
34296.713,4,202357,500,761510,-1
34296.771,2,200759,500,759040,1
34296.939,1,202715,500,761800,1
34297.092,5,202739,200,761850,1
34297.092,4,202715,300,761800,1
34298.32,4,202715,200,761800,1
34323.097,2,166775,300,766500,-1
34343.386,1,226596,300,772700,-1
34350.567,1,229981,1000,761600,1
34350.663,2,226596,300,772700,-1
34367.139,1,238599,300,771900,-1
34368.092,2,238599,300,771900,-1
34391.458,1,252687,300,771900,-1
34433.36,2,252687,300,771900,-1
34436.921,1,281322,300,771700,-1
34457.857,1,294527,500,759440,1
34457.858,1,294528,500,764000,-1
34458.116,2,294527,500,759440,1
34458.118,2,294528,500,764000,-1
34458.146,1,294720,500,759040,1
34458.152,1,294726,250,763600,-1
34458.275,2,294726,250,763600,-1
34458.306,1,294882,500,763600,-1
34461.058,2,294882,500,763600,-1
34461.089,1,296807,250,763600,-1
34461.395,2,294720,500,759040,1
34461.397,2,296807,250,763600,-1
34461.425,1,297022,250,759440,1
34461.428,1,297025,500,764000,-1
34461.519,2,297022,250,759440,1
34461.549,1,297097,500,759440,1
34467.911,4,229981,1000,761600,1
34472.912,2,297025,500,764000,-1
34472.952,1,303908,250,764000,-1
34476.464,2,303908,250,764000,-1
34476.497,1,305896,500,764400,-1
34476.518,2,297097,500,759440,1
34476.548,1,305927,250,759840,1
34476.599,2,305927,250,759840,1
34476.63,1,306000,500,759840,1
34480.916,2,305896,500,764400,-1
34480.947,1,308988,250,764400,-1
34481.864,2,308988,250,764400,-1
34481.894,1,309561,500,764400,-1
34483.223,2,306000,500,759840,1
34483.272,1,310335,500,759840,1
34484.956,2,309561,500,764400,-1
34484.986,1,311387,250,764400,-1
34485.165,2,310335,500,759840,1
34485.166,2,311387,250,764400,-1
34485.197,1,311527,250,760240,1
34485.199,1,311529,500,764800,-1
34485.788,2,311527,250,760240,1
34485.829,1,312005,500,760240,1
34493.124,2,311529,500,764800,-1
34493.155,1,316704,250,764800,-1
34494.071,2,316704,250,764800,-1
34494.101,1,317346,500,764800,-1
34494.84,2,312005,500,760240,1
34494.844,2,317346,500,764800,-1
34494.874,1,317885,250,760640,1
34494.876,1,317890,500,765200,-1
34494.969,2,317885,250,760640,1
34494.971,2,317890,500,765200,-1
34495.009,1,318012,500,760240,1
34495.057,1,318046,250,764800,-1
34495.913,2,318012,500,760240,1
34496.176,1,318918,250,760640,1
34496.177,2,318046,250,764800,-1
34496.207,1,318945,500,765200,-1
34496.731,2,318918,250,760640,1
34496.77,1,319438,500,760240,1
34496.827,2,319438,500,760240,1
34496.858,1,319529,250,760640,1
34496.924,2,319529,250,760640,1
34496.925,2,318945,500,765200,-1
34496.96,1,319633,500,760240,1
34496.964,1,319637,250,764800,-1
34497.491,2,319633,500,760240,1
34497.491,2,319637,250,764800,-1
34497.52,1,320056,250,760640,1
34497.527,1,320063,500,765200,-1
34498.784,2,320056,250,760640,1
34498.816,1,321033,500,760640,1
34498.864,2,321033,500,760640,1
34498.896,1,321087,250,760640,1
34499.224,2,321087,250,760640,1
34499.258,1,321303,500,760640,1
34504.391,2,320063,500,765200,-1
34504.421,1,325010,250,765200,-1
34505.026,2,321303,500,760640,1
34505.027,2,325010,250,765200,-1
34505.056,1,325467,250,761040,1
34505.058,1,325472,500,765600,-1
34505.296,2,325467,250,761040,1
34505.326,1,325666,500,761040,1
34506.715,2,325666,500,761040,1
34506.745,1,326838,250,761040,1
34508.083,2,326838,250,761040,1
34508.085,2,325472,500,765600,-1
34508.113,1,327801,500,760640,1
34508.116,1,327803,250,765200,-1
34513.195,2,327801,500,760640,1
34513.226,1,331314,250,760640,1
34513.376,2,327803,250,765200,-1
34513.408,1,331453,500,765200,-1
34514.558,2,331314,250,760640,1
34514.559,2,331453,500,765200,-1
34514.595,1,332419,500,760240,1
34514.601,1,332427,250,764800,-1
34515.438,2,332419,500,760240,1
34515.44,2,332427,250,764800,-1
34515.473,1,333188,250,760640,1
34515.476,1,333190,500,765200,-1
34516.091,2,333188,250,760640,1
34516.093,2,333190,500,765200,-1
34516.121,1,333738,500,760240,1
34516.125,1,333746,250,764800,-1
34516.693,2,333746,250,764800,-1
34516.725,1,334251,500,765200,-1
34517.11,2,333738,500,760240,1
34517.14,1,334584,250,760640,1
34520.058,2,334584,250,760640,1
34520.089,1,336747,500,760240,1
34520.115,2,334251,500,765200,-1
34520.146,1,336807,250,764800,-1
34523.06,2,336747,500,760240,1
34523.064,2,336807,250,764800,-1
34523.095,1,338965,250,760640,1
34523.098,1,338968,500,765200,-1
34525.018,2,338965,250,760640,1
34525.05,1,340475,500,760640,1
34534.225,2,338968,500,765200,-1
34534.256,1,345894,250,765200,-1
34534.362,2,340475,500,760640,1
34534.364,2,345894,250,765200,-1
34534.393,1,345986,250,761040,1
34534.396,1,345992,500,765600,-1
34534.912,2,345986,250,761040,1
34534.943,1,346393,500,761040,1
34535.319,2,346393,500,761040,1
34535.35,1,346665,500,760640,1
34535.847,2,346665,500,760640,1
34535.877,1,347041,250,761040,1
34536.326,2,347041,250,761040,1
34536.328,2,345992,500,765600,-1
34536.356,1,347311,500,760640,1
34536.36,1,347319,250,765200,-1
34539.101,2,347311,500,760640,1
34539.103,2,347319,250,765200,-1
34539.131,1,349275,250,761040,1
34539.138,1,349277,500,765600,-1
34539.849,2,349275,250,761040,1
34539.882,1,349779,500,761040,1
34540.137,2,349277,500,765600,-1
34540.167,1,349978,250,765600,-1
34542.204,2,349978,250,765600,-1
34542.238,1,351445,500,765600,-1
34542.253,2,351445,500,765600,-1
34542.285,1,351490,250,765600,-1
34542.313,2,351490,250,765600,-1
34542.343,1,351531,500,765600,-1
34543.88,2,351531,500,765600,-1
34543.913,1,352555,250,765600,-1
34543.942,2,352555,250,765600,-1
34543.975,1,352607,500,765600,-1
34546.46,2,352607,500,765600,-1
34546.492,1,354104,250,765600,-1
34546.845,2,349779,500,761040,1
34546.847,2,354104,250,765600,-1
34546.894,1,354430,250,761440,1
34546.898,1,354435,500,766000,-1
34548.523,2,354430,250,761440,1
34548.555,1,355706,500,761040,1
34548.645,2,354435,500,766000,-1
34548.68,1,355873,250,765600,-1
34548.86,2,355706,500,761040,1
34548.861,2,355873,250,765600,-1
34548.911,1,356072,250,761440,1
34548.914,1,356078,500,766000,-1
34549.413,2,356072,250,761440,1
34549.423,2,356078,500,766000,-1
34549.452,1,356477,500,761040,1
34549.459,1,356487,250,765600,-1
34549.974,2,356487,250,765600,-1
34550.004,1,356914,500,765600,-1
34557.891,2,356477,500,761040,1
34557.927,1,361707,250,761040,1
34558.681,2,361707,250,761040,1
34558.72,1,362174,500,760640,1
34558.831,2,356914,500,765600,-1
34558.874,1,362307,250,765200,-1
34558.891,2,362174,500,760640,1
34558.893,2,362307,250,765200,-1
34558.921,1,362355,250,761040,1
34558.925,1,362361,500,765600,-1
34559.22,2,362355,250,761040,1
34559.25,1,362561,500,760640,1
34559.416,2,362361,500,765600,-1
34559.446,1,362754,500,765200,-1
34563.859,2,362561,500,760640,1
34563.891,1,366283,250,760640,1
34563.981,2,366283,250,760640,1
34564.012,1,366346,500,760640,1
34578.915,2,362754,500,765200,-1
34578.945,1,375932,250,765200,-1
34579.112,2,281322,300,771700,-1
34579.312,2,366346,500,760640,1
34579.314,2,375932,250,765200,-1
34579.342,1,376180,250,761040,1
34579.348,1,376188,500,765600,-1
34583.886,2,376180,250,761040,1
34583.887,2,376188,500,765600,-1
34583.917,1,379001,500,760640,1
34583.932,1,379021,250,765200,-1
34584.066,2,379001,500,760640,1
34584.069,2,379021,250,765200,-1
34584.099,1,379160,250,761040,1
34584.102,1,379165,500,765600,-1
34585.02,2,379160,250,761040,1
34585.022,2,379165,500,765600,-1
34585.062,1,379875,500,760640,1
34585.065,1,379878,250,765200,-1
34586.36,2,379875,500,760640,1
34586.362,2,379878,250,765200,-1
34586.391,1,380876,250,761040,1
34586.395,1,380882,500,765600,-1
34586.525,1,380994,600,771200,-1
34588.061,2,380876,250,761040,1
34588.091,1,382209,500,761040,1
34590.287,2,380882,500,765600,-1
34590.317,1,383514,250,765600,-1
34591.111,2,382209,500,761040,1
34591.114,2,383514,250,765600,-1
34591.141,1,384019,250,761440,1
34591.174,1,384055,500,766000,-1
34591.427,2,384019,250,761440,1
34591.461,1,384293,500,761440,1
34592.155,2,384293,500,761440,1
34592.185,1,384884,250,761440,1
34594.125,2,384884,250,761440,1
34594.155,1,386165,500,761440,1
34599.134,2,386165,500,761440,1
34599.136,2,384055,500,766000,-1
34599.617,1,389879,500,761440,1
34599.619,1,389882,500,763000,-1
34600.221,2,389882,500,763000,-1
34600.252,1,390422,250,763000,-1
34600.277,2,389879,500,761440,1
34600.279,2,390422,250,763000,-1
34600.308,1,390481,250,761840,1
34600.312,1,390486,500,763400,-1
34601.034,2,390481,250,761840,1
34601.035,2,390486,500,763400,-1
34601.064,1,391121,500,761440,1
34601.067,1,391124,250,763000,-1
34601.536,2,391124,250,763000,-1
34601.568,1,391524,500,763000,-1
34603.813,2,391524,500,763000,-1
34603.846,1,393053,500,763400,-1
34604.412,2,393053,500,763400,-1
34604.443,1,393435,250,763000,-1
34606.332,2,393435,250,763000,-1
34606.362,1,394594,500,763000,-1
34613.389,2,394594,500,763000,-1
34613.419,1,399370,250,763000,-1
34613.503,2,399370,250,763000,-1
34613.534,1,399463,500,763000,-1
34613.581,2,399463,500,763000,-1
34613.614,1,399528,250,763000,-1
34614.652,2,399528,250,763000,-1
34614.682,1,400262,500,763000,-1
34615.405,2,391121,500,761440,1
34615.406,2,400262,500,763000,-1
34615.442,1,400656,500,761440,1
34615.446,1,400660,500,763000,-1
34616.223,2,400660,500,763000,-1
34616.254,1,401068,250,763000,-1
34616.404,2,401068,250,763000,-1
34616.437,1,401176,500,763000,-1
34617.661,2,401176,500,763000,-1
34617.692,1,401842,250,763000,-1
34621.082,2,401842,250,763000,-1
34621.112,1,403914,500,763000,-1
34622.424,2,403914,500,763000,-1
34622.455,1,404719,250,763000,-1
34622.522,2,404719,250,763000,-1
34622.553,1,404792,500,763000,-1
34622.886,2,404792,500,763000,-1
34622.916,1,405052,250,763000,-1
34624.898,2,400656,500,761440,1
34624.899,2,405052,250,763000,-1
34624.929,1,406265,250,761840,1
34624.932,1,406272,500,763400,-1
34626.898,1,407432,1,100,1
34627.306,1,407723,800,764300,-1
34627.311,1,407735,800,761600,1
34628.677,2,406265,250,761840,1
34628.708,1,408807,500,761840,1
34628.812,2,408807,500,761840,1
34628.842,1,408920,250,761840,1
34628.894,2,408920,250,761840,1
34628.926,1,408990,500,761840,1
34630.069,2,408990,500,761840,1
34630.101,1,409786,250,761840,1
34630.195,2,409786,250,761840,1
34630.225,1,409855,500,761840,1
34631.0,2,409855,500,761840,1
34631.002,2,406272,500,763400,-1
34631.03,1,410335,500,761440,1
34631.032,1,410339,250,763000,-1
34631.61,2,410339,250,763000,-1
34631.64,1,410813,500,763000,-1
34634.173,2,410813,500,763000,-1
34634.203,1,412328,250,763000,-1
34634.43,2,407735,800,761600,1
34634.446,2,407432,1,100,1
34634.448,1,412478,800,761500,1
34634.735,1,412630,300,761310,1
34635.41,2,412328,250,763000,-1
34635.441,1,413068,500,763000,-1
34636.211,1,413486,1,9999900,-1
34638.204,2,413068,500,763000,-1
34638.234,1,414698,250,763000,-1
34638.721,2,412630,300,761310,1
34638.725,2,413486,1,9999900,-1
34638.952,1,415261,200,761510,1
34638.955,1,415264,300,762890,-1
34639.622,2,414698,250,763000,-1
34639.652,1,415734,500,763000,-1
34639.993,2,412478,800,761500,1
34639.997,1,415983,800,761700,1
34640.018,2,415264,300,762890,-1
34640.02,2,415261,200,761510,1
34640.16,2,415734,500,763000,-1
34640.19,1,416102,250,763000,-1
34640.345,1,416201,200,9999990,-1
34640.349,1,416207,300,761610,1
34640.463,2,416102,250,763000,-1
34640.494,1,416291,500,763000,-1
34640.75,2,416291,500,763000,-1
34640.781,1,416439,250,763000,-1
34641.248,2,416439,250,763000,-1
34641.278,1,416692,500,763000,-1
34641.541,2,416692,500,763000,-1
34641.571,1,416864,250,763000,-1
34642.148,2,410335,500,761440,1
34642.149,2,416864,250,763000,-1
34642.177,1,417279,250,761840,1
34642.18,1,417282,500,763400,-1
34642.504,2,417279,250,761840,1
34642.506,2,417282,500,763400,-1
34642.535,1,417590,500,761440,1
34642.538,1,417592,250,763000,-1
34642.593,2,417592,250,763000,-1
34642.623,1,417672,500,763400,-1
34642.672,2,417672,500,763400,-1
34642.702,1,417744,250,763000,-1
34643.175,2,417744,250,763000,-1
34643.205,1,418076,500,763000,-1
34646.289,2,415983,800,761700,1
34646.312,1,419856,400,761900,1
34646.66,2,407723,800,764300,-1
34646.664,1,420014,1200,765000,-1
34647.326,2,417590,500,761440,1
34647.328,2,418076,500,763000,-1
34647.359,1,420354,500,761840,1
34647.364,1,420356,500,763400,-1
34649.652,2,416201,200,9999990,-1
34649.843,1,422184,200,9999990,-1
34650.339,2,422184,200,9999990,-1
34650.758,1,423296,200,9999990,-1
34650.909,2,420356,500,763400,-1
34650.94,1,423493,250,763400,-1
34651.752,2,420354,500,761840,1
34651.756,2,423493,250,763400,-1
34651.786,1,424288,250,762240,1
34651.79,1,424296,500,763800,-1
34652.056,2,419856,400,761900,1
34652.063,1,424553,400,762000,1
34652.355,2,424288,250,762240,1
34652.356,2,424296,500,763800,-1
34652.386,1,424789,500,761840,1
34652.387,1,424791,500,763400,-1
34656.4,2,416207,300,761610,1
34656.689,1,427619,300,762110,1
34657.482,2,420014,1200,765000,-1
34657.489,1,428223,1100,765800,-1
34657.512,2,424791,500,763400,-1
34657.543,1,428273,250,763400,-1
34657.976,2,424553,400,762000,1
34657.981,1,428637,400,762500,1
34658.071,5,428658,400,762540,1
34658.076,2,428273,250,763400,-1
34658.106,1,428749,500,763400,-1
34659.316,2,428637,400,762500,1
34659.32,1,429663,400,762300,1
34659.581,2,429663,400,762300,1
34659.592,1,429858,400,762200,1
34660.365,2,424789,500,761840,1
34660.394,1,430397,250,761840,1
34660.717,2,423296,200,9999990,-1
34660.879,2,430397,250,761840,1
34660.879,1,430752,200,9999990,-1
34660.91,1,430774,500,761840,1
34661.111,2,430774,500,761840,1
34661.142,1,430940,250,761840,1
34661.949,2,430940,250,761840,1
34661.979,1,431437,500,761840,1
34664.343,2,431437,500,761840,1
34664.352,2,428749,500,763400,-1
34664.375,1,432841,250,761840,1
34664.432,1,432875,500,763600,-1
34664.992,2,432841,250,761840,1
34664.993,2,432875,500,763600,-1
34665.022,1,433234,500,761440,1
34665.026,1,433238,250,763600,-1
34665.19,1,433383,1000,761600,1
34665.708,2,433234,500,761440,1
34665.709,2,433238,250,763600,-1
34665.738,1,433749,250,761840,1
34665.741,1,433752,500,763600,-1
34665.788,2,433749,250,761840,1
34665.79,2,433752,500,763600,-1
34665.833,1,433847,250,761840,1
34665.836,1,433852,500,763600,-1
34666.108,2,429858,400,762200,1
34666.119,1,434051,400,762400,1
34667.726,2,433847,250,761840,1
34667.729,2,433852,500,763600,-1
34667.758,1,435049,500,761440,1
34667.76,1,435050,250,763600,-1
34669.831,2,435050,250,763600,-1
34669.861,1,436687,500,763600,-1
34670.315,2,433383,1000,761600,1
34670.587,2,436687,500,763600,-1
34670.626,1,437155,250,763600,-1
34671.023,4,437155,250,763600,-1
34671.023,5,434930,250,763600,-1
34671.309,1,437583,250,763600,-1
34671.323,2,435049,500,761440,1
34671.325,2,437583,250,763600,-1
34671.373,1,437618,500,761440,1
34671.376,1,437623,250,763600,-1
34671.957,2,437623,250,763600,-1
34671.96,2,437618,500,761440,1
34672.175,1,438079,500,761440,1
34672.177,1,438080,250,763600,-1
34672.763,2,434051,400,762400,1
34672.781,1,438475,400,762300,1
34672.935,2,427619,300,762110,1
34673.216,1,438699,200,100,1
34673.757,5,438548,200,763550,-1
34673.757,4,438080,250,763600,-1
34673.757,5,434930,50,763600,-1
34673.832,2,438079,500,761440,1
34673.835,1,439052,500,764000,-1
34673.862,1,439077,250,761840,1
34673.939,2,439077,250,761840,1
34673.97,1,439177,500,761840,1
34674.047,2,439177,500,761840,1
34674.049,2,439052,500,764000,-1
34674.246,1,439400,250,762440,1
34674.248,1,439402,250,764000,-1
34677.483,2,439402,250,764000,-1
34677.517,1,441441,250,764600,-1
34678.525,2,439400,250,762440,1
34678.527,2,441441,250,764600,-1
34678.555,1,442138,250,762040,1
34678.565,1,442152,250,764200,-1
34679.072,2,442138,250,762040,1
34679.074,2,442152,250,764200,-1
34679.102,1,442557,250,762440,1
34679.104,1,442563,250,764600,-1
34679.178,2,438475,400,762300,1
34679.182,1,442633,400,762500,1
34680.454,2,430752,200,9999990,-1
34680.457,2,438699,200,100,1
34680.737,1,443651,200,9999990,-1
34680.739,1,443653,300,762310,1
34681.481,2,442633,400,762500,1
34681.49,1,444089,400,762400,1
34681.944,2,443653,300,762310,1
34682.246,1,444581,200,100,1
34683.401,2,442557,250,762440,1
34683.403,2,442563,250,764600,-1
34683.433,1,445375,250,762840,1
34683.438,1,445385,250,765000,-1
34684.576,2,444581,200,100,1
34684.58,2,443651,200,9999990,-1
34684.867,1,446438,200,100,1
34684.873,1,446443,200,9999990,-1
34688.762,2,444089,400,762400,1
34688.769,1,449039,800,762400,1
34689.926,2,445375,250,762840,1
34689.928,2,445385,250,765000,-1
34689.958,1,449838,250,762440,1
34689.962,1,449849,250,764600,-1
34695.174,2,449039,800,762400,1
34695.19,1,452953,800,762200,1
34695.748,2,446443,200,9999990,-1
34695.751,2,446438,200,100,1
34696.083,1,453502,300,763690,-1
34696.088,1,453505,200,100,1
34696.687,2,453502,300,763690,-1
34696.928,1,454018,200,9999990,-1
34701.386,2,454018,200,9999990,-1
34701.389,2,453505,200,100,1
34701.655,1,457560,200,9999990,-1
34701.665,1,457564,300,762910,1
34702.767,2,428223,1100,765800,-1
34702.769,2,452953,800,762200,1
34702.793,1,458242,800,764700,-1
34702.796,1,458244,800,761800,1
34705.376,2,457560,200,9999990,-1
34705.68,1,460190,300,763890,-1
34706.461,2,458244,800,761800,1
34706.492,1,460791,800,760900,1
34707.006,2,449838,250,762440,1
34707.008,2,449849,250,764600,-1
34707.036,1,461251,250,762040,1
34707.039,1,461254,250,764200,-1
34708.657,2,457564,300,762910,1
34708.824,2,458242,800,764700,-1
34708.83,1,462643,800,763900,-1
34708.897,1,462683,200,762910,1
34710.839,2,462683,200,762910,1
34711.14,1,464204,300,762910,1
34714.08,2,464204,300,762910,1
34714.288,1,466136,200,100,1
34716.387,2,466136,200,100,1
34716.58,1,467635,300,762910,1
34717.132,2,460190,300,763890,-1
34717.312,1,468015,200,9999990,-1
34718.278,2,467635,300,762910,1
34718.337,2,462643,800,763900,-1
34718.341,1,468658,800,764100,-1
34718.467,1,468744,200,762910,1
34718.469,2,468015,200,9999990,-1
34718.805,1,468978,200,9999990,-1
34720.67,2,468978,200,9999990,-1
34720.969,1,470181,200,9999990,-1
34722.324,5,469348,200,763000,1
34722.343,5,469348,200,763000,1
34722.655,2,470181,200,9999990,-1
34722.658,2,468744,200,762910,1
34722.736,2,461251,250,762040,1
34722.737,2,461254,250,764200,-1
34722.771,1,471137,250,762440,1
34722.774,1,471140,250,764600,-1
34722.906,1,471240,200,9999990,-1
34722.911,1,471244,200,100,1
34724.837,2,471244,200,100,1
34725.124,1,472716,300,762310,1
34726.919,1,473980,1000,762700,1
34727.045,1,474071,400,762600,1
34727.115,2,471240,200,9999990,-1
34727.352,1,474263,300,763790,-1
34729.215,2,474263,300,763790,-1
34729.219,2,472716,300,762310,1
34729.411,1,475566,200,9999990,-1
34729.415,1,475569,200,762410,1
34730.531,2,468658,800,764100,-1
34730.535,1,476218,400,763800,-1
34730.581,2,460791,800,760900,1
34730.597,1,476247,1100,760200,1
34731.204,2,471137,250,762440,1
34731.205,2,471140,250,764600,-1
34731.234,1,476707,250,762840,1
34731.237,1,476716,250,765000,-1
34731.279,2,476707,250,762840,1
34731.281,2,476716,250,765000,-1
34731.314,1,476776,250,762440,1
34731.318,1,476781,250,764600,-1
34732.04,2,474071,400,762600,1
34732.468,2,473980,1000,762700,1
34732.578,2,475566,200,9999990,-1
34732.582,2,475569,200,762410,1
34732.698,1,477854,500,762600,1
34732.76,1,477899,300,763590,-1
34732.763,1,477902,200,762610,1
34736.593,1,480449,1000,763000,1
34738.917,2,477899,300,763590,-1
34739.183,1,481968,300,763790,-1
34740.389,2,476218,400,763800,-1
34740.399,1,482746,400,763600,-1
34742.45,2,481968,300,763790,-1
34742.805,1,484346,200,9999990,-1
34744.514,2,480449,1000,763000,1
34745.215,2,482746,400,763600,-1
34745.219,1,485756,400,763600,-1
34746.848,2,476776,250,762440,1
34746.85,2,476781,250,764600,-1
34746.894,1,486735,250,762040,1
34746.897,1,486741,250,764200,-1
34747.632,2,485756,400,763600,-1
34747.638,1,487250,400,763800,-1
34747.767,2,484346,200,9999990,-1
34748.049,1,487533,300,764290,-1
34748.272,2,486735,250,762040,1
34748.275,2,486741,250,764200,-1
34748.303,1,487655,250,762440,1
34748.306,1,487657,250,764600,-1
34751.562,2,477854,500,762600,1
34752.879,2,487655,250,762440,1
34752.881,2,487657,250,764600,-1
34752.914,1,490786,250,762040,1
34752.916,1,490791,250,764200,-1
34753.239,2,490786,250,762040,1
34753.241,2,490791,250,764200,-1
34753.272,1,491113,250,762440,1
34753.275,1,491120,250,764600,-1
34754.035,2,487533,300,764290,-1
34754.041,2,477902,200,762610,1
34754.259,2,487250,400,763800,-1
34754.263,1,491906,400,763500,-1
34754.301,1,491929,200,9999990,-1
34754.304,1,491932,200,100,1
34755.161,2,491929,200,9999990,-1
34755.163,2,491932,200,100,1
34755.468,1,492741,200,9999990,-1
34755.471,1,492746,300,762710,1
34755.768,2,491113,250,762440,1
34755.77,2,491120,250,764600,-1
34755.798,1,492999,250,762040,1
34755.801,1,493003,250,764200,-1
34757.7,1,494590,1000,763300,-1
34760.185,2,491906,400,763500,-1
34760.191,1,496341,400,763600,-1
34762.175,1,497562,400,764000,-1
34763.042,2,496341,400,763600,-1
34763.048,1,498188,400,763700,-1
34763.434,4,494590,200,763300,-1
34764.519,2,492999,250,762040,1
34764.52,2,493003,250,764200,-1
34764.549,1,499430,250,761640,1
34764.551,1,499432,250,763800,-1
34764.809,2,492741,200,9999990,-1
34765.134,1,499943,200,9999990,-1
34766.109,2,498188,400,763700,-1
34766.113,1,500638,400,763900,-1
34766.75,2,476247,1100,760200,1
34766.777,1,501127,800,760400,1
34771.5,2,492746,300,762710,1
34771.779,1,504310,200,100,1
34772.176,2,500638,400,763900,-1
34772.181,1,504581,800,763900,-1
34773.646,2,499432,250,763800,-1
34773.648,2,504581,800,763900,-1
34773.652,1,505371,800,764000,-1
34773.721,1,505416,250,764000,-1
34773.925,4,494590,500,763300,-1
34774.543,2,499943,200,9999990,-1
34774.549,2,504310,200,100,1
34774.87,2,499430,250,761640,1
34774.872,2,505416,250,764000,-1
34774.884,1,506070,200,9999990,-1
34774.893,1,506079,300,762710,1
34774.904,1,506099,250,762040,1
34774.91,1,506107,250,764200,-1
34775.686,2,506079,300,762710,1
34775.692,2,506070,200,9999990,-1
34775.74,2,505371,800,764000,-1
34775.745,1,506978,800,763900,-1
34776.0,2,506107,250,764200,-1
34776.019,1,507208,200,100,1
34776.023,1,507212,200,9999990,-1
34776.036,1,507224,250,764600,-1
34776.167,2,507224,250,764600,-1
34776.197,1,507345,250,764200,-1
34776.334,2,506099,250,762040,1
34776.336,2,507345,250,764200,-1
34776.364,1,507508,250,762440,1
34776.367,1,507513,250,764600,-1
34777.118,4,494590,300,763300,-1
34778.448,2,506978,800,763900,-1
34778.453,1,509263,800,764000,-1
34778.891,2,497562,400,764000,-1
34780.97,2,507508,250,762440,1
34780.972,2,507513,250,764600,-1
34781.001,1,511621,250,762040,1
34781.004,1,511625,250,764200,-1
34781.117,2,511625,250,764200,-1
34781.149,1,511794,250,764600,-1
34781.515,2,511621,250,762040,1
34781.545,1,512249,250,762440,1
34783.374,2,507212,200,9999990,-1
34783.635,1,513951,300,764390,-1
34784.276,2,509263,800,764000,-1
34784.282,1,514329,800,764100,-1
34785.261,2,514329,800,764100,-1
34785.278,1,514981,800,764200,-1
34785.725,2,511794,250,764600,-1
34785.756,1,515290,250,765000,-1
34785.779,2,515290,250,765000,-1
34785.817,1,515344,250,764600,-1
34786.44,2,512249,250,762440,1
34786.442,2,515344,250,764600,-1
34786.471,1,515829,250,762840,1
34786.474,1,515832,250,765000,-1
34788.018,2,514981,800,764200,-1
34788.051,1,517069,800,764300,-1
34789.007,2,515829,250,762840,1
34789.008,2,515832,250,765000,-1
34789.051,1,517979,250,763240,1
34789.056,1,517986,250,765400,-1
34791.706,5,518012,200,763280,1
34791.706,5,518270,200,763250,1
34792.015,2,517069,800,764300,-1
34792.031,1,520712,800,764600,-1
34792.037,2,501127,800,760400,1
34792.065,1,520741,800,761500,1
34792.488,2,517979,250,763240,1
34792.491,2,517986,250,765400,-1
34792.519,1,521142,250,763640,1
34792.552,1,521176,250,765800,-1
34794.089,1,522517,500,762500,1
34794.418,2,507208,200,100,1
34794.608,1,522941,300,762510,1
34795.81,2,520712,800,764600,-1
34795.862,1,524039,800,765100,-1
34796.574,2,513951,300,764390,-1
34796.653,5,524674,200,763690,1
34796.653,4,521142,200,763640,1
34796.777,1,524880,300,763890,-1
34797.084,2,521142,50,763640,1
34797.086,2,521176,250,765800,-1
34797.162,1,525191,500,763040,1
34797.166,1,525192,250,765200,-1
34798.112,2,520741,800,761500,1
34798.118,1,525979,800,762200,1
34802.124,2,525191,500,763040,1
34802.154,1,529081,250,763040,1
34802.332,2,529081,250,763040,1
34802.334,2,525192,250,765200,-1
34802.362,1,529230,500,762640,1
34802.366,1,529234,250,764800,-1
34803.924,2,524880,300,763890,-1
34804.225,1,530840,1000,762800,1
34804.264,1,530873,200,9999990,-1
34804.294,2,529230,500,762640,1
34804.325,1,530913,250,762640,1
34805.7,2,530913,250,762640,1
34805.731,1,531909,500,762640,1
34805.793,2,525979,800,762200,1
34805.804,1,531954,800,761900,1
34807.711,2,530873,200,9999990,-1
34807.713,2,522941,300,762510,1
34807.723,2,522517,500,762500,1
34807.751,2,530840,1000,762800,1
34807.995,1,533722,200,9999990,-1
34807.999,1,533724,300,762410,1
34809.029,2,531909,500,762640,1
34809.061,1,534443,250,762640,1
34809.463,2,534443,250,762640,1
34809.493,1,534760,500,762640,1
34811.048,2,534760,500,762640,1
34811.079,1,535731,250,762640,1
34814.175,2,533722,200,9999990,-1
34814.451,1,537854,200,9999990,-1
34815.333,2,537854,200,9999990,-1
34815.512,1,538435,200,9999990,-1
34817.223,2,535731,250,762640,1
34817.256,1,539494,500,762640,1
34819.949,2,538435,200,9999990,-1
34819.952,2,533724,300,762410,1
34820.27,1,541672,200,9999990,-1
34820.275,1,541675,200,763110,1
34820.585,2,170415,300,756200,1
34821.935,2,524039,800,765100,-1
34821.967,1,543025,1200,765700,-1
34823.531,2,531954,800,761900,1
34823.548,1,544425,800,762600,1
34824.042,2,539494,500,762640,1
34824.043,2,529234,250,764800,-1
34824.072,1,544857,250,763040,1
34824.076,1,544860,250,765200,-1
34824.203,2,543025,1200,765700,-1
34824.232,1,545022,1100,766400,-1
34824.372,2,544857,250,763040,1
34824.374,2,544860,250,765200,-1
34824.402,1,545197,500,762640,1
34824.404,1,545202,250,764800,-1
34824.455,2,545197,500,762640,1
34824.456,2,545202,250,764800,-1
34824.484,1,545272,250,763040,1
34824.489,1,545275,250,765200,-1
34824.932,2,545272,250,763040,1
34824.967,1,545836,500,763040,1
34827.216,2,545836,500,763040,1
34827.246,1,547690,250,763040,1
34828.355,2,547690,250,763040,1
34828.357,2,545275,250,765200,-1
34828.385,1,548533,500,762640,1
34828.387,1,548536,250,764800,-1
34829.198,2,544425,800,762600,1
34829.202,1,549261,400,763000,1
34829.592,2,541675,200,763110,1
34829.928,1,549781,300,762810,1
34830.34,2,541672,200,9999990,-1
34830.584,1,550260,200,9999990,-1
34831.382,2,549261,400,763000,1
34831.401,1,550839,400,762800,1
34832.436,2,548533,500,762640,1
34832.465,1,551604,250,762640,1
34832.925,2,551604,250,762640,1
34832.927,2,548536,250,764800,-1
34832.958,1,552035,500,762240,1
34832.965,1,552047,250,764400,-1
34833.568,2,552035,500,762240,1
34833.569,2,552047,250,764400,-1
34833.598,1,552569,250,762640,1
34833.602,1,552573,250,764800,-1
34834.2,2,550260,200,9999990,-1
34834.204,2,549781,300,762810,1
34834.398,1,553282,200,9999990,-1
34834.512,1,553368,200,100,1
34835.755,2,552569,250,762640,1
34835.757,2,552573,250,764800,-1
34835.79,1,554274,500,762240,1
34835.793,1,554276,250,764400,-1
34837.322,2,550839,400,762800,1
34837.326,1,555637,400,763200,1
34839.278,1,557184,300,763400,1
34839.406,2,553282,200,9999990,-1
34839.409,2,553368,200,100,1
34839.665,1,557540,1000,763600,1
34839.67,2,557540,1000,763600,1
34839.693,1,557578,300,764090,-1
34839.697,1,557581,300,763210,1
34840.556,2,555637,400,763200,1
34840.589,1,558253,800,763000,1
34840.821,2,545022,1100,766400,-1
34840.842,1,558489,800,766000,-1
34841.418,2,557184,300,763400,1
34841.649,2,557578,300,764090,-1
34841.9,1,559269,200,9999990,-1
34846.122,2,559269,200,9999990,-1
34846.401,1,562662,300,764390,-1
34847.29,2,554274,500,762240,1
34847.32,1,563530,250,762240,1
34847.621,2,558253,800,763000,1
34847.623,2,563530,250,762240,1
34847.627,2,554276,250,764400,-1
34847.652,1,563894,800,762700,1
34847.655,1,563899,500,761840,1
34847.659,1,563904,250,764000,-1
34848.8,1,565159,800,764280,-1
34849.044,2,565159,800,764280,-1
34849.315,1,565700,800,764480,-1
34849.712,2,565700,800,764480,-1
34849.859,1,566182,800,764280,-1
34850.247,2,563899,500,761840,1
34850.249,2,563904,250,764000,-1
34850.277,1,566574,250,762240,1
34850.28,1,566576,250,764400,-1
34850.468,1,566784,800,762620,1
34850.532,1,566872,200,763300,1
34850.721,2,557581,300,763210,1
34850.892,1,567244,200,100,1
34851.247,2,566574,250,762240,1
34851.278,1,567638,500,762240,1
34851.413,2,566784,800,762620,1
34851.42,2,566182,800,764280,-1
34851.533,1,567914,800,764380,-1
34852.07,1,568408,800,762720,1
34852.569,2,562662,300,764390,-1
34852.84,1,569102,200,9999990,-1
34856.629,2,568408,800,762720,1
34856.633,2,567914,800,764380,-1
34856.658,1,572433,800,764180,-1
34856.887,2,566872,200,763300,1
34857.098,1,572938,800,762520,1
34857.326,1,573204,100,764400,-1
34857.338,2,572938,800,762520,1
34857.351,2,572433,800,764180,-1
34857.537,1,573436,600,1130300,-1
34857.54,1,573439,200,763200,1
34857.657,1,573586,800,764480,-1
34858.209,1,574229,800,762820,1
34858.376,2,558489,800,766000,-1
34858.383,2,563894,800,762700,1
34858.459,1,574468,800,765000,-1
34858.462,1,574473,800,762300,1
34859.242,2,574229,800,762820,1
34859.244,2,573586,800,764480,-1
34859.272,1,575131,800,764680,-1
34859.683,2,567638,500,762240,1
34859.715,1,575519,250,762240,1
34859.795,1,575576,800,763020,1
34860.717,2,575519,250,762240,1
34860.72,2,566576,250,764400,-1
34860.748,1,576483,500,761840,1
34860.752,1,576490,250,764000,-1
34860.836,2,576483,500,761840,1
34860.838,2,576490,250,764000,-1
34860.866,1,576624,250,762240,1
34860.87,1,576626,250,764400,-1
34861.168,2,575576,800,763020,1
34861.199,2,575131,800,764680,-1
34861.275,2,567244,200,100,1
34861.278,2,569102,200,9999990,-1
34861.31,1,577078,800,763020,1
34861.526,1,577305,200,100,1
34861.533,1,577314,200,9999990,-1
34861.798,2,576624,250,762240,1
34861.813,1,577626,800,764680,-1
34861.828,1,577641,500,762240,1
34862.804,2,573439,200,763200,1
34862.817,1,578434,200,763500,1
34864.211,2,573436,600,1130300,-1
34864.227,1,579375,600,973300,-1
34866.105,2,577641,500,762240,1
34866.135,1,580522,250,762240,1
34866.792,2,578434,200,763500,1
34866.813,1,580997,200,763400,1
34867.157,1,581219,600,760500,1
34867.7,2,574468,800,765000,-1
34867.718,1,581597,800,765500,-1
34868.424,2,579375,600,973300,-1
34868.433,1,582041,600,898800,-1
34869.165,2,580522,250,762240,1
34869.194,1,582571,500,762240,1
34869.37,1,582722,500,764590,-1
34869.426,2,577078,800,763020,1
34869.43,2,577626,800,764680,-1
34869.452,1,582789,800,764380,-1
34869.963,2,582722,500,764590,-1
34869.968,1,583204,500,762410,1
34869.972,1,583210,800,762720,1
34870.52,1,583632,500,764490,-1
34870.623,2,580997,200,763400,1
34870.651,1,583754,200,763200,1
34870.899,2,583210,800,762720,1
34870.901,2,582789,800,764380,-1
34870.94,2,583204,500,762410,1
34870.942,2,583632,500,764490,-1
34871.0,1,584090,800,764480,-1
34871.042,1,584124,500,764590,-1
34871.104,2,584124,500,764590,-1
34871.125,2,584090,800,764480,-1
34871.56,1,584485,800,763020,1
34871.591,1,584516,500,762610,1
34872.027,2,584516,500,762610,1
34872.135,2,584485,800,763020,1
34872.138,1,584936,500,764590,-1
34872.144,1,584944,800,764380,-1
34872.256,2,584936,500,764590,-1
34872.464,2,584944,800,764380,-1
34872.556,2,582571,500,762240,1
34872.585,1,585280,250,762240,1
34872.686,1,585378,500,764490,-1
34872.709,1,585402,800,764480,-1
34873.23,1,585794,500,762410,1
34873.248,1,585805,800,762820,1
34873.69,2,585805,800,762820,1
34873.692,2,585402,800,764480,-1
34873.715,2,577314,200,9999990,-1
34873.718,2,577305,200,100,1
34873.8,1,586178,800,764380,-1
34873.946,1,586267,200,9999990,-1
34873.95,1,586268,300,763010,1
34874.341,1,586489,800,762720,1
34874.596,2,582041,600,898800,-1
34874.615,1,586672,600,841200,-1
34875.074,2,585280,250,762240,1
34875.076,2,576626,250,764400,-1
34875.114,1,587121,500,761840,1
34875.117,1,587123,250,764000,-1
34875.375,2,583754,200,763200,1
34875.409,1,587359,200,763000,1
34878.983,2,587359,200,763000,1
34879.029,1,590276,200,762800,1
34879.56,2,581597,800,765500,-1
34879.581,1,590677,800,764900,-1
34879.981,2,586672,600,841200,-1
34880.01,1,591039,600,789600,-1
34882.253,2,586268,300,763010,1
34882.576,1,593422,300,762810,1
34883.413,2,585794,500,762410,1
34883.416,2,585378,500,764490,-1
34883.528,2,590276,200,762800,1
34883.557,1,594213,400,762200,1
34883.62,1,594286,500,762510,1
34883.686,2,587121,500,761840,1
34883.688,2,587123,250,764000,-1
34883.715,1,594386,250,762240,1
34883.719,1,594389,250,764400,-1
34883.806,2,586178,800,764380,-1
34883.997,1,594658,800,764380,-1
34884.17,1,594839,500,764590,-1
34884.346,2,586489,800,762720,1
34884.408,2,594286,500,762510,1
34884.411,2,594839,500,764590,-1
34884.483,1,595180,800,762720,1
34884.715,1,595350,500,764490,-1
34884.751,2,595350,500,764490,-1
34885.27,1,595752,500,764590,-1
34885.807,1,596166,500,762510,1
34886.167,2,591039,600,789600,-1
34886.197,1,596449,600,769400,-1
34886.459,2,594213,400,762200,1
34886.495,1,596680,600,760100,1
34886.578,2,596166,500,762510,1
34886.58,2,595752,500,764590,-1
34886.584,2,590677,800,764900,-1
34886.589,1,596743,800,765300,-1
34886.697,1,596838,500,762510,1
34886.804,2,594386,250,762240,1
34886.806,2,594389,250,764400,-1
34886.833,1,596921,500,761840,1
34886.837,1,596923,250,764000,-1
34887.235,1,597292,500,764590,-1
34887.562,2,596838,500,762510,1
34887.566,2,597292,500,764590,-1
34887.646,2,596923,250,764000,-1
34887.676,1,597619,250,764400,-1
34887.728,2,596921,500,761840,1
34887.759,1,597689,250,762240,1
34887.842,1,597765,500,764490,-1
34888.302,2,597765,500,764490,-1
34888.367,1,598215,500,762310,1
34888.395,2,595180,800,762720,1
34888.397,2,594658,800,764380,-1
34888.436,1,598276,800,764080,-1
34888.525,2,598215,500,762310,1
34888.633,2,597689,250,762240,1
34888.635,2,597619,250,764400,-1
34888.663,1,598452,500,761840,1
34888.665,1,598455,250,764000,-1
34888.894,1,598719,500,764390,-1
34888.995,2,598452,500,761840,1
34889.024,1,598848,800,762420,1
34889.029,2,598455,250,764000,-1
34889.032,1,598856,500,762240,1
34889.06,1,598893,250,764400,-1
34889.292,2,598719,500,764390,-1
34889.374,2,598848,800,762420,1
34889.377,2,598276,800,764080,-1
34889.419,1,599236,500,764290,-1
34889.546,1,599349,800,764180,-1
34890.092,1,599825,800,762520,1
34890.194,2,599349,800,764180,-1
34890.197,2,599236,500,764290,-1
34890.211,2,599825,800,762520,1
34890.225,1,599952,500,762410,1
34890.3,2,599952,500,762410,1
34890.643,1,600350,800,764180,-1
34890.731,1,600467,500,764390,-1
34891.19,1,600830,800,762520,1
34891.278,1,600911,500,762310,1
34891.65,2,600911,500,762310,1
34891.712,2,600467,500,764390,-1
34891.824,1,601231,500,764290,-1
34892.221,2,601231,500,764290,-1
34892.371,1,601547,500,764390,-1
34892.92,1,601939,500,762310,1
34892.921,2,601547,500,764390,-1
34892.955,2,601939,500,762310,1
34893.018,2,596449,600,769400,-1
34893.042,1,602027,600,765600,-1
34893.466,1,602318,500,764290,-1
34893.997,2,586267,200,9999990,-1
34894.29,1,602804,200,9999990,-1
34894.779,2,602318,500,764290,-1
34894.887,1,603225,500,764290,-1
34895.978,2,603225,500,764290,-1
34896.092,1,604119,500,764390,-1
34896.529,2,604119,500,764390,-1
34896.644,1,604505,500,764290,-1
34896.775,2,604505,500,764290,-1
34896.831,2,600830,800,762520,1
34896.833,2,600350,800,764180,-1
34896.836,1,604657,800,763880,-1
34897.183,1,604958,500,764190,-1
34897.426,2,598856,500,762240,1
34897.458,1,605201,250,762240,1
34897.519,2,604958,500,764190,-1
34897.565,2,605201,250,762240,1
34897.57,2,598893,250,764400,-1
34897.6,1,605355,500,761840,1
34897.605,1,605359,250,764000,-1
34897.789,1,605600,800,762220,1
34897.817,1,605630,500,764190,-1
34897.984,2,573204,100,764400,-1
34898.009,1,605841,500,764000,-1
34898.593,2,605600,800,762220,1
34898.599,2,604657,800,763880,-1
34898.702,1,606513,800,763980,-1
34898.715,1,606530,500,762110,1
34898.995,2,606530,500,762110,1
34898.997,2,605630,500,764190,-1
34899.27,1,606965,500,762110,1
34899.285,1,606986,800,762320,1
34899.535,2,596743,800,765300,-1
34899.548,1,607171,800,764700,-1
34899.59,2,606965,500,762110,1
34899.812,1,607417,500,764090,-1
34899.89,2,607417,500,764090,-1
34900.209,2,605355,500,761840,1
34900.213,2,605359,250,764000,-1
34900.242,1,607732,250,762240,1
34900.245,1,607736,250,764400,-1
34900.393,1,607896,500,764090,-1
34900.459,2,607896,500,764090,-1
34900.796,2,607732,250,762240,1
34900.799,2,607736,250,764400,-1
34900.828,1,608326,500,761840,1
34900.832,1,608330,250,764000,-1
34900.982,1,608437,500,764090,-1
34901.129,2,608437,500,764090,-1
34901.449,1,608793,500,764090,-1
34901.711,2,608793,500,764090,-1
34901.723,2,602804,200,9999990,-1
34901.726,2,593422,300,762810,1
34901.997,1,609215,500,764190,-1
34902.033,1,609238,200,9999990,-1
34902.036,1,609240,200,100,1
34902.541,1,609575,500,762110,1
34902.983,2,609238,200,9999990,-1
34903.126,2,608326,500,761840,1
34903.157,1,609977,250,761840,1
34903.258,1,610050,300,763890,-1
34903.81,2,609575,500,762110,1
34903.82,2,609215,500,764190,-1
34903.87,2,606986,800,762320,1
34903.876,2,610050,300,763890,-1
34903.877,2,606513,800,763980,-1
34903.882,2,609240,200,100,1
34903.94,1,610554,500,762310,1
34903.949,1,610564,800,762520,1
34904.184,1,610719,200,9999990,-1
34904.186,1,610721,300,762710,1
34904.407,1,610868,500,764390,-1
34904.494,1,610941,800,764180,-1
34904.527,2,574473,800,762300,1
34904.53,1,610969,800,762000,1
34905.929,2,610564,800,762520,1
34905.931,2,610941,800,764180,-1
34906.037,1,611921,800,762420,1
34906.577,1,612185,800,764080,-1
34906.683,2,596680,600,760100,1
34906.695,1,612266,400,760800,1
34909.057,1,613715,1000,760000,1
34909.66,2,610554,500,762310,1
34909.662,2,610868,500,764390,-1
34909.761,1,614174,500,764490,-1
34910.296,2,614174,500,764490,-1
34910.307,1,614547,500,762310,1
34910.635,2,614547,500,762310,1
34910.757,2,609977,250,761840,1
34910.759,2,608330,250,764000,-1
34910.789,1,614862,500,761440,1
34910.792,1,614865,250,763600,-1
34910.886,1,614971,500,764490,-1
34911.406,1,615346,500,762410,1
34911.531,2,610719,200,9999990,-1
34911.544,2,614862,500,761440,1
34911.545,2,614865,250,763600,-1
34911.574,1,615458,250,761840,1
34911.578,1,615462,250,764000,-1
34911.8,1,615668,200,9999990,-1
34912.718,2,615346,500,762410,1
34912.72,2,614971,500,764490,-1
34912.823,1,616362,500,762310,1
34912.976,2,616362,500,762310,1
34913.371,1,616699,500,764490,-1
34913.458,2,616699,500,764490,-1
34913.918,1,617061,500,764390,-1
34914.465,1,617408,500,762310,1
34916.037,2,611921,800,762420,1
34916.204,1,618446,800,762420,1
34916.219,2,617408,500,762310,1
34916.223,2,617061,500,764390,-1
34916.323,1,618524,500,762310,1
34916.577,2,612185,800,764080,-1
34916.614,2,618524,500,762310,1
34916.711,2,618446,800,762420,1
34916.813,1,618859,800,763880,-1
34916.873,1,618907,500,764390,-1
34916.9,2,618859,800,763880,-1
34917.377,1,619285,800,764180,-1
34917.477,2,618907,500,764390,-1
34917.507,1,619397,500,764590,-1
34917.55,2,619285,800,764180,-1
34917.614,2,615458,250,761840,1
34917.647,1,619531,500,761840,1
34917.922,1,619775,800,762720,1
34917.968,1,619822,500,762510,1
34918.074,2,619822,500,762510,1
34918.078,2,619397,500,764590,-1
34918.109,2,619775,800,762720,1
34918.329,2,605841,500,764000,-1
34918.466,1,620235,800,762720,1
34918.467,1,620237,1000,763100,1
34918.518,1,620262,500,764590,-1
34919.062,1,620664,800,764380,-1
34919.372,2,615668,200,9999990,-1
34919.379,2,620262,500,764590,-1
34919.396,2,620235,800,762720,1
34919.408,2,620664,800,764380,-1
34919.513,1,621048,500,764490,-1
34919.611,1,621127,800,764280,-1
34919.669,1,621157,200,9999990,-1
34919.742,2,621127,800,764280,-1
34920.042,1,621468,500,762410,1
34920.164,1,621574,800,764180,-1
34920.237,2,602027,600,765600,-1
34920.262,1,621675,400,765400,-1
34920.558,2,621468,500,762410,1
34920.57,2,621048,500,764490,-1
34920.578,2,621574,800,764180,-1
34920.58,2,620237,1000,763100,1
34920.643,1,622019,500,762610,1
34920.755,1,622126,800,762820,1
34921.135,1,622475,500,764690,-1
34921.303,1,622623,800,764480,-1
34921.403,1,622720,1000,763100,1
34921.99,2,619531,500,761840,1
34921.992,2,615462,250,764000,-1
34922.021,1,623221,500,762240,1
34922.023,1,623224,250,764400,-1
34922.803,2,622019,500,762610,1
34922.805,2,622475,500,764690,-1
34924.279,2,622126,800,762820,1
34924.281,2,622623,800,764480,-1
34924.309,1,625302,500,764690,-1
34924.374,1,625357,800,762720,1
34924.678,2,621157,200,9999990,-1
34924.906,2,607171,800,764700,-1
34924.909,2,610969,800,762000,1
34924.92,1,625801,800,764380,-1
34924.928,1,625807,800,765200,-1
34924.931,1,625808,800,762500,1
34924.969,1,625836,200,9999990,-1
34925.888,2,623221,500,762240,1
34925.918,1,626436,250,762240,1
34927.442,2,626436,250,762240,1
34927.445,2,623224,250,764400,-1
34927.478,1,627370,500,761840,1
34927.481,1,627372,250,764000,-1
34927.617,2,625302,500,764690,-1
34927.698,1,627541,500,764590,-1
34927.734,2,627541,500,764590,-1
34927.838,2,625357,800,762720,1
34927.844,2,625801,800,764380,-1
34927.894,1,627722,800,764180,-1
34928.248,1,628018,500,764490,-1
34928.433,1,628151,800,762520,1
34928.809,2,622720,1000,763100,1
34929.536,1,628888,1000,763100,1
34930.164,2,628018,500,764490,-1
34930.206,2,628151,800,762520,1
34930.215,2,627722,800,764180,-1
34930.251,1,629388,500,764590,-1
34930.257,1,629394,800,762720,1
34930.345,2,629388,500,764590,-1
34930.381,2,629394,800,762720,1
34930.762,1,629899,500,762610,1
34930.786,1,629921,800,764380,-1
34930.932,2,627370,500,761840,1
34930.933,2,627372,250,764000,-1
34930.961,1,630064,250,762240,1
34930.967,1,630073,250,764400,-1
34930.975,2,628888,1000,763100,1
34930.989,2,629899,500,762610,1
34931.071,2,629921,800,764380,-1
34931.309,1,630391,500,764590,-1
34931.333,1,630407,800,764280,-1
34931.357,2,630391,500,764590,-1
34931.376,2,630407,800,764280,-1
34931.745,2,630064,250,762240,1
34931.747,2,630073,250,764400,-1
34931.776,1,630750,500,761840,1
34931.782,1,630758,250,764000,-1
34931.793,2,625836,200,9999990,-1
34931.825,1,630788,500,764490,-1
34931.871,1,630823,800,764180,-1
34932.288,1,631161,200,9999990,-1
34932.37,1,631225,500,762410,1
34932.422,1,631253,800,762520,1
34932.644,2,625808,800,762500,1
34932.649,1,631402,800,762200,1
34932.94,1,631603,2000,762520,1
34933.487,1,631985,2000,763880,-1
34934.474,2,631985,2000,763880,-1
34934.59,1,632649,2000,763980,-1
34935.182,2,632649,2000,763980,-1
34935.214,2,631225,500,762410,1
34935.221,2,630788,500,764490,-1
34935.235,2,631253,800,762520,1
34935.241,2,630823,800,764180,-1
34935.274,1,633112,500,762610,1
34935.294,1,633134,2000,764080,-1
34935.306,1,633145,800,762820,1
34935.765,1,633499,500,764690,-1
34935.832,1,633556,800,762720,1
34935.835,2,633145,800,762820,1
34936.343,2,633134,2000,764080,-1
34936.374,1,633937,800,764380,-1
34936.445,1,633987,2000,764180,-1
34937.711,2,612266,400,760800,1
34937.716,1,634889,400,761600,1
34942.593,2,610721,300,762710,1
34942.866,2,631402,800,762200,1
34942.87,1,637732,200,100,1
34942.871,1,637734,800,762500,1
34942.937,2,631603,2000,762520,1
34943.037,2,633556,800,762720,1
34943.044,2,633937,800,764380,-1
34943.059,1,637848,800,762620,1
34943.111,1,637881,2000,762520,1
34943.608,1,638164,800,764280,-1
34944.391,2,637848,800,762620,1
34944.393,2,638164,800,764280,-1
34944.5,1,638620,800,762520,1
34945.05,1,638957,800,764180,-1
34945.805,2,630750,500,761840,1
34945.809,2,630758,250,764000,-1
34945.836,1,639503,250,762240,1
34945.84,1,639506,250,764400,-1
34946.112,2,633112,500,762610,1
34946.113,2,633499,500,764690,-1
34946.205,2,633987,2000,764180,-1
34946.221,2,638620,800,762520,1
34946.225,2,638957,800,764180,-1
34946.244,2,639503,250,762240,1
34946.246,1,639881,800,762720,1
34946.295,1,639930,500,762810,1
34946.345,1,640002,500,762240,1
34946.43,1,640094,2000,764280,-1
34946.53,1,640163,800,764380,-1
34947.59,2,639881,800,762720,1
34947.592,2,640163,800,764380,-1
34947.641,1,641037,800,762620,1
34947.684,1,641080,500,764890,-1
34948.188,1,641489,800,764280,-1
34948.22,2,640094,2000,764280,-1
34948.363,1,641650,2000,764380,-1
34948.437,2,639930,500,762810,1
34948.447,2,641080,500,764890,-1
34948.48,2,641650,2000,764380,-1
34948.601,1,641868,500,763010,1
34948.611,2,641037,800,762620,1
34948.615,2,641489,800,764280,-1
34948.74,1,641989,800,762820,1
34948.909,1,642160,2000,764480,-1
34949.089,2,642160,2000,764480,-1
34949.089,2,625807,800,765200,-1
34949.108,1,642354,500,765090,-1
34949.115,1,642363,1200,766200,-1
34949.121,1,642372,1000,762700,1
34949.121,2,637734,800,762500,1
34949.154,1,642399,400,763000,1
34949.205,2,640002,500,762240,1
34949.209,2,639506,250,764400,-1
34949.236,2,641868,500,763010,1
34949.236,1,642496,250,762640,1
34949.241,1,642505,250,764800,-1
34949.243,2,642372,1000,762700,1
34949.246,2,642354,500,765090,-1
34949.405,2,634889,400,761600,1
34949.413,1,642721,400,762200,1
34949.478,1,642798,800,764480,-1
34949.499,2,642496,250,762640,1
34949.529,1,642864,500,762640,1
34949.604,1,642946,2000,764680,-1
34949.71,1,643051,500,763010,1
34949.994,2,621675,400,765400,-1
34950.023,1,643427,600,766100,-1
34950.108,2,637732,200,100,1
34950.113,2,631161,200,9999990,-1
34950.342,1,643803,200,100,1
34950.345,1,643807,200,9999990,-1
34950.418,2,643051,500,763010,1
34950.535,1,644041,500,763010,1
34950.718,1,644259,100,762500,1
34950.858,2,644041,500,763010,1
34951.073,1,644547,500,763110,1
34951.117,2,644547,500,763110,1
34951.623,1,644950,500,763010,1
34952.304,2,641989,800,762820,1
34952.312,2,642798,800,764480,-1
34952.387,1,645561,500,765090,-1
34952.407,1,645583,800,762720,1
34952.953,1,646106,800,764380,-1
34953.118,2,637881,2000,762520,1
34953.143,2,644950,500,763010,1
34953.145,2,645561,500,765090,-1
34953.261,1,646353,500,763010,1
34953.283,1,646369,2000,762720,1
34953.59,2,646353,500,763010,1
34953.817,2,645583,800,762720,1
34953.819,2,646106,800,764380,-1
34953.823,1,646834,800,763020,1
34953.853,1,646873,500,763110,1
34953.923,2,646834,800,763020,1
34953.974,2,646873,500,763110,1
34954.378,1,647411,800,762720,1
34954.423,1,647458,500,763110,1
34954.532,2,647458,500,763110,1
34954.841,1,647881,800,764380,-1
34954.902,1,647952,500,763010,1
34956.901,2,647411,800,762720,1
34956.905,2,647881,800,764380,-1
34956.947,1,649749,800,764080,-1
34956.996,2,647952,500,763010,1
34957.086,1,649884,500,762810,1
34958.313,2,646369,2000,762720,1
34958.427,1,651155,2000,762620,1
34958.478,1,651200,1000,762700,1
34958.697,2,642721,400,762200,1
34958.716,1,651376,400,761800,1
34958.825,2,642399,400,763000,1
34958.867,1,651513,400,762900,1
34959.123,2,651200,1000,762700,1
34959.609,2,642946,2000,764680,-1
34959.715,1,652162,500,764890,-1
34959.74,1,652185,2000,764180,-1
34960.063,2,651155,2000,762620,1
34960.282,1,652591,2000,762520,1
34960.678,2,649884,500,762810,1
34960.681,2,652162,500,764890,-1
34960.746,2,649749,800,764080,-1
34960.776,1,653014,800,762620,1
34960.839,1,653057,500,763010,1
34960.856,2,652185,2000,764180,-1
34960.983,1,653177,2000,764680,-1
34961.287,1,653449,800,764280,-1
34961.351,1,653505,1000,762700,1
34961.614,2,653505,1000,762700,1
34961.909,2,642864,500,762640,1
34961.911,2,642505,250,764800,-1
34961.94,1,653935,250,763040,1
34961.942,1,653941,250,765200,-1
34962.032,2,653935,250,763040,1
34962.062,1,654081,500,763040,1
34962.152,1,654193,500,765090,-1
34962.192,2,654081,500,763040,1
34962.223,1,654262,250,763040,1
34962.406,2,653014,800,762620,1
34962.413,2,653449,800,764280,-1
34962.43,2,653057,500,763010,1
34962.435,2,654193,500,765090,-1
34962.46,2,654262,250,763040,1
34962.5,1,654529,500,763040,1
34962.526,1,654564,800,764480,-1
34962.63,1,654665,500,763210,1
34962.663,2,654529,500,763040,1
34962.695,1,654741,250,763040,1
34962.786,2,654741,250,763040,1
34962.818,1,654863,500,763040,1
34963.428,1,655344,1000,762700,1
34963.518,2,655344,1000,762700,1
34964.877,2,651376,400,761800,1
34964.909,1,656498,400,762300,1
34965.215,2,654665,500,763210,1
34965.301,1,656786,800,762820,1
34965.641,2,651513,400,762900,1
34965.665,1,657057,400,763000,1
34966.417,1,657662,500,763210,1
34966.504,2,657662,500,763210,1
34966.532,2,654863,500,763040,1
34966.535,2,653941,250,765200,-1
34966.564,1,657760,250,763440,1
34966.567,1,657768,250,765600,-1
34966.655,2,657760,250,763440,1
34966.657,2,657768,250,765600,-1
34966.687,1,657878,500,763040,1
34966.693,1,657887,250,765200,-1
34966.799,2,657878,500,763040,1
34966.801,2,657887,250,765200,-1
34966.83,1,658031,250,763440,1
34966.834,1,658039,250,765600,-1
34966.926,1,658144,1000,762700,1
34966.991,1,658208,500,763210,1
34967.129,2,658144,1000,762700,1
34967.291,2,658208,500,763210,1
34967.468,2,658031,250,763440,1
34967.47,2,658039,250,765600,-1
34967.498,1,658593,500,763040,1
34967.501,1,658596,250,765200,-1
34967.535,1,658630,1000,762700,1
34967.541,1,658638,500,763110,1
34967.823,2,658630,1000,762700,1
34967.852,2,658638,500,763110,1
34968.059,1,659108,500,763210,1
34968.071,2,656786,800,762820,1
34968.074,2,654564,800,764480,-1
34968.169,1,659209,800,764380,-1
34968.494,2,659108,500,763210,1
34968.614,1,659598,500,763110,1
34969.152,1,660098,500,765190,-1
34969.675,2,658593,500,763040,1
34969.707,1,660503,250,763040,1
34969.782,2,660503,250,763040,1
34969.784,2,658596,250,765200,-1
34969.812,1,660590,500,762640,1
34969.815,1,660594,250,764800,-1
34969.904,1,660675,800,762720,1
34970.288,2,652591,2000,762520,1
34970.46,1,661193,2000,762720,1
34970.989,2,653177,2000,764680,-1
34971.221,1,661722,2000,764480,-1
34972.628,2,660675,800,762720,1
34972.637,2,659209,800,764380,-1
34972.732,1,662733,800,764280,-1
34972.929,2,660590,500,762640,1
34972.931,2,660594,250,764800,-1
34972.959,1,662910,250,763040,1
34972.963,1,662913,250,765200,-1
34973.74,2,643807,200,9999990,-1
34973.743,2,661193,2000,762720,1
34973.743,2,643803,200,100,1
34973.811,2,657057,400,763000,1
34973.816,1,663628,400,762800,1
34973.838,1,663652,1000,762700,1
34973.858,1,663668,2000,762620,1
34974.082,1,663877,300,763390,-1
34974.088,1,663883,200,100,1
34974.416,4,663877,300,763390,-1
34974.527,2,660098,500,765190,-1
34974.79,2,659598,500,763110,1
34974.961,1,664591,100,764390,-1
34974.977,2,663668,2000,762620,1
34975.025,2,663652,1000,762700,1
34975.112,2,662733,800,764280,-1
34975.117,1,664745,800,762820,1
34975.136,2,661722,2000,764480,-1
34975.158,1,664780,2000,762520,1
34975.494,2,662910,250,763040,1
34975.525,1,665109,500,763040,1
34975.583,1,665160,800,764480,-1
34975.599,1,665173,2000,764580,-1
34975.655,2,644259,100,762500,1
34975.698,1,665283,300,763000,1
34975.723,2,664745,800,762820,1
34975.726,2,665160,800,764480,-1
34975.928,2,665173,2000,764580,-1
34976.169,1,665710,2000,764680,-1
34976.176,1,665715,800,764380,-1
34976.324,1,665834,500,764490,-1
34976.824,2,665109,500,763040,1
34976.827,2,662913,250,765200,-1
34976.86,1,666326,250,763440,1
34976.862,1,666329,250,765600,-1
34976.916,1,666378,500,763210,1
34977.098,2,656498,400,762300,1
34977.103,1,666580,400,762600,1
34977.157,2,665710,2000,764680,-1
34977.184,2,665715,800,764380,-1
34977.212,2,666378,500,763210,1
34977.217,2,665834,500,764490,-1
34977.325,1,666818,800,764580,-1
34977.384,1,666877,2000,764780,-1
34977.469,5,666355,100,763480,1
34977.795,2,666580,400,762600,1
34977.807,1,667355,400,762500,1
34977.86,1,667415,800,762920,1
34978.177,2,666326,250,763440,1
34978.206,1,667767,500,763440,1
34979.138,1,668597,500,764690,-1
34979.178,2,643427,600,766100,-1
34979.202,2,664591,100,764390,-1
34979.211,1,668651,600,767200,-1
34979.258,2,667415,800,762920,1
34979.262,2,666818,800,764580,-1
34979.392,1,668805,800,762820,1
34979.554,5,667793,100,763480,1
34979.554,1,668924,100,763480,-1
34979.682,1,669032,500,763410,1
34979.864,2,666877,2000,764780,-1
34979.941,1,669217,800,764480,-1
34979.971,1,669235,2000,764880,-1
34980.289,4,667767,500,763440,1
34980.383,1,669561,500,763440,1
34980.466,2,668924,100,763480,-1
34980.6,2,669561,500,763440,1
34980.601,2,666329,250,765600,-1
34980.71,1,669803,200,9999990,-1
34980.762,1,669853,500,763440,1
34980.765,1,669856,500,765000,-1
34982.047,2,669856,500,765000,-1
34982.077,1,670811,250,765000,-1
34982.205,2,663883,200,100,1
34982.21,2,669803,200,9999990,-1
34982.405,2,669032,500,763410,1
34982.408,2,668597,500,764690,-1
34982.454,1,671083,200,100,1
34982.459,1,671090,200,9999990,-1
34982.762,2,667355,400,762500,1
34982.772,1,671324,400,762800,1
34982.847,1,671388,500,764690,-1
34982.886,2,671388,500,764690,-1
34983.016,2,670811,250,765000,-1
34983.047,1,671546,500,765000,-1
34983.385,1,671741,500,764590,-1
34984.008,2,671324,400,762800,1
34984.016,1,672194,400,762700,1
34985.159,2,664780,2000,762520,1
34985.331,1,673037,2000,762820,1
34985.466,1,673124,500,763310,1
34985.761,2,668805,800,762820,1
34985.764,2,669217,800,764480,-1
34985.966,1,673463,800,764380,-1
34985.982,2,669853,500,763440,1
34986.011,1,673483,250,763440,1
34986.285,2,663628,400,762800,1
34986.291,1,673670,400,762900,1
34986.344,2,671090,200,9999990,-1
34986.347,2,671083,200,100,1
34986.625,1,673870,200,9999990,-1
34986.629,1,673872,200,100,1
34987.158,2,673483,250,763440,1
34987.19,1,674262,500,763440,1
34987.472,2,673463,800,764380,-1
34987.484,1,674518,800,764580,-1
34987.508,2,673124,500,763310,1
34987.51,2,671741,500,764590,-1
34987.596,2,672194,400,762700,1
34987.6,1,674613,400,762600,1
34988.054,1,674984,800,762920,1
34988.934,2,674984,800,762920,1
34988.938,2,674518,800,764580,-1
34989.076,1,675717,800,764480,-1
34989.385,1,675929,500,764690,-1
34989.554,2,675717,800,764480,-1
34989.632,1,676116,800,762920,1
34989.807,2,676116,800,762920,1
34989.933,1,676391,500,763410,1
34989.969,2,669235,2000,764880,-1
34990.033,1,676475,2000,764680,-1
34990.171,1,676584,800,764580,-1
34990.302,2,674613,400,762600,1
34990.316,1,676678,400,762500,1
34990.371,2,676584,800,764580,-1
34990.373,2,676391,500,763410,1
34990.378,2,675929,500,764690,-1
34990.745,1,677017,800,764280,-1
34991.082,2,674262,500,763440,1
34991.113,1,677275,250,763440,1
34991.183,2,677275,250,763440,1
34991.185,2,671546,500,765000,-1
34991.218,1,677354,500,763040,1
34991.221,1,677356,250,764600,-1
34991.303,2,673037,2000,762820,1
34991.391,1,677540,2000,762720,1
34992.514,2,677017,800,764280,-1
34992.732,1,678698,800,764180,-1
34992.754,1,678728,500,764490,-1
34993.293,1,679154,500,763210,1
34993.808,2,679154,500,763210,1
34993.812,2,678728,500,764490,-1
34993.857,2,678698,800,764180,-1
34993.96,1,679798,800,764380,-1
34994.207,2,677354,500,763040,1
34994.209,2,677356,250,764600,-1
34994.241,1,680178,250,763440,1
34994.245,1,680184,500,765000,-1
34995.429,2,680178,250,763440,1
34995.431,2,680184,500,765000,-1
34995.477,1,681685,500,763040,1
34995.481,1,681693,250,764600,-1
34995.553,1,681776,500,764690,-1
34995.603,2,679798,800,764380,-1
34995.716,1,681923,800,764480,-1
34995.781,2,681923,800,764480,-1
34995.821,2,681685,500,763040,1
34995.824,2,681693,250,764600,-1
34995.865,1,682143,250,763440,1
34995.872,1,682153,500,765000,-1
34995.927,2,676678,400,762500,1
34995.957,1,682245,400,762700,1
34996.073,1,682361,500,763410,1
34996.263,1,682562,800,764480,-1
34996.418,2,673872,200,100,1
34996.422,2,673870,200,9999990,-1
34996.687,1,682936,200,100,1
34996.69,1,682940,300,9999990,-1
34996.957,2,682143,250,763440,1
34996.989,1,683159,500,763440,1
34997.4,2,682940,300,9999990,-1
34997.748,1,683726,200,9999990,-1
34998.386,2,682361,500,763410,1
34998.388,2,681776,500,764690,-1
34998.48,1,684194,500,763310,1
34998.645,2,673670,400,762900,1
34998.65,1,684281,400,763100,1
34999.044,1,684621,500,764590,-1
34999.288,1,684811,200,763500,1
34999.52,2,684281,400,763100,1
34999.529,1,684978,400,763000,1
35000.039,2,676475,2000,764680,-1
35000.206,1,685462,2000,764480,-1
35000.652,2,682936,200,100,1
35000.833,1,685858,200,100,1
35001.389,2,677540,2000,762720,1
35001.518,1,686351,2000,762920,1
35001.8,2,684194,500,763310,1
35001.803,2,684621,500,764590,-1
35001.823,2,682562,800,764480,-1
35001.843,1,686603,800,764180,-1
35002.181,2,684978,400,763000,1
35002.371,1,687047,500,764390,-1
35002.535,4,684811,200,763500,1
35002.621,2,686351,2000,762920,1
35002.713,2,682245,400,762700,1
35002.721,1,687350,2000,762820,1
35002.769,1,687403,400,762400,1
35002.859,4,683159,300,763440,1
35002.918,1,687574,500,763110,1
35003.22,2,683159,200,763440,1
35003.221,2,682153,500,765000,-1
35003.268,2,687350,2000,762820,1
35003.329,1,687905,500,763440,1
35003.333,1,687909,500,765000,-1
35003.378,1,687961,2000,762620,1
35003.388,2,687905,500,763440,1
35003.389,2,687909,500,765000,-1
35003.395,2,642363,1200,766200,-1
35003.418,1,688005,500,763040,1
35003.423,1,688010,250,764600,-1
35003.432,1,688022,800,765700,-1
35003.462,2,665283,300,763000,1
35004.004,5,682750,300,763300,1
35004.231,2,687574,500,763110,1
35004.235,1,688846,500,763010,1
35004.274,2,688846,500,763010,1
35004.284,2,688010,250,764600,-1
35004.316,1,688920,500,764600,-1
35004.403,1,688992,800,762520,1
35004.467,2,687047,500,764390,-1
35004.777,1,689323,500,764290,-1
35005.114,2,687403,400,762400,1
35005.144,1,689606,400,762100,1
35005.324,1,689759,500,763010,1
35005.351,2,687961,2000,762620,1
35005.387,2,688920,500,764600,-1
35005.394,2,688992,800,762520,1
35005.399,2,686603,800,764180,-1
35005.418,1,689831,250,764600,-1
35005.457,1,689866,2000,762520,1
35005.501,1,689903,800,762420,1
35006.049,1,690351,800,764080,-1
35007.412,2,689759,500,763010,1
35007.417,2,689323,500,764290,-1
35007.515,1,691384,500,764190,-1
35008.058,1,691800,500,762910,1
35008.306,2,691800,500,762910,1
35008.309,2,691384,500,764190,-1
35008.354,1,691986,800,761400,1
35008.606,1,692154,500,764290,-1
35008.782,2,692154,500,764290,-1
35009.152,1,692500,500,764190,-1
35009.269,2,688022,800,765700,-1
35009.273,1,692579,800,764600,-1
35009.698,1,692858,500,762910,1
35010.175,2,685858,200,100,1
35010.178,2,683726,200,9999990,-1
35010.21,2,685462,2000,764480,-1
35010.264,2,689831,250,764600,-1
35010.267,1,693227,2000,764080,-1
35010.296,1,693250,500,764600,-1
35010.441,1,693355,200,100,1
35010.443,1,693360,200,9999990,-1
35010.641,2,693250,500,764600,-1
35010.671,1,693531,250,764600,-1
35011.676,2,693531,250,764600,-1
35011.706,1,694227,500,764600,-1
35011.935,2,694227,500,764600,-1
35011.965,1,694376,250,764600,-1
35013.28,1,695185,400,763100,1
35014.296,2,692858,500,762910,1
35014.333,2,688005,500,763040,1
35014.335,2,694376,250,764600,-1
35014.364,1,695869,250,763440,1
35014.369,1,695875,500,765000,-1
35014.433,2,695869,250,763440,1
35014.452,1,695966,500,762810,1
35014.463,1,695975,500,763440,1
35014.886,2,693227,2000,764080,-1
35014.946,2,695966,500,762810,1
35014.949,2,692500,500,764190,-1
35014.965,2,689903,800,762420,1
35014.968,2,690351,800,764080,-1
35014.999,1,696429,500,764390,-1
35015.012,1,696435,800,764280,-1
35015.017,1,696438,2000,764180,-1
35015.46,2,689866,2000,762520,1
35015.497,1,696843,500,763110,1
35015.519,1,696861,800,762620,1
35015.628,1,696979,2000,762720,1
35016.155,2,696429,500,764390,-1
35016.172,2,696438,2000,764180,-1
35016.264,1,697511,500,764490,-1
35016.3,2,697511,500,764490,-1
35016.394,1,697619,2000,764380,-1
35016.5,2,693360,200,9999990,-1
35016.51,2,696861,800,762620,1
35016.512,2,696435,800,764280,-1
35016.603,1,697791,1000,763500,1
35016.673,1,697849,800,764380,-1
35016.808,1,697972,500,764490,-1
35016.818,1,697979,200,9999990,-1
35016.828,2,695875,500,765000,-1
35016.858,1,698010,250,765000,-1
35016.978,2,695975,500,763440,1
35016.981,2,698010,250,765000,-1
35017.01,1,698182,250,763840,1
35017.015,1,698189,500,765400,-1
35017.291,2,697619,2000,764380,-1
35017.398,1,698565,2000,764580,-1
35017.456,2,697849,800,764380,-1
35017.545,2,698182,250,763840,1
35017.574,1,698719,500,763840,1
35017.582,2,696843,500,763110,1
35017.604,1,698751,800,764480,-1
35017.686,1,698854,500,763210,1
35018.503,2,698751,800,764480,-1
35018.77,2,698854,500,763210,1
35018.775,2,697972,500,764490,-1
35018.861,1,700076,500,763410,1
35018.951,1,700194,800,764780,-1
35019.127,2,700076,500,763410,1
35019.149,2,700194,800,764780,-1
35019.323,1,700632,500,764590,-1
35019.344,2,698565,2000,764580,-1
35019.451,1,700748,800,764580,-1
35019.46,1,700763,100,762600,1
35019.466,1,700770,2000,764680,-1
35019.597,2,700632,500,764590,-1
35019.692,2,700748,800,764580,-1
35019.878,1,701138,500,764490,-1
35019.999,1,701258,800,764580,-1
35020.09,2,701258,800,764580,-1
35020.268,2,698719,500,763840,1
35020.301,1,701545,250,763840,1
35020.309,2,701138,500,764490,-1
35020.418,1,701648,500,764590,-1
35020.59,2,701545,250,763840,1
35020.592,2,698189,500,765400,-1
35020.63,1,701838,500,763440,1
35020.67,1,701871,500,765000,-1
35020.969,1,702117,500,763210,1
35021.033,2,701648,500,764590,-1
35021.094,1,702222,800,764680,-1
35021.514,1,702550,500,764490,-1
35021.632,2,702117,500,763210,1
35021.638,2,702550,500,764490,-1
35021.719,2,702222,800,764680,-1
35021.766,1,702798,800,763220,1
35022.058,1,703003,500,764690,-1
35022.61,1,703426,500,763310,1
35022.707,2,703426,500,763310,1
35023.151,1,703834,500,763410,1
35023.187,2,703834,500,763410,1
35023.508,2,701871,500,765000,-1
35023.538,1,704088,250,765000,-1
35023.697,1,704173,500,763310,1
35023.794,2,693355,200,100,1
35023.823,2,704173,500,763310,1
35023.83,2,701838,500,763440,1
35023.831,2,704088,250,765000,-1
35023.86,1,704301,250,763840,1
35023.866,1,704309,500,765400,-1
35024.121,1,704547,200,100,1
35024.244,1,704630,500,763310,1
35024.285,2,704630,500,763310,1
35024.657,2,703003,500,764690,-1
35024.793,1,705058,500,764590,-1
35024.808,2,704301,250,763840,1
35024.81,2,702798,800,763220,1
35024.817,1,705082,800,764580,-1
35024.852,1,705114,500,763840,1
35024.895,2,705082,800,764580,-1
35025.122,2,705058,500,764590,-1
35025.339,1,705440,500,764690,-1
35025.343,1,705443,800,764880,-1
35025.591,1,705610,500,764000,-1
35025.63,2,696979,2000,762720,1
35025.639,4,705610,400,764000,-1
35025.688,1,705695,2000,763320,1
35025.932,4,705610,100,764000,-1
35025.934,1,705904,800,763220,1
35026.233,2,705440,500,764690,-1
35026.323,1,706176,500,764590,-1
35026.359,2,706176,500,764590,-1
35027.421,1,707036,500,764590,-1
35027.599,2,707036,500,764590,-1
35027.964,1,707431,500,764590,-1
35028.012,2,707431,500,764590,-1
35028.512,1,707809,500,764690,-1
35028.522,2,705114,500,763840,1
35028.523,2,704309,500,765400,-1
35028.552,1,707831,250,764240,1
35028.553,1,707833,500,764500,-1
35028.555,1,707835,500,765800,-1
35028.743,2,700770,2000,764680,-1
35028.811,4,707831,100,764240,1
35028.833,4,707831,150,764240,1
35028.874,1,708147,250,764240,1
35028.884,4,708147,250,764240,1
35028.926,2,707809,500,764690,-1
35028.944,1,708236,2000,764880,-1
35029.035,1,708323,250,764240,1
35029.035,2,705695,2000,763320,1
35029.047,4,708323,100,764240,1
35029.075,1,708379,500,764590,-1
35029.3,2,708323,150,764240,1
35029.301,2,707835,500,765800,-1
35029.418,1,708693,250,764240,1
35029.421,1,708698,500,765800,-1
35029.426,1,708702,2000,763320,1
35029.555,2,708693,250,764240,1
35029.557,2,708698,500,765800,-1
35029.607,1,708822,500,763310,1
35029.618,1,708831,250,764240,1
35029.621,1,708833,500,765800,-1
35029.716,2,708702,2000,763320,1
35029.932,2,708379,500,764590,-1
35029.969,1,709105,2000,763320,1
35030.153,1,709234,500,764690,-1
35030.478,2,709234,500,764690,-1
35030.703,1,709623,500,764590,-1
35030.769,2,692579,800,764600,-1
35030.78,1,709676,800,764900,-1
35031.126,2,705904,800,763220,1
35031.129,2,705443,800,764880,-1
35031.424,2,708831,250,764240,1
35031.428,2,708833,500,765800,-1
35031.457,1,710149,250,763840,1
35031.463,1,710153,250,765400,-1
35031.58,2,709105,2000,763320,1
35031.721,1,710369,2000,763320,1
35032.532,1,710926,500,763990,-1
35032.563,2,709623,500,764590,-1
35032.666,1,711038,500,764690,-1
35033.221,2,711038,500,764690,-1
35033.403,2,710149,250,763840,1
35033.405,2,710153,250,765400,-1
35033.435,4,710926,250,763990,-1
35033.441,1,711534,500,765800,-1
35033.459,1,711555,500,764690,-1
35033.492,4,710926,250,763990,-1
35033.581,2,710369,2000,763320,1
35033.689,1,711727,2000,763220,1
35033.691,1,711729,250,764240,1
35033.7,1,711735,800,763220,1
35033.701,4,711729,200,764240,1
35033.71,2,711555,500,764690,-1
35033.944,2,711729,50,764240,1
35033.946,2,711534,500,765800,-1
35033.991,1,711944,500,764590,-1
35034.817,2,711735,800,763220,1
35034.856,2,708822,500,763310,1
35034.924,2,711944,500,764590,-1
35034.932,1,712653,800,764580,-1
35034.973,1,712690,500,763210,1
35035.378,2,712653,800,764580,-1
35035.381,2,712690,500,763210,1
35035.467,1,713124,800,763120,1
35035.512,1,713179,500,764590,-1
35035.979,1,713584,1000,763600,1
35036.057,1,713643,500,763310,1
35036.065,1,713654,800,764780,-1
35036.065,2,697791,1000,763500,1
35037.405,1,714594,500,763800,-1
35037.587,2,713179,500,764590,-1
35037.624,2,711727,2000,763220,1
35037.706,1,714801,500,764690,-1
35037.735,1,714819,2000,763120,1
35037.742,2,713643,500,763310,1
35038.027,2,714801,500,764690,-1
35038.06,2,713124,800,763120,1
35038.062,2,713654,800,764780,-1
35038.186,1,715135,800,764680,-1
35038.244,1,715162,500,763310,1
35038.562,2,715162,500,763310,1
35038.69,2,715135,800,764680,-1
35038.805,1,715619,800,763320,1
35038.818,1,715630,500,763510,1
35038.95,2,708236,2000,764880,-1
35038.973,2,715619,800,763320,1
35039.048,1,715791,2000,764780,-1
35039.281,1,715976,800,763220,1
35039.536,2,691986,800,761400,1
35039.542,1,716216,800,762100,1
35039.596,2,715791,2000,764780,-1
35039.673,1,716327,500,764790,-1
35039.726,1,716376,2000,764880,-1
35040.304,1,716894,250,763440,1
35040.306,1,716897,500,765800,-1
35040.8,2,716376,2000,764880,-1
35040.834,2,715630,500,763510,1
35040.909,1,717349,2000,764980,-1
35040.999,1,717447,500,763510,1
35041.329,2,717447,500,763510,1
35041.526,1,717876,500,763510,1
35041.564,2,717876,500,763510,1
35041.771,2,714594,500,763800,-1
35041.909,2,717349,2000,764980,-1
35041.958,2,709676,800,764900,-1
35041.965,2,715976,800,763220,1
35041.983,1,718233,800,763420,1
35042.016,1,718278,800,765400,-1
35042.059,2,716894,250,763440,1
35042.06,2,716327,500,764790,-1
35042.063,2,716897,500,765800,-1
35042.092,1,718363,500,763040,1
35042.095,1,718368,250,765400,-1
35042.165,1,718439,2000,765080,-1
35042.219,1,718512,500,764890,-1
35042.273,2,718363,500,763040,1
35042.284,2,718368,250,765400,-1
35042.308,1,718592,250,763440,1
35042.313,2,718512,500,764890,-1
35042.324,1,718608,500,765800,-1
35042.333,2,718233,800,763420,1
35042.481,1,718788,800,764780,-1
35042.623,1,718915,500,764790,-1
35042.684,2,718915,500,764790,-1
35043.138,2,718278,800,765400,-1
35043.157,1,719368,800,765900,-1
35043.168,1,719378,500,764690,-1
35043.474,2,719378,500,764690,-1
35043.714,1,719799,500,764690,-1
35043.767,2,718592,250,763440,1
35043.797,1,719860,500,763440,1
35044.259,1,720246,500,763410,1
35045.055,2,704547,200,100,1
35045.057,2,697979,200,9999990,-1
35045.354,2,720246,500,763410,1
35045.403,1,721043,200,100,1
35045.407,1,721046,200,9999990,-1
35045.462,1,721089,500,763310,1
35045.498,2,716216,800,762100,1
35045.502,1,721112,800,762900,1
35045.791,2,719799,500,764690,-1
35045.853,1,721417,1000,763800,1
35045.859,2,713584,1000,763600,1
35046.012,1,721518,500,764690,-1
35046.086,2,721518,500,764690,-1
35046.558,1,721890,500,764590,-1
35047.408,2,718788,800,764780,-1
35047.532,1,722538,800,764880,-1
35047.623,2,719860,500,763440,1
35047.653,1,722644,250,763440,1
35047.741,2,714819,2000,763120,1
35047.776,2,722644,250,763440,1
35047.816,1,722777,500,763040,1
35047.833,1,722792,2000,763420,1
35047.939,2,718608,500,765800,-1
35047.969,1,722923,250,765400,-1
35048.411,2,722538,800,764880,-1
35048.423,1,723306,800,764680,-1
35048.432,2,721089,500,763310,1
35048.434,2,721890,500,764590,-1
35048.476,2,722923,250,765400,-1
35048.506,1,723358,500,765400,-1
35048.549,1,723411,500,764490,-1
35048.575,2,723306,800,764680,-1
35048.676,5,722500,100,763840,1
35049.031,2,723411,500,764490,-1
35049.054,1,724082,800,763220,1
35049.103,1,724138,500,764590,-1
35049.553,1,724623,800,764880,-1
35049.699,2,724138,500,764590,-1
35049.724,2,721417,1000,763800,1
35049.838,1,724862,500,764490,-1
35049.874,2,722792,2000,763420,1
35050.004,1,724989,300,763100,1
35050.093,1,725063,2000,763220,1
35050.186,2,724862,500,764490,-1
35050.27,2,724082,800,763220,1
35050.272,2,724623,800,764880,-1
35050.274,1,725245,800,763120,1
35050.361,2,725245,800,763120,1
35050.402,1,725365,500,764390,-1
35050.749,1,725660,800,764580,-1
35050.753,1,725667,1000,763800,1
35050.938,1,725834,500,763110,1
35051.079,2,725063,2000,763220,1
35051.188,1,726021,2000,763120,1
35051.29,2,725834,500,763110,1
35051.309,2,725667,1000,763800,1
35051.456,2,700763,100,762600,1
35051.48,1,726259,500,763110,1
35051.498,1,726280,500,763100,1
35051.515,2,726259,500,763110,1
35051.741,2,726021,2000,763120,1
35051.747,2,721046,200,9999990,-1
35051.844,1,726580,2000,763020,1
35051.872,1,726606,800,762920,1
35052.027,1,726728,500,763110,1
35052.102,1,726779,300,764190,-1
35052.171,2,718439,2000,765080,-1
35052.357,2,726728,500,763110,1
35052.394,1,727013,2000,764380,-1
35052.457,2,724989,300,763100,1
35052.471,5,704129,300,763600,1
35052.471,5,705743,200,763500,1
35052.842,2,725365,500,764390,-1
35053.036,2,726606,800,762920,1
35053.039,2,725660,800,764580,-1
35053.051,1,727574,800,764280,-1
35053.052,2,721112,800,762900,1
35053.068,1,727586,500,764090,-1
35053.068,1,727587,800,762600,1
35053.599,2,726580,2000,763020,1
35053.689,2,707833,500,764500,-1
35053.698,1,728134,800,762620,1
35053.704,1,728138,2000,762920,1
35053.814,2,728134,800,762620,1
35053.819,2,727574,800,764280,-1
35054.191,2,719368,800,765900,-1
35054.212,1,728554,800,765200,-1
35054.43,2,727587,800,762600,1
35054.469,1,728789,800,762100,1
35054.577,2,728138,2000,762920,1
35054.684,1,728951,800,762720,1
35054.691,1,728959,2000,762820,1
35054.705,1,728971,500,762710,1
35054.818,2,728971,500,762710,1
35055.703,2,728959,2000,762820,1
35055.734,2,727586,500,764090,-1
35055.828,2,728951,800,762720,1
35055.909,1,729941,2000,762720,1
35055.923,1,729961,500,763890,-1
35055.948,1,729979,800,764080,-1
35056.228,2,729961,500,763890,-1
35056.35,1,730382,500,763800,-1
35056.688,2,726280,500,763100,1
35056.912,2,668651,600,767200,-1
35056.926,2,729941,2000,762720,1
35056.933,1,730948,600,766000,-1
35057.009,1,731027,500,762510,1
35057.059,1,731085,800,762420,1
35057.094,1,731122,2000,762620,1
35057.263,2,722777,500,763040,1
35057.267,2,723358,500,765400,-1
35057.296,1,731308,500,762640,1
35057.3,1,731312,500,765000,-1
35057.427,2,730382,500,763800,-1
35057.609,2,731027,500,762510,1
35057.615,2,731085,800,762420,1
35057.618,2,729979,800,764080,-1
35057.671,1,731690,300,762600,1
35057.707,1,731722,500,763990,-1
35057.753,1,731780,800,762720,1
35058.095,1,732194,500,762710,1
35058.251,2,689606,400,762100,1
35058.282,1,732390,400,761500,1
35059.138,4,695185,400,763100,1
35059.583,2,721043,200,100,1
35059.866,1,734156,200,762610,1
35060.299,2,728554,800,765200,-1
35060.314,1,734483,800,764600,-1
35060.972,2,731690,300,762600,1
35061.968,2,731780,800,762720,1
35062.076,1,735953,800,764280,-1
35062.277,2,728789,800,762100,1
35062.282,1,736087,800,761700,1
35062.391,2,727013,2000,764380,-1
35062.566,1,736261,2000,764080,-1
35063.454,2,732194,500,762710,1
35063.554,2,736261,2000,764080,-1
35063.657,1,736998,2000,764080,-1
35063.741,2,736998,2000,764080,-1
35064.204,1,737305,2000,764180,-1
35065.151,2,735953,800,764280,-1
35065.53,1,738258,500,762710,1
35065.767,2,738258,500,762710,1
35066.194,2,731722,500,763990,-1
35066.251,1,738829,800,764180,-1
35067.092,2,731122,2000,762620,1
35067.269,1,739607,2000,762720,1
35071.531,2,737305,2000,764180,-1
35071.641,1,742691,2000,764280,-1
35074.34,1,744416,500,763890,-1
35074.764,1,744679,1000,762900,1
35074.928,2,731308,500,762640,1
35074.93,2,731312,500,765000,-1
35074.961,1,744828,250,763040,1
35074.964,1,744831,500,765400,-1
35074.988,2,744828,250,763040,1
35075.018,1,744877,500,763040,1
35075.494,2,744679,1000,762900,1
35075.541,2,744416,500,763890,-1
35075.651,1,745405,500,763890,-1
35076.252,2,738829,800,764180,-1
35076.379,2,726779,300,764190,-1
35076.464,1,745987,800,764180,-1
35076.639,1,746100,200,9999990,-1
35076.743,2,745405,500,763890,-1
35076.775,2,734483,800,764600,-1
35076.791,1,746193,800,764300,-1
35076.854,1,746241,500,763790,-1
35076.936,2,745987,800,764180,-1
35077.051,1,746369,800,764280,-1
35077.273,2,739607,2000,762720,1
35077.33,2,746241,500,763790,-1
35077.404,1,746598,500,763890,-1
35077.439,1,746623,2000,762820,1
35077.947,2,746598,500,763890,-1
35078.056,1,747044,500,763790,-1
35078.903,2,744877,500,763040,1
35078.933,1,747633,250,763040,1
35079.524,2,747633,250,763040,1
35079.527,2,744831,500,765400,-1
35079.554,1,747981,500,762640,1
35079.611,1,748025,250,765000,-1
35080.072,1,748330,1000,762900,1
35080.761,2,748025,250,765000,-1
35080.764,2,747981,500,762640,1
35080.793,1,748796,500,765400,-1
35080.797,1,748798,250,763040,1
35081.15,2,748330,1000,762900,1
35081.483,2,746623,2000,762820,1
35081.559,1,749433,500,762410,1
35081.579,1,749443,800,762620,1
35081.594,1,749448,2000,762720,1
35081.642,2,748798,250,763040,1
35081.642,2,742691,2000,764280,-1
35081.673,1,749504,500,763040,1
35081.899,2,747044,500,763790,-1
35081.941,1,749707,300,764000,-1
35082.11,1,749828,500,763690,-1
35082.135,2,749443,800,762620,1
35082.136,2,746369,800,764280,-1
35082.142,1,749846,800,764080,-1
35082.154,1,749858,2000,763980,-1
35082.19,2,749846,800,764080,-1
35082.618,2,749433,500,762410,1
35082.623,2,749828,500,763690,-1
35082.655,1,750190,500,763790,-1
35082.684,1,750206,800,764280,-1
35082.691,2,749858,2000,763980,-1
35082.735,2,750190,500,763790,-1
35082.801,1,750272,2000,764080,-1
35083.198,1,750561,500,763790,-1
35083.727,2,750272,2000,764080,-1
35083.775,2,750561,500,763790,-1
35083.794,2,750206,800,764280,-1
35083.804,1,750972,500,763890,-1
35083.847,1,751009,2000,764180,-1
35083.859,1,751020,800,762820,1
35084.036,2,750972,500,763890,-1
35084.291,1,751325,500,763990,-1
35084.611,2,746193,800,764300,-1
35084.622,1,751533,800,764500,-1
35084.654,2,751009,2000,764180,-1
35084.766,1,751629,2000,764280,-1
35084.908,2,748796,500,765400,-1
35084.938,1,751745,250,765400,-1
35085.224,2,749504,500,763040,1
35085.225,2,751745,250,765400,-1
35085.253,1,752007,250,763440,1
35085.257,1,752010,500,765800,-1
35085.377,1,752138,500,762710,1
35085.718,2,752007,250,763440,1
35085.749,1,752505,500,763440,1
35085.946,2,751325,500,763990,-1
35086.027,1,752797,800,764480,-1
35086.043,1,752813,500,764090,-1
35086.087,2,752813,500,764090,-1
35086.466,5,752534,900,763480,1
35086.588,1,753234,500,764090,-1
35086.616,1,753256,100,762600,1
35087.245,2,752138,500,762710,1
35087.353,1,753813,500,762810,1
35087.906,2,751020,800,762820,1
35087.909,2,752797,800,764480,-1
35088.012,1,754315,800,762920,1
35089.246,2,752505,500,763440,1
35089.247,2,752010,500,765800,-1
35089.276,1,755129,500,763040,1
35089.281,1,755135,500,765400,-1
35089.581,2,754315,800,762920,1
35089.661,2,753813,500,762810,1
35089.76,1,755539,500,762710,1
35089.798,1,755562,800,762820,1
35089.804,2,755539,500,762710,1
35089.831,1,755581,1000,763100,1
35090.525,2,755135,500,765400,-1
35090.558,1,756043,250,765400,-1
35091.593,2,749448,2000,762720,1
35091.661,1,756751,2000,762920,1
35092.201,2,756043,250,765400,-1
35092.231,1,757139,500,765400,-1
35092.658,2,757139,500,765400,-1
35092.688,1,757466,250,765400,-1
35093.227,2,757466,250,765400,-1
35093.259,1,757841,500,765400,-1
35093.793,2,755562,800,762820,1
35094.761,2,751629,2000,764280,-1
35094.901,1,758846,800,764380,-1
35094.937,1,758878,2000,764280,-1
35095.811,2,756751,2000,762920,1
35095.863,2,746100,200,9999990,-1
35095.865,2,734156,200,762610,1
35095.886,1,759553,500,762710,1
35095.922,1,759575,2000,762720,1
35096.157,1,759709,300,763790,-1
35096.162,1,759714,300,762710,1
35096.281,2,759553,500,762710,1
35096.287,2,753234,500,764090,-1
35096.329,2,758846,800,764380,-1
35096.35,2,755129,500,763040,1
35096.382,1,759881,250,763040,1
35096.402,1,759898,800,764180,-1
35096.463,1,759961,500,763890,-1
35096.475,2,759575,2000,762720,1
35096.566,2,759881,250,763040,1
35096.568,2,757841,500,765400,-1
35096.58,1,760037,2000,762620,1
35096.597,1,760053,500,762640,1
35096.601,1,760056,500,765000,-1
35096.741,2,759898,800,764180,-1
35097.047,2,759709,300,763790,-1
35097.142,1,760579,800,764080,-1
35097.381,1,760787,200,9999990,-1
35097.643,2,755581,1000,763100,1
35099.027,2,760787,200,9999990,-1
35099.029,2,759714,300,762710,1
35099.289,1,762241,300,763890,-1
35099.294,1,762243,200,762810,1
35100.593,2,759961,500,763890,-1
35100.81,1,763301,500,763790,-1
35100.893,1,763378,2000,763400,-1
35102.387,2,762241,300,763890,-1
35102.566,1,764505,300,763990,-1
35103.369,2,764505,300,763990,-1
35103.707,1,765271,200,763790,-1
35104.942,2,758878,2000,764280,-1
35105.222,1,766148,2000,764080,-1
35105.717,2,760053,500,762640,1
35105.75,1,766465,250,762640,1
35105.922,2,766465,250,762640,1
35105.924,2,760056,500,765000,-1
35105.953,1,766594,500,762240,1
35105.957,1,766599,500,764600,-1
35106.277,2,763301,500,763790,-1
35106.385,1,766967,500,763690,-1
35106.583,2,760037,2000,762620,1
35106.752,1,767304,2000,762620,1
35106.972,2,767304,2000,762620,1
35106.992,2,766967,500,763690,-1
35107.129,1,767666,500,763590,-1
35107.134,1,767671,800,762420,1
35107.143,2,760579,800,764080,-1
35107.311,1,767814,2000,762520,1
35107.33,2,767666,500,763590,-1
35107.401,2,767671,800,762420,1
35107.595,1,768105,500,763690,-1
35107.654,2,768105,500,763690,-1
35107.703,2,749707,300,764000,-1
35107.793,1,768324,800,763880,-1
35107.795,2,767814,2000,762520,1
35107.968,1,768481,2000,762420,1
35108.136,1,768619,500,763490,-1
35108.183,2,768619,500,763490,-1
35108.236,2,753256,100,762600,1
35108.396,2,768324,800,763880,-1
35108.513,1,769000,800,762420,1
35108.656,2,769000,800,762420,1
35108.683,1,769166,500,763590,-1
35108.852,2,769166,500,763590,-1
35108.985,1,769471,800,762420,1
35109.026,2,765271,200,763790,-1
35109.249,1,769655,500,763690,-1
35109.292,2,769655,500,763690,-1
35109.336,1,769760,300,763690,-1
35109.698,2,730948,600,766000,-1
35109.718,1,770119,600,765100,-1
35109.793,1,770161,500,763790,-1
35110.34,1,770596,500,762410,1
35110.383,2,770161,500,763790,-1
35110.842,2,766594,500,762240,1
35110.845,2,766599,500,764600,-1
35110.874,1,770995,250,762640,1
35110.877,1,770998,500,765000,-1
35110.986,1,771089,500,763690,-1
35111.112,2,771089,500,763690,-1
35111.149,2,769760,300,763690,-1
35111.188,2,770995,250,762640,1
35111.219,1,771284,500,762640,1
35111.309,1,771354,800,764080,-1
35111.437,1,771459,500,763790,-1
35111.472,1,771493,200,9999990,-1
35111.626,1,771605,1000,763200,1
35111.76,2,771459,500,763790,-1
35111.979,1,771854,500,763690,-1
35112.237,2,771605,1000,763200,1
35112.267,2,762243,200,762810,1
35112.27,2,771493,200,9999990,-1
35112.414,2,771854,500,763690,-1
35112.527,1,772263,500,763790,-1
35112.564,1,772290,300,762710,1
35112.567,1,772294,300,763790,-1
35113.18,2,772263,500,763790,-1
35113.261,2,772294,300,763790,-1
35113.291,1,772778,500,763690,-1
35113.452,1,772902,200,9999990,-1
35114.501,2,772778,500,763690,-1
35114.569,2,770596,500,762410,1
35114.591,2,770119,600,765100,-1
35114.596,1,773619,400,764900,-1
35114.604,1,773623,500,763690,-1
35115.223,2,766148,2000,764080,-1
35115.283,1,774028,2000,763880,-1
35115.566,2,774028,2000,763880,-1
35115.575,1,774244,1000,763100,1
35115.66,2,773623,500,763690,-1
35115.673,2,769471,800,762420,1
35115.676,2,771354,800,764080,-1
35115.681,1,774330,800,762620,1
35115.703,1,774352,500,763890,-1
35115.834,1,774445,2000,764080,-1
35116.02,2,774244,1000,763100,1
35116.23,2,774352,500,763890,-1
35116.282,2,774330,800,762620,1
35116.352,1,774899,800,764180,-1
35116.412,1,774956,500,763790,-1
35116.442,2,774899,800,764180,-1
35116.483,2,774956,500,763790,-1
35116.654,1,775190,1000,763100,1
35116.872,1,775411,800,764280,-1
35116.901,1,775435,500,763890,-1
35117.008,2,771284,500,762640,1
35117.042,1,775538,250,762640,1
35117.077,2,775538,250,762640,1
35117.078,2,770998,500,765000,-1
35117.113,1,775587,500,762240,1
35117.115,1,775591,250,764600,-1
35117.183,2,775591,250,764600,-1
35117.22,1,775692,500,764600,-1
35117.475,1,775927,800,762620,1
35117.487,1,775933,500,762610,1
35117.753,2,775933,500,762610,1
35117.779,2,775435,500,763890,-1
35117.845,2,775927,800,762620,1
35117.849,2,775411,800,764280,-1
35117.974,2,768481,2000,762420,1
35117.992,1,776372,800,763980,-1
35118.001,1,776377,500,763690,-1
35118.029,1,776408,2000,762520,1
35118.127,2,775587,500,762240,1
35118.158,1,776531,500,761840,1
35118.325,2,775692,500,764600,-1
35118.359,1,776733,250,764200,-1
35118.381,2,776531,500,761840,1
35118.383,2,776733,250,764200,-1
35118.41,1,776790,250,762240,1
35118.413,1,776794,500,764600,-1
35118.76,2,775190,1000,763100,1
35118.827,2,772902,200,9999990,-1
35118.849,2,776790,250,762240,1
35118.852,2,776794,500,764600,-1
35118.889,1,777293,500,761840,1
35118.893,1,777301,500,764200,-1
35118.933,1,777347,2000,763210,-1
35119.108,1,777586,300,763590,-1
35119.11,1,777588,800,762320,1
35119.121,1,777594,500,762310,1
35119.718,2,776377,500,763690,-1
35119.859,2,777594,500,762310,1
35119.911,2,777588,800,762320,1
35119.915,2,776372,800,763980,-1
35119.977,1,778636,500,763490,-1
35120.162,2,777347,2000,763210,-1
35120.245,1,778946,800,762320,1
35120.404,2,776408,2000,762520,1
35120.515,1,779273,500,762110,1
35120.538,2,778946,800,762320,1
35120.744,1,779570,2000,762420,1
35120.785,1,779629,800,762120,1
35120.986,2,777293,500,761840,1
35121.016,1,779945,250,761840,1
35121.043,2,779945,250,761840,1
35121.075,1,780031,500,761840,1
35121.082,2,778636,500,763490,-1
35121.37,2,780031,500,761840,1
35121.375,2,777301,500,764200,-1
35121.404,1,780434,500,761440,1
35121.408,1,780441,500,763800,-1
35121.48,1,780555,500,763390,-1
35121.563,1,780654,800,763780,-1
35121.623,2,779273,500,762110,1
35121.926,2,779570,2000,762420,1
35122.356,1,781516,2000,762320,1
35124.258,2,781516,2000,762320,1
35124.391,2,779629,800,762120,1
35124.396,2,780654,800,763780,-1
35124.408,2,780555,500,763390,-1
35124.432,1,783514,500,763190,-1
35124.445,1,783529,800,761920,1
35124.489,1,783581,2000,762220,1
35124.515,2,772290,300,762710,1
35124.571,2,783514,500,763190,-1
35124.606,2,783529,800,761920,1
35124.848,1,783983,200,100,1
35124.872,1,784015,500,763200,-1
35124.96,1,784106,800,763580,-1
35125.238,2,783581,2000,762220,1
35125.345,1,784513,2000,761820,1
35125.406,1,784579,500,761810,1
35125.472,1,784630,800,761920,1
35125.773,2,780434,500,761440,1
35125.804,1,784955,250,761440,1
35125.834,2,774445,2000,764080,-1
35125.885,2,784955,250,761440,1
35125.89,2,780441,500,763800,-1
35125.929,1,785126,500,761040,1
35125.933,1,785132,500,763400,-1
35126.154,1,785406,2000,763580,-1
35126.383,2,784015,500,763200,-1
35126.403,2,732390,400,761500,1
35126.434,1,785736,400,760900,1
35126.674,1,786039,500,763200,-1
35126.875,2,784630,800,761920,1
35126.885,2,784106,800,763580,-1
35127.048,1,786501,800,762020,1
35127.704,2,783983,200,100,1
35127.812,2,785126,500,761040,1
35127.842,1,787342,250,761040,1
35127.954,1,787465,300,762710,1
35128.038,2,787342,250,761040,1
35128.039,2,785132,500,763400,-1
35128.076,1,787591,500,760640,1
35128.078,1,787594,250,763200,-1
35128.106,2,787594,250,763200,-1
35128.139,1,787654,500,763110,-1
35128.412,2,786039,500,763200,-1
35128.584,1,788165,500,763110,-1
35128.678,2,788165,500,763110,-1
35128.785,2,751533,800,764500,-1
35128.792,1,788415,800,764000,-1
35128.796,2,787465,300,762710,1
35129.104,1,788755,500,763190,-1
35129.314,2,784579,500,761810,1
35129.316,2,788755,500,763190,-1
35129.652,1,789109,500,763110,-1
35129.882,2,789109,500,763110,-1
35130.2,1,789479,500,763110,-1
35130.305,2,789479,500,763110,-1
35130.751,1,789799,500,763190,-1
35130.962,1,789963,200,100,1
35131.186,2,789799,500,763190,-1
35131.392,1,790494,500,763190,-1
35131.508,2,790494,500,763190,-1
35131.838,1,791002,500,763090,-1
35132.029,2,789963,200,100,1
35132.185,2,791002,500,763090,-1
35132.274,1,791406,300,762610,1
35132.387,1,791541,500,763190,-1
35132.785,2,787654,500,763110,-1
35132.812,2,791406,300,762610,1
35132.851,1,792115,500,763010,-1
35132.936,1,792206,500,761810,1
35133.055,1,792338,200,100,1
35133.288,2,792115,500,763010,-1
35133.319,1,792572,250,763010,-1
35134.005,2,787591,500,760640,1
35134.009,2,792572,250,763010,-1
35134.039,1,793292,250,761040,1
35134.045,1,793302,500,763400,-1
35134.115,2,793292,250,761040,1
35134.146,1,793418,500,761040,1
35135.344,2,784513,2000,761820,1
35135.635,1,794863,2000,762120,1
35135.666,2,792206,500,761810,1
35135.678,2,791541,500,763190,-1
35135.681,1,794910,100,761710,1
35136.154,2,785406,2000,763580,-1
35136.216,1,795389,500,763190,-1
35136.281,1,795440,2000,763580,-1
35136.628,2,786501,800,762020,1
35136.732,1,795840,800,762120,1
35137.089,2,795389,500,763190,-1
35137.2,1,796251,500,763190,-1
35137.465,2,777586,300,763590,-1
35137.469,2,792338,200,100,1
35137.686,1,796688,2000,763100,-1
35137.887,1,796844,300,763490,-1
35137.89,1,796850,200,100,1
35138.184,2,796251,500,763190,-1
35138.401,1,797196,500,763090,-1
35138.498,2,796844,300,763490,-1
35138.65,2,797196,500,763090,-1
35138.847,1,797485,200,9999990,-1
35138.952,1,797568,500,763190,-1
35139.048,2,797568,500,763190,-1
35139.497,1,797995,500,763090,-1
35140.005,2,793302,500,763400,-1
35140.036,1,798444,250,763400,-1
35140.546,2,794863,2000,762120,1
35140.667,1,798910,2000,762020,1
35140.874,2,794910,100,761710,1
35140.877,2,797995,500,763090,-1
35140.924,2,795840,800,762120,1
35141.017,1,799205,800,763480,-1
35141.027,1,799211,500,761610,1
35141.079,2,799211,500,761610,1
35141.2,2,799205,800,763480,-1
35141.38,2,798444,250,763400,-1
35141.411,1,799577,500,763400,-1
35141.573,1,799713,500,762990,-1
35141.583,1,799719,800,763480,-1
35141.769,2,793418,500,761040,1
35141.771,2,799577,500,763400,-1
35141.87,1,800000,250,761440,1
35141.872,1,800003,500,763800,-1
35141.997,2,800000,250,761440,1
35142.027,1,800141,500,761040,1
35142.101,2,799719,800,763480,-1
35142.11,2,799713,500,762990,-1
35142.12,1,800218,500,763090,-1
35142.142,1,800245,800,762120,1
35142.216,2,800003,500,763800,-1
35142.251,1,800374,250,763400,-1
35142.551,2,800245,800,762120,1
35142.816,1,800992,800,762120,1
35142.843,1,801023,500,761710,1
35142.888,2,773619,400,764900,-1
35142.911,1,801107,400,764100,-1
35142.98,2,800141,500,761040,1
35142.983,2,800374,250,763400,-1
35143.008,2,800218,500,763090,-1
35143.013,1,801203,250,761440,1
35143.015,1,801206,500,763800,-1
35143.409,1,801599,500,763090,-1
35143.649,2,801107,400,764100,-1
35143.676,1,801882,400,764500,-1
35143.76,2,801023,500,761710,1
35143.763,2,801599,500,763090,-1
35143.879,1,802083,500,763190,-1
35144.418,1,802489,500,761710,1
35144.543,2,802083,500,763190,-1
35144.89,2,801203,250,761440,1
35144.92,1,802890,500,761440,1
35144.963,1,802933,500,763190,-1
35146.272,2,796850,200,100,1
35146.283,2,795440,2000,763580,-1
35146.345,1,803908,2000,763480,-1
35146.563,1,804113,300,762210,1
35146.891,2,803908,2000,763480,-1
35146.999,1,804510,2000,763580,-1
35147.029,2,800992,800,762120,1
35147.136,1,804633,800,762020,1
35147.591,2,802489,500,761710,1
35147.699,1,805048,500,761810,1
35148.245,2,802890,500,761440,1
35148.246,2,801206,500,763800,-1
35148.28,1,805494,500,761040,1
35148.282,1,805498,250,763400,-1
35148.685,2,805048,500,761810,1
35148.824,2,804633,800,762020,1
35148.827,2,805498,250,763400,-1
35148.836,2,802933,500,763190,-1
35148.839,2,804510,2000,763580,-1
35148.844,1,806030,500,763290,-1
35148.861,1,806045,500,763400,-1
35148.952,1,806137,800,762020,1
35149.015,1,806210,2000,763680,-1
35149.145,2,806030,500,763290,-1
35149.244,2,806137,800,762020,1
35149.286,2,806045,500,763400,-1
35149.325,1,806553,250,763400,-1
35149.338,1,806564,500,763290,-1
35149.454,1,806704,800,762120,1
35149.487,2,806564,500,763290,-1
35149.52,2,806553,250,763400,-1
35149.541,2,806704,800,762120,1
35149.556,1,806805,500,763400,-1
35149.61,2,806805,500,763400,-1
35149.64,1,806874,250,763400,-1
35149.868,2,806874,250,763400,-1
35149.885,1,807071,500,763190,-1
35149.899,1,807082,500,763400,-1
35150.027,1,807195,800,762020,1
35150.115,2,807082,500,763400,-1
35150.145,1,807304,250,763400,-1
35150.431,1,807516,500,761710,1
35150.674,2,798910,2000,762020,1
35150.862,2,807195,800,762020,1
35150.891,2,807516,500,761710,1
35150.9,2,807071,500,763190,-1
35150.914,1,807964,800,761820,1
35150.927,1,807979,2000,762120,1
35151.052,1,808108,500,762990,-1
35151.609,2,807304,250,763400,-1
35151.639,1,808552,500,763400,-1
35152.881,2,804113,300,762210,1
35152.919,2,736087,800,761700,1
35152.924,1,809581,800,761400,1
35153.014,2,807979,2000,762120,1
35153.056,1,809674,500,761510,1
35153.125,1,809712,2000,761920,1
35153.128,2,796688,2000,763100,-1
35153.134,2,763378,2000,763400,-1
35153.217,1,809783,300,762110,1
35153.247,1,809799,800,763480,-1
35153.711,2,809674,500,761510,1
35154.792,2,808108,500,762990,-1
35154.828,2,807964,800,761820,1
35154.839,2,809799,800,763480,-1
35154.914,1,810985,500,763090,-1
35154.979,1,811048,800,761920,1
35155.12,2,811048,800,761920,1
35155.353,1,811327,500,761610,1
35155.529,1,811440,800,762020,1
35155.534,2,811327,500,761610,1
35155.538,2,810985,500,763090,-1
35155.902,1,811695,500,763190,-1
35156.07,1,811812,1000,762500,1
35156.292,2,797485,200,9999990,-1
35156.294,2,809783,300,762110,1
35156.369,2,811812,1000,762500,1
35156.449,1,812157,500,761710,1
35156.708,1,812336,200,9999990,-1
35156.711,1,812339,200,100,1
35156.757,1,812368,1000,762500,1
35156.78,2,808552,500,763400,-1
35156.81,1,812413,250,763400,-1
35157.492,2,812336,200,9999990,-1
35157.496,2,812339,200,100,1
35157.713,1,813135,300,763190,-1
35157.716,1,813140,300,762110,1
35158.294,2,811440,800,762020,1
35158.424,1,813635,800,763580,-1
35158.424,2,812368,1000,762500,1
35158.456,2,813140,300,762110,1
35158.645,1,813779,200,100,1
35158.688,2,805494,500,761040,1
35158.69,2,812413,250,763400,-1
35158.72,1,813832,250,761440,1
35158.722,1,813834,500,763800,-1
35159.014,2,806210,2000,763680,-1
35159.045,2,812157,500,761710,1
35159.049,2,811695,500,763190,-1
35159.089,2,813635,800,763580,-1
35159.108,1,814194,500,763000,-1
35159.126,1,814206,800,761720,1
35159.243,1,814337,2000,763380,-1
35159.52,1,814598,500,761510,1
35160.839,5,815235,300,762700,-1
35161.008,2,814598,500,761510,1
35162.027,2,814194,500,763000,-1
35162.135,1,816494,500,762890,-1
35162.735,2,809712,2000,761920,1
35162.8,2,814206,800,761720,1
35162.813,2,816494,500,762890,-1
35162.838,1,817006,800,763180,-1
35162.861,1,817024,500,762700,-1
35162.927,1,817089,2000,761520,1
35163.034,2,813832,250,761440,1
35163.036,2,813834,500,763800,-1
35163.083,1,817232,500,761040,1
35163.085,1,817237,500,763400,-1
35163.431,5,817047,200,762650,-1
35163.431,5,817558,300,762660,-1
35163.482,1,817699,800,761520,1
35163.544,1,817775,500,761110,1
35164.158,5,817558,200,762660,-1
35164.158,4,817024,300,762700,-1
