time,ask_price_1,ask_size_1,bid_price_1,bid_size_1
2019-06-28 09:30:00.003322332,,,99986.0,100.0
2019-06-28 09:30:00.004209836,,,99986.0,100.0
2019-06-28 09:30:00.005842539,100083.0,100.0,99986.0,100.0
2019-06-28 09:30:00.006794198,100083.0,100.0,99986.0,100.0
2019-06-28 09:30:00.007559615,100083.0,100.0,99986.0,100.0
2019-06-28 09:30:00.008713883,100046.0,100.0,99986.0,100.0
2019-06-28 09:30:00.009913500,100046.0,100.0,99986.0,100.0
2019-06-28 09:30:00.009927245,100046.0,100.0,99986.0,100.0
2019-06-28 09:30:00.010328815,100046.0,100.0,99986.0,100.0
2019-06-28 09:30:00.011245761,100046.0,100.0,99986.0,100.0
2019-06-28 09:30:00.011500042,100030.0,100.0,99986.0,100.0
2019-06-28 09:30:00.011769010,100030.0,100.0,99986.0,100.0
2019-06-28 09:30:00.011892188,100030.0,100.0,100025.0,100.0
2019-06-28 09:30:00.012201654,100030.0,100.0,100025.0,100.0
2019-06-28 09:30:00.012313200,100030.0,100.0,100026.0,100.0
2019-06-28 09:30:00.012618296,100030.0,100.0,100026.0,100.0
2019-06-28 09:30:00.013010066,100030.0,100.0,100026.0,100.0
2019-06-28 09:30:00.013623396,100030.0,100.0,100026.0,100.0
2019-06-28 09:30:00.013712300,100030.0,100.0,100025.0,100.0
2019-06-28 09:30:00.013776437,100030.0,100.0,100025.0,100.0
2019-06-28 09:30:00.014448304,100030.0,100.0,100025.0,100.0
2019-06-28 09:30:00.015212925,100030.0,100.0,100025.0,100.0
2019-06-28 09:30:00.016080929,100046.0,100.0,100025.0,100.0
2019-06-28 09:30:00.016216628,100046.0,100.0,100025.0,100.0
2019-06-28 09:30:00.016449768,100046.0,100.0,100025.0,100.0
2019-06-28 09:30:00.017418647,100046.0,100.0,99996.0,100.0
2019-06-28 09:30:00.018082195,100046.0,100.0,99986.0,100.0
2019-06-28 09:30:00.018344877,100001.0,100.0,99986.0,100.0
2019-06-28 09:30:00.019181076,100001.0,100.0,99986.0,100.0
2019-06-28 09:30:00.019521489,100001.0,100.0,99939.0,100.0
2019-06-28 09:30:00.020152813,100046.0,100.0,99939.0,100.0
2019-06-28 09:30:00.020669421,100046.0,100.0,99939.0,100.0
2019-06-28 09:30:00.021153198,100043.0,100.0,99939.0,100.0
2019-06-28 09:30:00.021385048,100043.0,100.0,99939.0,100.0
2019-06-28 09:30:00.021412076,100043.0,100.0,99939.0,100.0
2019-06-28 09:30:00.021867202,100043.0,100.0,99939.0,100.0
2019-06-28 09:30:00.021871353,100043.0,100.0,99939.0,100.0
2019-06-28 09:30:00.022471481,100043.0,100.0,100006.0,100.0
2019-06-28 09:30:00.022586361,100025.0,100.0,100006.0,100.0
2019-06-28 09:30:00.023013267,100025.0,100.0,100006.0,100.0
2019-06-28 09:30:00.023382519,100025.0,100.0,100006.0,100.0
2019-06-28 09:30:00.024942352,100025.0,100.0,100006.0,100.0
2019-06-28 09:30:00.025955239,100025.0,100.0,100006.0,100.0
2019-06-28 09:30:00.026149681,100025.0,100.0,100006.0,100.0
2019-06-28 09:30:00.026323431,100030.0,100.0,100006.0,100.0
2019-06-28 09:30:00.026602004,100030.0,100.0,99972.0,100.0
2019-06-28 09:30:00.026721473,100030.0,100.0,99972.0,100.0
2019-06-28 09:30:00.026863297,100043.0,100.0,99972.0,100.0
2019-06-28 09:30:00.027213424,100043.0,100.0,99972.0,100.0
2019-06-28 09:30:00.027390685,100043.0,100.0,99972.0,100.0
2019-06-28 09:30:00.027597212,100043.0,100.0,99972.0,100.0
2019-06-28 09:30:00.027646372,100043.0,100.0,99972.0,100.0
2019-06-28 09:30:00.027867771,100043.0,100.0,99972.0,100.0
2019-06-28 09:30:00.028003688,100043.0,100.0,99972.0,100.0
2019-06-28 09:30:00.028061615,100043.0,100.0,100024.0,100.0
2019-06-28 09:30:00.028192910,100043.0,100.0,100024.0,100.0
2019-06-28 09:30:00.028367872,100043.0,100.0,100024.0,100.0
2019-06-28 09:30:00.028923983,100031.0,100.0,100024.0,100.0
2019-06-28 09:30:00.030047704,100031.0,100.0,100024.0,100.0
2019-06-28 09:30:00.030326878,100031.0,100.0,100024.0,100.0
2019-06-28 09:30:00.030908752,100031.0,100.0,100024.0,100.0
2019-06-28 09:30:00.032794669,100031.0,100.0,100024.0,100.0
2019-06-28 09:30:00.034466048,100031.0,100.0,100024.0,100.0
2019-06-28 09:30:00.038736183,100031.0,100.0,99972.0,100.0
2019-06-28 09:30:00.039045352,100031.0,100.0,99972.0,100.0
2019-06-28 09:30:00.040769127,100006.0,100.0,99972.0,100.0
2019-06-28 09:30:00.041807675,100006.0,100.0,99972.0,100.0
2019-06-28 09:30:00.045162178,100006.0,100.0,99972.0,100.0
2019-06-28 09:30:00.048523241,100006.0,100.0,99972.0,100.0
2019-06-28 09:30:00.048644999,100006.0,100.0,99972.0,100.0
2019-06-28 09:30:00.050364801,100006.0,100.0,99972.0,100.0
2019-06-28 09:30:00.056839524,100006.0,100.0,99987.0,100.0
2019-06-28 09:30:00.056888647,100006.0,100.0,99987.0,100.0
2019-06-28 09:30:00.060288688,100006.0,100.0,99987.0,100.0
2019-06-28 09:30:00.060731300,100024.0,100.0,99987.0,100.0
2019-06-28 09:30:00.177025609,100024.0,100.0,100004.0,100.0
2019-06-28 09:30:02.116593344,100024.0,100.0,99987.0,100.0
2019-06-28 09:30:18.847313083,100024.0,100.0,99987.0,100.0
2019-06-28 09:30:18.852839272,100024.0,100.0,99987.0,100.0
2019-06-28 09:30:18.852839273,100024.0,100.0,99987.0,204.0
2019-06-28 09:30:18.852839274,100024.0,100.0,99987.0,204.0
2019-06-28 09:30:18.852839275,100024.0,204.0,99987.0,204.0
2019-06-28 09:30:18.852839276,100024.0,204.0,99987.0,204.0
2019-06-28 09:30:20.842488008,100024.0,204.0,99987.0,204.0
2019-06-28 09:30:23.078728409,100024.0,204.0,99987.0,104.0
2019-06-28 09:30:23.911822870,100024.0,104.0,99987.0,104.0
2019-06-28 09:30:30.055830272,100024.0,104.0,99987.0,104.0
2019-06-28 09:30:30.055830274,100024.0,208.0,99987.0,104.0
2019-06-28 09:30:30.055830275,100024.0,208.0,99987.0,104.0
2019-06-28 09:30:30.055830276,100024.0,208.0,99987.0,104.0
2019-06-28 09:30:30.057824339,100024.0,104.0,99987.0,104.0
2019-06-28 09:30:51.513402214,100024.0,104.0,99987.0,4.0
2019-06-28 09:30:51.518928402,100024.0,104.0,99987.0,4.0
2019-06-28 09:30:51.518928403,100024.0,221.0,99987.0,4.0
2019-06-28 09:30:51.518928404,100024.0,221.0,99987.0,4.0
2019-06-28 09:30:51.518928405,100024.0,221.0,99987.0,117.0
2019-06-28 09:30:51.518928406,100024.0,117.0,99987.0,117.0
2019-06-28 09:32:04.680181292,100023.0,100.0,99987.0,117.0
2019-06-28 09:32:04.685707477,100023.0,100.0,99987.0,117.0
2019-06-28 09:32:04.685707479,100023.0,100.0,99972.0,278.0
2019-06-28 09:32:04.685707481,100023.0,100.0,99987.0,178.0
2019-06-28 09:32:04.685707482,100023.0,278.0,99987.0,178.0
2019-06-28 09:32:17.085810350,100023.0,278.0,99987.0,178.0
2019-06-28 09:32:17.085810351,100023.0,278.0,99972.0,360.0
2019-06-28 09:32:17.085810352,100023.0,100.0,99972.0,360.0
2019-06-28 09:32:17.085810353,100023.0,182.0,99972.0,182.0
2019-06-28 09:32:17.085810355,100023.0,182.0,99987.0,82.0
2019-06-28 09:32:17.118594281,100023.0,282.0,99987.0,82.0
2019-06-28 09:32:48.943830379,100023.0,282.0,99987.0,230.0
2019-06-28 09:32:48.943830380,100023.0,430.0,99987.0,230.0
2019-06-28 09:32:48.943830382,100023.0,430.0,99987.0,230.0
2019-06-28 09:32:48.943830383,100023.0,430.0,99987.0,230.0
2019-06-28 09:32:48.960100779,100023.0,430.0,99987.0,130.0
2019-06-28 09:33:07.784809286,100023.0,428.0,99987.0,130.0
2019-06-28 09:33:07.784809287,100023.0,198.0,99987.0,130.0
2019-06-28 09:33:07.784809290,100023.0,198.0,99987.0,228.0
2019-06-28 09:33:07.784809291,100023.0,198.0,99987.0,98.0
2019-06-28 09:33:07.828046152,99987.0,2.0,99972.0,195.0
2019-06-28 09:33:36.781659386,99987.0,149.0,99972.0,100.0
2019-06-28 09:33:36.781659387,99987.0,149.0,99972.0,100.0
2019-06-28 09:33:36.781659388,99987.0,149.0,99972.0,247.0
2019-06-28 09:33:36.781659390,99987.0,149.0,99972.0,247.0
2019-06-28 09:33:36.794608298,99987.0,149.0,99972.0,247.0
2019-06-28 09:33:44.152516427,99987.0,249.0,99972.0,247.0
2019-06-28 09:33:44.376179779,99987.0,249.0,99972.0,247.0
2019-06-28 09:33:52.784616644,99987.0,249.0,99972.0,346.0
2019-06-28 09:33:52.784616645,99987.0,348.0,99972.0,346.0
2019-06-28 09:33:52.784616646,99987.0,201.0,99972.0,199.0
2019-06-28 09:33:52.786509245,99987.0,201.0,99972.0,199.0
2019-06-28 09:34:01.340960001,99987.0,201.0,99972.0,199.0
2019-06-28 09:34:13.430171384,99987.0,201.0,99972.0,99.0
2019-06-28 09:34:13.435697571,99987.0,201.0,99972.0,99.0
2019-06-28 09:34:13.435697573,99987.0,102.0,99972.0,227.0
2019-06-28 09:34:13.435697575,99987.0,329.0,99972.0,227.0
2019-06-28 09:34:13.937857493,99987.0,329.0,99972.0,127.0
2019-06-28 09:34:31.892080916,99987.0,329.0,99972.0,127.0
2019-06-28 09:34:31.892080918,99987.0,329.0,99972.0,127.0
2019-06-28 09:34:31.892080919,99987.0,507.0,99972.0,127.0
2019-06-28 09:34:31.892080921,99987.0,280.0,99972.0,178.0
2019-06-28 09:34:31.898367629,99987.0,280.0,99972.0,78.0
2019-06-28 09:34:34.242071090,99987.0,280.0,99972.0,78.0
2019-06-28 09:35:01.540574728,99972.0,22.0,99964.0,178.0
2019-06-28 09:35:01.540875394,99987.0,102.0,99972.0,169.0
2019-06-28 09:35:01.540875396,99987.0,293.0,99972.0,169.0
2019-06-28 09:35:27.587278634,99987.0,293.0,99972.0,69.0
2019-06-28 09:35:27.592804818,99987.0,293.0,99972.0,69.0
2019-06-28 09:35:27.592804819,99987.0,293.0,99972.0,69.0
2019-06-28 09:35:27.592804820,99987.0,293.0,99972.0,69.0
2019-06-28 09:35:27.592804821,99987.0,201.0,99972.0,69.0
2019-06-28 09:35:27.592804822,99987.0,201.0,99972.0,69.0
2019-06-28 09:35:27.592804823,99987.0,201.0,99972.0,99.0
2019-06-28 09:35:36.300418435,99987.0,201.0,99972.0,99.0
2019-06-28 09:35:38.100055634,99987.0,201.0,99972.0,99.0
2019-06-28 09:35:38.100055636,99987.0,201.0,99972.0,248.0
2019-06-28 09:35:38.100055637,99987.0,201.0,99972.0,149.0
2019-06-28 09:35:38.100055638,99987.0,251.0,99972.0,149.0
2019-06-28 09:35:38.103929226,99987.0,251.0,99972.0,149.0
2019-06-28 09:35:47.584864777,99987.0,251.0,99972.0,49.0
2019-06-28 09:35:53.065129141,99972.0,51.0,99964.0,144.0
2019-06-28 09:35:53.070655326,99972.0,51.0,99964.0,144.0
2019-06-28 09:35:53.070655330,99972.0,51.0,99964.0,129.0
2019-06-28 09:35:53.070655331,99972.0,180.0,99964.0,129.0
2019-06-28 09:36:17.671065961,99972.0,678.0,99964.0,627.0
2019-06-28 09:36:17.673060031,99972.0,549.0,99964.0,398.0
2019-06-28 09:36:40.004616038,99972.0,549.0,99964.0,298.0
2019-06-28 09:36:40.010142224,99972.0,187.0,99954.0,100.0
2019-06-28 09:36:40.010142226,99972.0,187.0,99964.0,136.0
2019-06-28 09:37:11.075900393,99987.0,238.0,99964.0,136.0
2019-06-28 09:37:11.075900394,99987.0,238.0,99954.0,236.0
2019-06-28 09:37:11.075900395,99987.0,176.0,99954.0,100.0
2019-06-28 09:37:11.075900396,99972.0,74.0,99954.0,100.0
2019-06-28 09:37:11.075900397,99972.0,74.0,99964.0,74.0
2019-06-28 09:37:11.075900398,99972.0,74.0,99964.0,74.0
2019-06-28 09:37:11.077924835,99964.0,26.0,99954.0,174.0
2019-06-28 09:37:18.811594348,99964.0,26.0,99954.0,174.0
2019-06-28 09:37:32.900388844,99964.0,26.0,99954.0,74.0
2019-06-28 09:37:32.905915032,99964.0,128.0,99954.0,74.0
2019-06-28 09:37:32.905915033,99964.0,128.0,99954.0,102.0
2019-06-28 09:37:32.905915034,99964.0,128.0,99954.0,102.0
2019-06-28 09:37:32.905915035,99964.0,128.0,99954.0,102.0
2019-06-28 09:37:50.220389479,99964.0,128.0,99954.0,386.0
2019-06-28 09:37:50.220389481,99964.0,310.0,99954.0,386.0
2019-06-28 09:37:50.226333821,99964.0,310.0,99954.0,184.0
2019-06-28 09:37:53.278066895,99964.0,310.0,99954.0,84.0
2019-06-28 09:38:01.959253858,99964.0,26.0,99954.0,84.0
2019-06-28 09:38:01.959253860,99964.0,26.0,99939.0,328.0
2019-06-28 09:38:01.959253861,99964.0,254.0,99939.0,328.0
2019-06-28 09:38:01.959253862,99964.0,254.0,99954.0,228.0
2019-06-28 09:38:01.985766027,99964.0,254.0,99954.0,128.0
2019-06-28 09:38:10.421748691,99964.0,254.0,99954.0,28.0
2019-06-28 09:38:31.193536159,99964.0,656.0,99939.0,100.0
2019-06-28 09:38:31.193536162,99964.0,428.0,99954.0,402.0
2019-06-28 09:38:31.209376511,99964.0,428.0,99954.0,302.0
2019-06-28 09:39:14.626647245,99964.0,817.0,99954.0,302.0
2019-06-28 09:39:14.626647247,99964.0,817.0,99954.0,389.0
2019-06-28 09:39:27.963292334,99964.0,415.0,99954.0,389.0
2019-06-28 09:39:27.963292335,99964.0,26.0,99954.0,389.0
2019-06-28 09:39:27.963292337,99964.0,132.0,99939.0,206.0
2019-06-28 09:39:27.963292338,99964.0,132.0,99954.0,106.0
2019-06-28 09:39:27.963292339,99964.0,132.0,99954.0,106.0
2019-06-28 09:39:36.972618822,99964.0,132.0,99954.0,6.0
2019-06-28 09:39:41.733304624,99954.0,94.0,99939.0,206.0
2019-06-28 09:39:41.738830808,99954.0,180.0,99939.0,206.0
2019-06-28 09:39:41.738830809,99954.0,180.0,99939.0,206.0
2019-06-28 09:39:41.738830810,99954.0,180.0,99939.0,292.0
2019-06-28 09:39:41.738830812,99954.0,180.0,99939.0,292.0
2019-06-28 09:39:44.958423163,99954.0,180.0,99939.0,86.0
2019-06-28 09:39:59.185009412,99939.0,14.0,99933.0,186.0
2019-06-28 09:39:59.190535600,99939.0,14.0,99933.0,186.0
2019-06-28 09:39:59.190535601,99939.0,14.0,99933.0,410.0
2019-06-28 09:39:59.190535602,99939.0,14.0,99933.0,324.0
2019-06-28 09:39:59.190535605,99939.0,238.0,99933.0,324.0
2019-06-28 09:40:02.191009160,99939.0,238.0,99933.0,324.0
2019-06-28 09:40:54.153405389,99939.0,238.0,99933.0,179.0
2019-06-28 09:40:54.153405392,99939.0,14.0,99933.0,179.0
2019-06-28 09:40:54.153405393,99939.0,93.0,99933.0,179.0
2019-06-28 09:40:54.155429819,99954.0,173.0,99939.0,7.0
2019-06-28 09:41:31.509456700,99954.0,173.0,99939.0,427.0
2019-06-28 09:41:31.509456701,99954.0,593.0,99939.0,427.0
2019-06-28 09:41:31.514084755,99954.0,514.0,99939.0,427.0
2019-06-28 09:41:46.893606497,99954.0,514.0,99939.0,175.0
2019-06-28 09:41:46.893606498,99954.0,514.0,99939.0,175.0
2019-06-28 09:41:46.893606502,99954.0,262.0,99939.0,175.0
2019-06-28 09:41:46.897432018,99954.0,262.0,99939.0,75.0
2019-06-28 09:41:51.732633077,99954.0,262.0,99939.0,75.0
2019-06-28 09:42:00.299992720,99954.0,262.0,99939.0,254.0
2019-06-28 09:42:00.299992721,99954.0,273.0,99939.0,179.0
2019-06-28 09:42:00.299992722,99954.0,273.0,99939.0,179.0
2019-06-28 09:42:00.306144981,99954.0,273.0,99939.0,179.0
2019-06-28 09:42:15.543472785,99954.0,94.0,99939.0,179.0
2019-06-28 09:42:15.543472786,99954.0,197.0,99939.0,179.0
2019-06-28 09:42:15.543472787,99954.0,197.0,99933.0,279.0
2019-06-28 09:42:15.543472788,99954.0,197.0,99939.0,103.0
2019-06-28 09:42:15.543472789,99954.0,197.0,99939.0,103.0
2019-06-28 09:42:15.557206687,99954.0,197.0,99939.0,103.0
2019-06-28 09:42:33.714974045,99954.0,304.0,99933.0,100.0
2019-06-28 09:42:33.714974046,99954.0,304.0,99933.0,100.0
2019-06-28 09:42:33.714974047,99954.0,304.0,99939.0,107.0
2019-06-28 09:42:33.714974048,99954.0,201.0,99939.0,107.0
2019-06-28 09:42:33.714974049,99954.0,201.0,99939.0,107.0
2019-06-28 09:42:33.717866043,99954.0,201.0,99939.0,107.0
2019-06-28 09:42:35.087720812,99954.0,201.0,99939.0,107.0
2019-06-28 09:42:44.978771633,99954.0,94.0,99939.0,107.0
2019-06-28 09:42:44.978771634,99954.0,212.0,99939.0,225.0
2019-06-28 09:42:44.978771636,99954.0,212.0,99939.0,225.0
2019-06-28 09:42:44.978771637,99954.0,212.0,99939.0,118.0
2019-06-28 09:42:44.978771638,99954.0,212.0,99939.0,118.0
2019-06-28 09:42:44.981919641,99954.0,212.0,99939.0,118.0
2019-06-28 09:43:05.363102696,99954.0,212.0,99939.0,118.0
2019-06-28 09:43:05.368628884,99954.0,212.0,99939.0,118.0
2019-06-28 09:43:05.368628885,99954.0,212.0,99939.0,111.0
2019-06-28 09:43:05.368628886,99954.0,205.0,99939.0,111.0
2019-06-28 09:43:05.368628887,99954.0,205.0,99939.0,111.0
2019-06-28 09:43:21.904100076,99954.0,205.0,99939.0,111.0
2019-06-28 09:43:21.904100077,99954.0,316.0,99939.0,111.0
2019-06-28 09:43:21.904100078,99954.0,205.0,99939.0,111.0
2019-06-28 09:43:21.904100080,99954.0,205.0,99939.0,111.0
2019-06-28 09:43:21.911316615,99954.0,205.0,99939.0,111.0
2019-06-28 09:43:37.215803996,99954.0,205.0,99940.0,100.0
2019-06-28 09:43:37.221330182,99954.0,205.0,99940.0,100.0
2019-06-28 09:43:37.221330184,99954.0,205.0,99940.0,100.0
2019-06-28 09:43:37.221330185,99954.0,342.0,99940.0,100.0
2019-06-28 09:43:37.221330186,99954.0,231.0,99940.0,237.0
2019-06-28 09:43:53.035420130,99954.0,231.0,99940.0,337.0
2019-06-28 09:43:53.040946318,99954.0,231.0,99940.0,200.0
2019-06-28 09:43:53.040946319,99954.0,231.0,99940.0,430.0
2019-06-28 09:43:53.040946320,99954.0,324.0,99940.0,430.0
2019-06-28 09:43:53.040946323,99954.0,324.0,99940.0,430.0
2019-06-28 09:43:55.707643879,99954.0,224.0,99940.0,430.0
2019-06-28 09:43:55.915724855,99954.0,224.0,99940.0,430.0
2019-06-28 09:44:01.056247429,99954.0,224.0,99941.0,100.0
2019-06-28 09:44:19.942986310,99954.0,224.0,99941.0,100.0
2019-06-28 09:44:19.942986311,99954.0,391.0,99941.0,267.0
2019-06-28 09:44:19.942986312,99954.0,391.0,99941.0,267.0
2019-06-28 09:44:19.954242826,99954.0,67.0,99941.0,267.0
2019-06-28 09:44:28.203989605,99954.0,67.0,99951.0,100.0
2019-06-28 09:44:30.844593859,99954.0,67.0,99941.0,267.0
2019-06-28 09:44:30.850120042,99954.0,67.0,99941.0,100.0
2019-06-28 09:44:30.850120043,99954.0,67.0,99941.0,100.0
2019-06-28 09:44:30.850120044,99954.0,84.0,99941.0,100.0
2019-06-28 09:44:30.850120045,99954.0,84.0,99941.0,100.0
2019-06-28 09:44:30.850120046,99954.0,84.0,99941.0,184.0
2019-06-28 09:44:30.850120047,99954.0,84.0,99941.0,184.0
2019-06-28 09:44:38.650881230,99954.0,184.0,99941.0,184.0
2019-06-28 09:44:47.684056542,99954.0,284.0,99941.0,184.0
2019-06-28 09:44:47.689582729,99954.0,377.0,99941.0,193.0
2019-06-28 09:44:47.689582731,99954.0,377.0,99941.0,193.0
2019-06-28 09:44:47.689582732,99954.0,377.0,99941.0,193.0
2019-06-28 09:44:47.689582733,99954.0,293.0,99941.0,193.0
2019-06-28 09:45:30.125763900,99954.0,388.0,99941.0,288.0
2019-06-28 09:45:30.125763901,99954.0,388.0,99941.0,195.0
2019-06-28 09:45:30.125763902,99954.0,388.0,99941.0,195.0
2019-06-28 09:45:30.125763904,99954.0,388.0,99941.0,195.0
2019-06-28 09:45:30.130615198,99954.0,295.0,99941.0,95.0
2019-06-28 09:45:50.480906857,99954.0,295.0,99941.0,95.0
2019-06-28 09:45:50.486433049,99954.0,612.0,99940.0,200.0
2019-06-28 09:45:50.486433050,99954.0,612.0,99941.0,412.0
2019-06-28 09:45:54.317861304,99954.0,612.0,99941.0,412.0
2019-06-28 09:47:11.187485467,99954.0,612.0,99940.0,409.0
2019-06-28 09:47:11.187485470,99954.0,200.0,99940.0,409.0
2019-06-28 09:47:11.187485471,99954.0,409.0,99941.0,209.0
2019-06-28 09:47:11.197350601,99954.0,409.0,99941.0,209.0
2019-06-28 09:47:54.965254018,99954.0,409.0,99941.0,209.0
2019-06-28 09:47:54.970780202,99954.0,200.0,99941.0,209.0
2019-06-28 09:47:54.970780203,99954.0,324.0,99941.0,209.0
2019-06-28 09:47:54.970780204,99954.0,324.0,99941.0,209.0
2019-06-28 09:47:54.970780205,99954.0,324.0,99941.0,124.0
2019-06-28 09:47:54.970780206,99954.0,324.0,99941.0,124.0
2019-06-28 09:47:54.970780207,99954.0,324.0,99941.0,124.0
2019-06-28 09:48:04.121202572,99951.0,100.0,99941.0,124.0
2019-06-28 09:48:17.821512392,99951.0,331.0,99940.0,324.0
2019-06-28 09:48:17.821512393,99951.0,331.0,99941.0,231.0
2019-06-28 09:48:22.928475991,99951.0,331.0,99941.0,231.0
2019-06-28 09:48:39.430555607,99951.0,331.0,99941.0,131.0
2019-06-28 09:48:39.436081794,99951.0,430.0,99941.0,330.0
2019-06-28 09:49:12.701293320,99951.0,430.0,99941.0,330.0
2019-06-28 09:49:12.702792255,99951.0,310.0,99940.0,410.0
2019-06-28 09:49:12.702792256,99951.0,310.0,99941.0,210.0
2019-06-28 09:49:12.702792258,99951.0,310.0,99941.0,210.0
2019-06-28 09:49:21.407594523,99951.0,310.0,99941.0,210.0
2019-06-28 09:49:22.110068504,99951.0,310.0,99941.0,210.0
2019-06-28 09:49:39.757003827,99951.0,310.0,99940.0,598.0
2019-06-28 09:49:39.757003829,99951.0,498.0,99940.0,388.0
2019-06-28 09:49:39.757003831,99951.0,288.0,99941.0,188.0
2019-06-28 09:49:39.762948170,99951.0,288.0,99941.0,188.0
2019-06-28 09:49:57.831372232,99951.0,288.0,99941.0,188.0
2019-06-28 09:49:57.836898418,99951.0,288.0,99941.0,612.0
2019-06-28 09:49:57.836898421,99951.0,712.0,99941.0,612.0
2019-06-28 09:49:59.425582985,99951.0,524.0,99941.0,324.0
2019-06-28 09:50:07.503919018,99951.0,524.0,99941.0,324.0
2019-06-28 09:50:15.895321638,99951.0,100.0,99941.0,324.0
2019-06-28 09:50:15.895321639,99951.0,100.0,99941.0,449.0
2019-06-28 09:50:15.895321640,99951.0,225.0,99941.0,449.0
2019-06-28 09:50:15.895321641,99951.0,225.0,99941.0,125.0
2019-06-28 09:50:15.895321642,99951.0,225.0,99941.0,125.0
2019-06-28 09:50:15.897214240,99951.0,225.0,99941.0,25.0
2019-06-28 09:50:20.446934385,99941.0,75.0,99940.0,325.0
2019-06-28 09:51:38.934030816,99941.0,75.0,99940.0,322.0
2019-06-28 09:51:38.935447832,99941.0,75.0,99940.0,197.0
2019-06-28 09:51:38.935447833,99941.0,197.0,99940.0,197.0
2019-06-28 09:51:38.935447834,99941.0,197.0,99940.0,197.0
2019-06-28 09:51:38.935447836,99941.0,197.0,99940.0,319.0
2019-06-28 09:51:38.935447837,99941.0,197.0,99940.0,319.0
2019-06-28 09:51:38.936432619,99941.0,197.0,99940.0,316.0
2019-06-28 09:51:38.936691801,99941.0,197.0,99940.0,313.0
2019-06-28 09:51:38.938220713,99941.0,197.0,99940.0,308.0
2019-06-28 09:51:38.938339834,99941.0,197.0,99940.0,208.0
2019-06-28 09:51:38.938468253,99941.0,197.0,99940.0,206.0
2019-06-28 09:51:38.940388820,99941.0,197.0,99940.0,205.0
2019-06-28 09:51:38.942270504,99941.0,197.0,99940.0,202.0
2019-06-28 09:51:38.942586644,99941.0,197.0,99940.0,198.0
2019-06-28 09:51:38.943004673,99941.0,197.0,99940.0,194.0
2019-06-28 09:51:38.943298500,99941.0,197.0,99940.0,189.0
2019-06-28 09:51:38.943328883,99941.0,197.0,99940.0,182.0
2019-06-28 09:51:38.944882469,99941.0,197.0,99940.0,173.0
2019-06-28 09:51:38.944901161,99941.0,197.0,99940.0,172.0
2019-06-28 09:51:38.945216479,99941.0,197.0,99940.0,165.0
2019-06-28 09:51:38.946498848,99941.0,197.0,99940.0,161.0
2019-06-28 09:51:38.947365168,99941.0,197.0,99940.0,160.0
2019-06-28 09:51:38.947773663,99941.0,197.0,99940.0,154.0
2019-06-28 09:51:38.948105726,99941.0,197.0,99940.0,146.0
2019-06-28 09:51:38.948211246,99941.0,197.0,99940.0,145.0
2019-06-28 09:51:38.948591422,99941.0,197.0,99940.0,144.0
2019-06-28 09:51:38.948835481,99941.0,197.0,99940.0,143.0
2019-06-28 09:51:38.948849019,99941.0,197.0,99940.0,138.0
2019-06-28 09:51:38.951105056,99941.0,197.0,99940.0,130.0
2019-06-28 09:51:38.951816750,99941.0,197.0,99940.0,123.0
2019-06-28 09:51:52.048611442,99941.0,197.0,99940.0,23.0
2019-06-28 09:51:52.052720614,99941.0,197.0,99940.0,20.0
2019-06-28 09:51:52.054137626,99941.0,319.0,99940.0,20.0
2019-06-28 09:51:52.054137628,99941.0,319.0,99940.0,20.0
2019-06-28 09:51:52.054137630,99941.0,197.0,99940.0,142.0
2019-06-28 09:51:52.054137631,99941.0,197.0,99940.0,122.0
2019-06-28 09:51:52.055122407,99941.0,197.0,99940.0,119.0
2019-06-28 09:51:52.055381593,99941.0,197.0,99940.0,116.0
2019-06-28 09:51:52.056910506,99941.0,197.0,99940.0,111.0
2019-06-28 09:51:52.057158053,99941.0,197.0,99940.0,109.0
2019-06-28 09:51:52.059078610,99941.0,197.0,99940.0,108.0
2019-06-28 09:51:52.060960299,99941.0,197.0,99940.0,105.0
2019-06-28 09:51:52.061276437,99941.0,197.0,99940.0,101.0
2019-06-28 09:51:52.061694463,99941.0,197.0,99940.0,97.0
2019-06-28 09:51:52.061988298,99941.0,197.0,99940.0,92.0
2019-06-28 09:51:52.062018675,99941.0,197.0,99940.0,85.0
2019-06-28 09:51:52.063572266,99941.0,197.0,99940.0,76.0
2019-06-28 09:51:52.063590947,99941.0,197.0,99940.0,75.0
2019-06-28 09:51:52.063906270,99941.0,197.0,99940.0,68.0
2019-06-28 09:51:52.065188642,99941.0,197.0,99940.0,64.0
2019-06-28 09:51:52.066054959,99941.0,197.0,99940.0,63.0
2019-06-28 09:51:52.066463461,99941.0,197.0,99940.0,57.0
2019-06-28 09:51:52.066795523,99941.0,197.0,99940.0,49.0
2019-06-28 09:51:52.066901041,99941.0,197.0,99940.0,48.0
2019-06-28 09:51:52.067281209,99941.0,197.0,99940.0,47.0
2019-06-28 09:51:52.067525274,99941.0,197.0,99940.0,46.0
2019-06-28 09:51:52.067538816,99941.0,197.0,99940.0,41.0
2019-06-28 09:51:52.069794845,99941.0,197.0,99940.0,33.0
2019-06-28 09:51:52.070506539,99941.0,197.0,99940.0,26.0
2019-06-28 09:51:53.268635242,99940.0,74.0,99925.0,218.0
2019-06-28 09:52:07.160096989,99940.0,74.0,99925.0,218.0
2019-06-28 09:52:07.164206160,99940.0,74.0,99925.0,215.0
2019-06-28 09:52:07.165623176,99940.0,74.0,99925.0,215.0
2019-06-28 09:52:07.165623177,99940.0,74.0,99925.0,251.0
2019-06-28 09:52:07.165623178,99940.0,228.0,99925.0,251.0
2019-06-28 09:52:07.165623179,99940.0,228.0,99925.0,251.0
2019-06-28 09:52:07.166607952,99940.0,228.0,99925.0,248.0
2019-06-28 09:52:07.166867140,99940.0,228.0,99925.0,245.0
2019-06-28 09:52:07.168396056,99940.0,228.0,99925.0,240.0
2019-06-28 09:52:07.168643595,99940.0,228.0,99925.0,238.0
2019-06-28 09:52:07.170564156,99940.0,228.0,99925.0,237.0
2019-06-28 09:52:07.172445852,99940.0,228.0,99925.0,234.0
2019-06-28 09:52:07.172761982,99940.0,228.0,99925.0,230.0
2019-06-28 09:52:07.173180014,99940.0,228.0,99925.0,226.0
2019-06-28 09:52:07.173473845,99940.0,228.0,99925.0,221.0
2019-06-28 09:52:07.173504216,99940.0,228.0,99925.0,214.0
2019-06-28 09:52:07.175057812,99940.0,228.0,99925.0,205.0
2019-06-28 09:52:07.175076497,99940.0,228.0,99925.0,204.0
2019-06-28 09:52:07.175391819,99940.0,228.0,99925.0,197.0
2019-06-28 09:52:07.176674183,99940.0,228.0,99925.0,193.0
2019-06-28 09:52:07.177540505,99940.0,228.0,99925.0,192.0
2019-06-28 09:52:07.177949010,99940.0,228.0,99925.0,186.0
2019-06-28 09:52:07.178281068,99940.0,228.0,99925.0,178.0
2019-06-28 09:52:07.178386589,99940.0,228.0,99925.0,177.0
2019-06-28 09:52:07.178766763,99940.0,228.0,99925.0,176.0
2019-06-28 09:52:07.179010822,99940.0,228.0,99925.0,175.0
2019-06-28 09:52:07.179024357,99940.0,228.0,99925.0,170.0
2019-06-28 09:52:07.181280396,99940.0,228.0,99925.0,162.0
2019-06-28 09:52:07.181992087,99940.0,228.0,99925.0,155.0
2019-06-28 09:52:08.569014116,99940.0,228.0,99925.0,155.0
2019-06-28 09:52:24.787401257,99940.0,228.0,99925.0,155.0
2019-06-28 09:52:24.791510424,99940.0,228.0,99925.0,152.0
2019-06-28 09:52:24.792927446,99940.0,400.0,99925.0,152.0
2019-06-28 09:52:24.792927447,99940.0,246.0,99925.0,152.0
2019-06-28 09:52:24.792927449,99940.0,246.0,99925.0,172.0
2019-06-28 09:52:24.792927450,99940.0,246.0,99925.0,172.0
2019-06-28 09:52:24.793912224,99940.0,246.0,99925.0,169.0
2019-06-28 09:52:24.794171410,99940.0,246.0,99925.0,166.0
2019-06-28 09:52:24.795700320,99940.0,246.0,99925.0,161.0
2019-06-28 09:52:24.795947865,99940.0,246.0,99925.0,159.0
2019-06-28 09:52:24.797868431,99940.0,246.0,99925.0,158.0
2019-06-28 09:52:24.799750114,99940.0,246.0,99925.0,155.0
2019-06-28 09:52:24.800066252,99940.0,246.0,99925.0,151.0
2019-06-28 09:52:24.800484278,99940.0,246.0,99925.0,147.0
2019-06-28 09:52:24.800778110,99940.0,246.0,99925.0,142.0
2019-06-28 09:52:24.800808485,99940.0,246.0,99925.0,135.0
2019-06-28 09:52:24.802362079,99940.0,246.0,99925.0,126.0
2019-06-28 09:52:24.802380771,99940.0,246.0,99925.0,125.0
2019-06-28 09:52:24.802696085,99940.0,246.0,99925.0,118.0
2019-06-28 09:52:24.803978453,99940.0,246.0,99925.0,114.0
2019-06-28 09:52:24.804844775,99940.0,246.0,99925.0,113.0
2019-06-28 09:52:24.805253270,99940.0,246.0,99925.0,107.0
2019-06-28 09:52:24.805585330,99940.0,246.0,99925.0,99.0
2019-06-28 09:52:24.805690851,99940.0,246.0,99925.0,98.0
2019-06-28 09:52:24.806071030,99940.0,246.0,99925.0,97.0
2019-06-28 09:52:24.806315084,99940.0,246.0,99925.0,96.0
2019-06-28 09:52:24.806328632,99940.0,246.0,99925.0,91.0
2019-06-28 09:52:24.808584659,99940.0,246.0,99925.0,83.0
2019-06-28 09:52:24.809296360,99940.0,246.0,99925.0,76.0
2019-06-28 09:52:57.690453861,99940.0,246.0,99925.0,73.0
2019-06-28 09:52:57.691870878,99940.0,246.0,99925.0,312.0
2019-06-28 09:52:57.691870882,99940.0,386.0,99925.0,312.0
2019-06-28 09:52:57.692855662,99940.0,386.0,99925.0,309.0
2019-06-28 09:52:57.693114846,99940.0,386.0,99925.0,306.0
2019-06-28 09:52:57.694643758,99940.0,386.0,99925.0,301.0
2019-06-28 09:52:57.694891300,99940.0,386.0,99925.0,299.0
2019-06-28 09:52:57.696811859,99940.0,386.0,99925.0,298.0
2019-06-28 09:52:57.698693549,99940.0,386.0,99925.0,295.0
2019-06-28 09:52:57.699009689,99940.0,386.0,99925.0,291.0
2019-06-28 09:52:57.699427710,99940.0,386.0,99925.0,287.0
2019-06-28 09:52:57.699721547,99940.0,386.0,99925.0,282.0
2019-06-28 09:52:57.699751917,99940.0,386.0,99925.0,275.0
2019-06-28 09:52:57.701305511,99940.0,386.0,99925.0,266.0
2019-06-28 09:52:57.701324198,99940.0,386.0,99925.0,265.0
2019-06-28 09:52:57.701639527,99940.0,386.0,99925.0,258.0
2019-06-28 09:52:57.702921891,99940.0,386.0,99925.0,254.0
2019-06-28 09:52:57.703788205,99940.0,386.0,99925.0,253.0
2019-06-28 09:52:57.704196706,99940.0,386.0,99925.0,247.0
2019-06-28 09:52:57.704528766,99940.0,386.0,99925.0,239.0
2019-06-28 09:52:57.704634291,99940.0,386.0,99925.0,238.0
2019-06-28 09:52:57.705014463,99940.0,386.0,99925.0,237.0
2019-06-28 09:52:57.705258526,99940.0,386.0,99925.0,236.0
2019-06-28 09:52:57.705272062,99940.0,386.0,99925.0,231.0
2019-06-28 09:52:57.707528091,99940.0,386.0,99925.0,223.0
2019-06-28 09:52:57.708239790,99940.0,386.0,99925.0,216.0
2019-06-28 09:53:08.247769958,99940.0,386.0,99925.0,213.0
2019-06-28 09:53:08.249186974,99940.0,74.0,99924.0,100.0
2019-06-28 09:53:08.249186976,99940.0,74.0,99925.0,90.0
2019-06-28 09:53:08.249186977,99940.0,164.0,99925.0,90.0
2019-06-28 09:53:08.250171753,99940.0,164.0,99925.0,87.0
2019-06-28 09:53:08.250430939,99940.0,164.0,99925.0,84.0
2019-06-28 09:53:08.251959852,99940.0,164.0,99925.0,79.0
2019-06-28 09:53:08.252207392,99940.0,164.0,99925.0,77.0
2019-06-28 09:53:08.254127960,99940.0,164.0,99925.0,76.0
2019-06-28 09:53:08.255131322,99940.0,164.0,99925.0,76.0
2019-06-28 09:53:08.256009643,99940.0,164.0,99925.0,73.0
2019-06-28 09:53:08.256325786,99940.0,164.0,99925.0,69.0
2019-06-28 09:53:08.256743814,99940.0,164.0,99925.0,65.0
2019-06-28 09:53:08.257037647,99940.0,164.0,99925.0,60.0
2019-06-28 09:53:08.257068021,99940.0,164.0,99925.0,53.0
2019-06-28 09:53:08.258621608,99940.0,164.0,99925.0,44.0
2019-06-28 09:53:08.258640300,99940.0,164.0,99925.0,43.0
2019-06-28 09:53:08.258955622,99940.0,164.0,99925.0,36.0
2019-06-28 09:53:08.260237990,99940.0,164.0,99925.0,32.0
2019-06-28 09:53:08.261104305,99940.0,164.0,99925.0,31.0
2019-06-28 09:53:08.261512801,99940.0,164.0,99925.0,25.0
2019-06-28 09:53:08.261844867,99940.0,164.0,99925.0,17.0
2019-06-28 09:53:08.261950385,99940.0,164.0,99925.0,16.0
2019-06-28 09:53:08.262330557,99940.0,164.0,99925.0,15.0
2019-06-28 09:53:08.262574622,99940.0,164.0,99925.0,14.0
2019-06-28 09:53:08.262588162,99940.0,164.0,99925.0,9.0
2019-06-28 09:53:08.264844195,99940.0,164.0,99925.0,1.0
2019-06-28 09:53:08.265555886,99925.0,6.0,99924.0,190.0
2019-06-28 09:53:09.072299068,99925.0,6.0,99924.0,190.0
2019-06-28 09:53:43.365979270,99925.0,6.0,99924.0,90.0
2019-06-28 09:53:43.370088442,99925.0,6.0,99924.0,87.0
2019-06-28 09:53:43.371505457,99925.0,6.0,99912.0,100.0
2019-06-28 09:53:43.371505458,99925.0,175.0,99924.0,169.0
2019-06-28 09:53:43.372490235,99925.0,175.0,99924.0,166.0
2019-06-28 09:53:43.372749421,99925.0,175.0,99924.0,163.0
2019-06-28 09:53:43.374278334,99925.0,175.0,99924.0,158.0
2019-06-28 09:53:43.374525874,99925.0,175.0,99924.0,156.0
2019-06-28 09:53:43.376446442,99925.0,175.0,99924.0,155.0
2019-06-28 09:53:43.378328127,99925.0,175.0,99924.0,152.0
2019-06-28 09:53:43.378644265,99925.0,175.0,99924.0,148.0
2019-06-28 09:53:43.379062291,99925.0,175.0,99924.0,144.0
2019-06-28 09:53:43.379356127,99925.0,175.0,99924.0,139.0
2019-06-28 09:53:43.379386497,99925.0,175.0,99924.0,132.0
2019-06-28 09:53:43.380940093,99925.0,175.0,99924.0,123.0
2019-06-28 09:53:43.380958782,99925.0,175.0,99924.0,122.0
2019-06-28 09:53:43.381274101,99925.0,175.0,99924.0,115.0
2019-06-28 09:53:43.382556466,99925.0,175.0,99924.0,111.0
2019-06-28 09:53:43.383422785,99925.0,175.0,99924.0,110.0
2019-06-28 09:53:43.383831285,99925.0,175.0,99924.0,104.0
2019-06-28 09:53:43.384163343,99925.0,175.0,99924.0,96.0
2019-06-28 09:53:43.384268866,99925.0,175.0,99924.0,95.0
2019-06-28 09:53:43.384649040,99925.0,175.0,99924.0,94.0
2019-06-28 09:53:43.384893101,99925.0,175.0,99924.0,93.0
2019-06-28 09:53:43.384906644,99925.0,175.0,99924.0,88.0
2019-06-28 09:53:43.387162680,99925.0,175.0,99924.0,80.0
2019-06-28 09:53:43.387874371,99925.0,175.0,99924.0,73.0
2019-06-28 09:53:47.046699152,99925.0,175.0,99924.0,73.0
2019-06-28 09:53:47.904050854,99925.0,175.0,99924.0,73.0
2019-06-28 09:53:59.238589725,99925.0,175.0,99924.0,70.0
2019-06-28 09:53:59.240006742,99925.0,358.0,99924.0,70.0
2019-06-28 09:53:59.240006743,99925.0,358.0,99924.0,70.0
2019-06-28 09:53:59.240006745,99925.0,189.0,99924.0,183.0
2019-06-28 09:53:59.240006746,99925.0,189.0,99924.0,183.0
2019-06-28 09:53:59.240870125,99925.0,189.0,99924.0,183.0
2019-06-28 09:53:59.240991521,99925.0,189.0,99924.0,180.0
2019-06-28 09:53:59.241250707,99925.0,189.0,99924.0,177.0
2019-06-28 09:53:59.242779619,99925.0,189.0,99924.0,172.0
2019-06-28 09:53:59.243027160,99925.0,189.0,99924.0,170.0
2019-06-28 09:53:59.244947726,99925.0,189.0,99924.0,169.0
2019-06-28 09:53:59.246829412,99925.0,189.0,99924.0,166.0
2019-06-28 09:53:59.247145546,99925.0,189.0,99924.0,162.0
2019-06-28 09:53:59.247563577,99925.0,189.0,99924.0,158.0
2019-06-28 09:53:59.247857408,99925.0,189.0,99924.0,153.0
2019-06-28 09:53:59.247887785,99925.0,189.0,99924.0,146.0
2019-06-28 09:53:59.249441375,99925.0,189.0,99924.0,137.0
2019-06-28 09:53:59.249460063,99925.0,189.0,99924.0,136.0
2019-06-28 09:53:59.249775382,99925.0,189.0,99924.0,129.0
2019-06-28 09:53:59.251057756,99925.0,189.0,99924.0,125.0
2019-06-28 09:53:59.251924070,99925.0,189.0,99924.0,124.0
2019-06-28 09:53:59.252332570,99925.0,189.0,99924.0,118.0
2019-06-28 09:53:59.252664628,99925.0,189.0,99924.0,110.0
2019-06-28 09:53:59.252770148,99925.0,189.0,99924.0,109.0
2019-06-28 09:53:59.253150321,99925.0,189.0,99924.0,108.0
2019-06-28 09:53:59.253394381,99925.0,189.0,99924.0,107.0
2019-06-28 09:53:59.253407926,99925.0,189.0,99924.0,102.0
2019-06-28 09:53:59.255663962,99925.0,189.0,99924.0,94.0
2019-06-28 09:53:59.256375655,99925.0,189.0,99924.0,87.0
2019-06-28 09:53:59.355189465,99924.0,13.0,99912.0,283.0
2019-06-28 09:54:10.050208434,99924.0,13.0,99912.0,283.0
2019-06-28 09:54:10.051651221,99924.0,13.0,99912.0,280.0
2019-06-28 09:54:10.053068238,99924.0,13.0,99912.0,575.0
2019-06-28 09:54:10.053068239,99924.0,491.0,99912.0,575.0
2019-06-28 09:54:10.054053014,99924.0,491.0,99912.0,572.0
2019-06-28 09:54:10.054312200,99924.0,491.0,99912.0,569.0
2019-06-28 09:54:10.055841112,99924.0,491.0,99912.0,564.0
2019-06-28 09:54:10.056088655,99924.0,491.0,99912.0,562.0
2019-06-28 09:54:10.058009219,99924.0,491.0,99912.0,561.0
2019-06-28 09:54:10.059890902,99924.0,491.0,99912.0,558.0
2019-06-28 09:54:10.060207044,99924.0,491.0,99912.0,554.0
2019-06-28 09:54:10.060625072,99924.0,491.0,99912.0,550.0
2019-06-28 09:54:10.060918908,99924.0,491.0,99912.0,545.0
2019-06-28 09:54:10.060949282,99924.0,491.0,99912.0,538.0
2019-06-28 09:54:10.062502867,99924.0,491.0,99912.0,529.0
2019-06-28 09:54:10.062521559,99924.0,491.0,99912.0,528.0
2019-06-28 09:54:10.062836881,99924.0,491.0,99912.0,521.0
2019-06-28 09:54:10.064119245,99924.0,491.0,99912.0,517.0
2019-06-28 09:54:10.064985563,99924.0,491.0,99912.0,516.0
2019-06-28 09:54:10.065394068,99924.0,491.0,99912.0,510.0
2019-06-28 09:54:10.065726126,99924.0,491.0,99912.0,502.0
2019-06-28 09:54:10.065831648,99924.0,491.0,99912.0,501.0
2019-06-28 09:54:10.066211819,99924.0,491.0,99912.0,500.0
2019-06-28 09:54:10.066455876,99924.0,491.0,99912.0,499.0
2019-06-28 09:54:10.066469418,99924.0,491.0,99912.0,494.0
2019-06-28 09:54:10.068725458,99924.0,491.0,99912.0,486.0
2019-06-28 09:54:10.069437151,99924.0,491.0,99912.0,479.0
2019-06-28 09:54:41.683275500,99924.0,491.0,99912.0,379.0
2019-06-28 09:54:41.687384673,99924.0,491.0,99912.0,376.0
2019-06-28 09:54:41.688801687,99924.0,491.0,99912.0,376.0
2019-06-28 09:54:41.688801689,99924.0,715.0,99912.0,376.0
2019-06-28 09:54:41.688801690,99924.0,237.0,99911.0,324.0
2019-06-28 09:54:41.688801691,99924.0,237.0,99912.0,224.0
2019-06-28 09:54:41.689786472,99924.0,237.0,99912.0,221.0
2019-06-28 09:54:41.690045652,99924.0,237.0,99912.0,218.0
2019-06-28 09:54:41.691574562,99924.0,237.0,99912.0,213.0
2019-06-28 09:54:41.691822103,99924.0,237.0,99912.0,211.0
2019-06-28 09:54:41.693742669,99924.0,237.0,99912.0,210.0
2019-06-28 09:54:41.695624363,99924.0,237.0,99912.0,207.0
2019-06-28 09:54:41.695940496,99924.0,237.0,99912.0,203.0
2019-06-28 09:54:41.696358521,99924.0,237.0,99912.0,199.0
2019-06-28 09:54:41.696652359,99924.0,237.0,99912.0,194.0
2019-06-28 09:54:41.696682731,99924.0,237.0,99912.0,187.0
2019-06-28 09:54:41.698236327,99924.0,237.0,99912.0,178.0
2019-06-28 09:54:41.698255008,99924.0,237.0,99912.0,177.0
2019-06-28 09:54:41.698570333,99924.0,237.0,99912.0,170.0
2019-06-28 09:54:41.699852703,99924.0,237.0,99912.0,166.0
2019-06-28 09:54:41.700719017,99924.0,237.0,99912.0,165.0
2019-06-28 09:54:41.701127523,99924.0,237.0,99912.0,159.0
2019-06-28 09:54:41.701459576,99924.0,237.0,99912.0,151.0
2019-06-28 09:54:41.701565093,99924.0,237.0,99912.0,150.0
2019-06-28 09:54:41.701945267,99924.0,237.0,99912.0,149.0
2019-06-28 09:54:41.702189332,99924.0,237.0,99912.0,148.0
2019-06-28 09:54:41.702202871,99924.0,237.0,99912.0,143.0
2019-06-28 09:54:41.704458910,99924.0,237.0,99912.0,135.0
2019-06-28 09:54:41.705170596,99924.0,237.0,99912.0,128.0
2019-06-28 09:55:00.890324851,99924.0,237.0,99912.0,125.0
2019-06-28 09:55:00.891741862,99924.0,182.0,99912.0,125.0
2019-06-28 09:55:00.891741864,99924.0,182.0,99912.0,169.0
2019-06-28 09:55:00.891741865,99924.0,182.0,99912.0,169.0
2019-06-28 09:55:00.891741867,99924.0,182.0,99912.0,169.0
2019-06-28 09:55:00.892726645,99924.0,182.0,99912.0,166.0
2019-06-28 09:55:00.892985833,99924.0,182.0,99912.0,163.0
2019-06-28 09:55:00.894514740,99924.0,182.0,99912.0,158.0
2019-06-28 09:55:00.894762283,99924.0,182.0,99912.0,156.0
2019-06-28 09:55:00.896682843,99924.0,182.0,99912.0,155.0
2019-06-28 09:55:00.898564536,99924.0,182.0,99912.0,152.0
2019-06-28 09:55:00.898880671,99924.0,182.0,99912.0,148.0
2019-06-28 09:55:00.899298700,99924.0,182.0,99912.0,144.0
2019-06-28 09:55:00.899592532,99924.0,182.0,99912.0,139.0
2019-06-28 09:55:00.899622908,99924.0,182.0,99912.0,132.0
2019-06-28 09:55:00.901176498,99924.0,182.0,99912.0,123.0
2019-06-28 09:55:00.901195185,99924.0,182.0,99912.0,122.0
2019-06-28 09:55:00.901510511,99924.0,182.0,99912.0,115.0
2019-06-28 09:55:00.902792873,99924.0,182.0,99912.0,111.0
2019-06-28 09:55:00.903659193,99924.0,182.0,99912.0,110.0
2019-06-28 09:55:00.904067694,99924.0,182.0,99912.0,104.0
2019-06-28 09:55:00.904399754,99924.0,182.0,99912.0,96.0
2019-06-28 09:55:00.904505276,99924.0,182.0,99912.0,95.0
2019-06-28 09:55:00.904690782,99912.0,5.0,99911.0,264.0
2019-06-28 09:55:00.904885446,99912.0,6.0,99911.0,264.0
2019-06-28 09:55:00.905129509,99912.0,7.0,99911.0,264.0
2019-06-28 09:55:00.905143053,99912.0,12.0,99911.0,264.0
2019-06-28 09:55:00.907399083,99912.0,20.0,99911.0,264.0
2019-06-28 09:55:00.908110774,99912.0,27.0,99911.0,264.0
2019-06-28 09:55:05.113400733,99912.0,27.0,99911.0,164.0
2019-06-28 09:55:09.283833063,99912.0,27.0,99911.0,64.0
2019-06-28 09:55:25.006852528,99911.0,36.0,99888.0,264.0
2019-06-28 09:55:25.010961701,99911.0,36.0,99888.0,261.0
2019-06-28 09:55:25.012378711,99911.0,36.0,99888.0,387.0
2019-06-28 09:55:25.012378712,99911.0,36.0,99888.0,387.0
2019-06-28 09:55:25.012378713,99911.0,36.0,99888.0,387.0
2019-06-28 09:55:25.012378715,99911.0,162.0,99888.0,223.0
2019-06-28 09:55:25.013363491,99911.0,162.0,99888.0,220.0
2019-06-28 09:55:25.013622677,99911.0,162.0,99888.0,217.0
2019-06-28 09:55:25.015151592,99911.0,162.0,99888.0,212.0
2019-06-28 09:55:25.015399136,99911.0,162.0,99888.0,210.0
2019-06-28 09:55:25.017319697,99911.0,162.0,99888.0,209.0
2019-06-28 09:55:25.019201388,99911.0,162.0,99888.0,206.0
2019-06-28 09:55:25.019517521,99911.0,162.0,99888.0,202.0
2019-06-28 09:55:25.019935551,99911.0,162.0,99888.0,198.0
2019-06-28 09:55:25.020229384,99911.0,162.0,99888.0,193.0
2019-06-28 09:55:25.020259758,99911.0,162.0,99888.0,186.0
2019-06-28 09:55:25.021813356,99911.0,162.0,99888.0,177.0
2019-06-28 09:55:25.021832035,99911.0,162.0,99888.0,176.0
2019-06-28 09:55:25.022147361,99911.0,162.0,99888.0,169.0
2019-06-28 09:55:25.023429723,99911.0,162.0,99888.0,165.0
2019-06-28 09:55:25.024296046,99911.0,162.0,99888.0,164.0
2019-06-28 09:55:25.024704543,99911.0,162.0,99888.0,158.0
2019-06-28 09:55:25.025036602,99911.0,162.0,99888.0,150.0
2019-06-28 09:55:25.025142125,99911.0,162.0,99888.0,149.0
2019-06-28 09:55:25.025522300,99911.0,162.0,99888.0,148.0
2019-06-28 09:55:25.025766360,99911.0,162.0,99888.0,147.0
2019-06-28 09:55:25.025779901,99911.0,162.0,99888.0,142.0
2019-06-28 09:55:25.028035930,99911.0,162.0,99888.0,134.0
2019-06-28 09:55:25.028747622,99911.0,162.0,99888.0,127.0
2019-06-28 09:55:31.973344905,99911.0,162.0,99888.0,27.0
2019-06-28 09:55:36.948853691,99911.0,162.0,99888.0,24.0
2019-06-28 09:55:36.950270703,99911.0,162.0,99888.0,24.0
2019-06-28 09:55:36.950270704,99911.0,162.0,99888.0,97.0
2019-06-28 09:55:36.950270705,99911.0,162.0,99888.0,97.0
2019-06-28 09:55:36.950270706,99911.0,162.0,99888.0,73.0
2019-06-28 09:55:36.950270707,99911.0,109.0,99888.0,73.0
2019-06-28 09:55:36.951255484,99911.0,109.0,99888.0,70.0
2019-06-28 09:55:36.951514673,99911.0,109.0,99888.0,67.0
2019-06-28 09:55:36.953043582,99911.0,109.0,99888.0,62.0
2019-06-28 09:55:36.953291126,99911.0,109.0,99888.0,60.0
2019-06-28 09:55:36.955211685,99911.0,109.0,99888.0,59.0
2019-06-28 09:55:36.957093373,99911.0,109.0,99888.0,56.0
2019-06-28 09:55:36.957409511,99911.0,109.0,99888.0,52.0
2019-06-28 09:55:36.957827542,99911.0,109.0,99888.0,48.0
2019-06-28 09:55:36.958121372,99911.0,109.0,99888.0,43.0
2019-06-28 09:55:36.958151744,99911.0,109.0,99888.0,36.0
2019-06-28 09:55:36.958584291,99888.0,64.0,99884.0,173.0
2019-06-28 09:55:36.959705343,99888.0,73.0,99884.0,173.0
2019-06-28 09:55:36.959724029,99888.0,74.0,99884.0,173.0
2019-06-28 09:55:36.960039345,99888.0,81.0,99884.0,173.0
2019-06-28 09:55:36.961321720,99888.0,85.0,99884.0,173.0
2019-06-28 09:55:36.962188034,99888.0,86.0,99884.0,173.0
2019-06-28 09:55:36.962596541,99888.0,92.0,99884.0,173.0
2019-06-28 09:55:36.962928599,99888.0,100.0,99884.0,173.0
2019-06-28 09:55:36.963034117,99888.0,101.0,99884.0,173.0
2019-06-28 09:55:36.963414293,99888.0,102.0,99884.0,173.0
2019-06-28 09:55:36.963658349,99888.0,103.0,99884.0,173.0
2019-06-28 09:55:36.963671888,99888.0,108.0,99884.0,173.0
2019-06-28 09:55:36.965927922,99888.0,116.0,99884.0,173.0
2019-06-28 09:55:36.966639618,99888.0,123.0,99884.0,173.0
2019-06-28 09:55:47.092031193,99888.0,123.0,99884.0,73.0
2019-06-28 09:55:47.096140364,99888.0,123.0,99884.0,70.0
2019-06-28 09:55:47.097557378,99888.0,123.0,99884.0,70.0
2019-06-28 09:55:47.097557379,99888.0,123.0,99873.0,265.0
2019-06-28 09:55:47.097557380,99888.0,293.0,99873.0,265.0
2019-06-28 09:55:47.097557381,99888.0,293.0,99884.0,170.0
2019-06-28 09:55:47.098542161,99888.0,293.0,99884.0,167.0
2019-06-28 09:55:47.098801345,99888.0,293.0,99884.0,164.0
2019-06-28 09:55:47.100330257,99888.0,293.0,99884.0,159.0
2019-06-28 09:55:47.100577804,99888.0,293.0,99884.0,157.0
2019-06-28 09:55:47.102498360,99888.0,293.0,99884.0,156.0
2019-06-28 09:55:47.104380048,99888.0,293.0,99884.0,153.0
2019-06-28 09:55:47.104696187,99888.0,293.0,99884.0,149.0
2019-06-28 09:55:47.105114212,99888.0,293.0,99884.0,145.0
2019-06-28 09:55:47.105408048,99888.0,293.0,99884.0,140.0
2019-06-28 09:55:47.105438423,99888.0,293.0,99884.0,133.0
2019-06-28 09:55:47.106992016,99888.0,293.0,99884.0,124.0
2019-06-28 09:55:47.107010708,99888.0,293.0,99884.0,123.0
2019-06-28 09:55:47.107326022,99888.0,293.0,99884.0,116.0
2019-06-28 09:55:47.108608391,99888.0,293.0,99884.0,112.0
2019-06-28 09:55:47.109474709,99888.0,293.0,99884.0,111.0
2019-06-28 09:55:47.109883207,99888.0,293.0,99884.0,105.0
2019-06-28 09:55:47.110215269,99888.0,293.0,99884.0,97.0
2019-06-28 09:55:47.110320794,99888.0,293.0,99884.0,96.0
2019-06-28 09:55:47.110700966,99888.0,293.0,99884.0,95.0
2019-06-28 09:55:47.110945028,99888.0,293.0,99884.0,94.0
2019-06-28 09:55:47.110958562,99888.0,293.0,99884.0,89.0
2019-06-28 09:55:47.113214600,99888.0,293.0,99884.0,81.0
2019-06-28 09:55:47.113926287,99888.0,293.0,99884.0,74.0
2019-06-28 09:56:05.615297579,99888.0,293.0,99884.0,71.0
2019-06-28 09:56:05.616714601,99888.0,521.0,99884.0,71.0
2019-06-28 09:56:05.616714603,99888.0,521.0,99873.0,100.0
2019-06-28 09:56:05.616714604,99888.0,351.0,99884.0,228.0
2019-06-28 09:56:05.616714605,99888.0,351.0,99884.0,228.0
2019-06-28 09:56:05.617699380,99888.0,351.0,99884.0,225.0
2019-06-28 09:56:05.617958565,99888.0,351.0,99884.0,222.0
2019-06-28 09:56:05.619487476,99888.0,351.0,99884.0,217.0
2019-06-28 09:56:05.619735017,99888.0,351.0,99884.0,215.0
2019-06-28 09:56:05.621655584,99888.0,351.0,99884.0,214.0
2019-06-28 09:56:05.623537270,99888.0,351.0,99884.0,211.0
2019-06-28 09:56:05.623853406,99888.0,351.0,99884.0,207.0
2019-06-28 09:56:05.624271437,99888.0,351.0,99884.0,203.0
2019-06-28 09:56:05.624565269,99888.0,351.0,99884.0,198.0
2019-06-28 09:56:05.624595642,99888.0,351.0,99884.0,191.0
2019-06-28 09:56:05.626149234,99888.0,351.0,99884.0,182.0
2019-06-28 09:56:05.626167920,99888.0,351.0,99884.0,181.0
2019-06-28 09:56:05.626483247,99888.0,351.0,99884.0,174.0
2019-06-28 09:56:05.627765616,99888.0,351.0,99884.0,170.0
2019-06-28 09:56:05.628631928,99888.0,351.0,99884.0,169.0
2019-06-28 09:56:05.629040433,99888.0,351.0,99884.0,163.0
2019-06-28 09:56:05.629372489,99888.0,351.0,99884.0,155.0
2019-06-28 09:56:05.629478008,99888.0,351.0,99884.0,154.0
2019-06-28 09:56:05.629858186,99888.0,351.0,99884.0,153.0
2019-06-28 09:56:05.630102243,99888.0,351.0,99884.0,152.0
2019-06-28 09:56:05.630115782,99888.0,351.0,99884.0,147.0
2019-06-28 09:56:05.632371820,99888.0,351.0,99884.0,139.0
2019-06-28 09:56:05.632984999,99888.0,351.0,99884.0,39.0
2019-06-28 09:56:05.633083511,99888.0,351.0,99884.0,32.0
2019-06-28 09:56:39.792245077,99888.0,351.0,99884.0,29.0
2019-06-28 09:56:39.793662088,99888.0,351.0,99884.0,301.0
2019-06-28 09:56:39.793662089,99888.0,623.0,99884.0,301.0
2019-06-28 09:56:39.794646873,99888.0,395.0,99884.0,269.0
2019-06-28 09:56:39.794906058,99888.0,395.0,99884.0,266.0
2019-06-28 09:56:39.796434966,99888.0,395.0,99884.0,261.0
2019-06-28 09:56:39.796682506,99888.0,395.0,99884.0,259.0
2019-06-28 09:56:39.796886428,99888.0,395.0,99884.0,159.0
2019-06-28 09:56:39.798603075,99888.0,395.0,99884.0,158.0
2019-06-28 09:56:39.800484763,99888.0,395.0,99884.0,155.0
2019-06-28 09:56:39.800800897,99888.0,395.0,99884.0,151.0
2019-06-28 09:56:39.801218929,99888.0,395.0,99884.0,147.0
2019-06-28 09:56:39.801512763,99888.0,395.0,99884.0,142.0
2019-06-28 09:56:39.801543133,99888.0,395.0,99884.0,135.0
2019-06-28 09:56:39.803096725,99888.0,395.0,99884.0,126.0
2019-06-28 09:56:39.803115413,99888.0,395.0,99884.0,125.0
2019-06-28 09:56:39.803430738,99888.0,395.0,99884.0,118.0
2019-06-28 09:56:39.804713099,99888.0,395.0,99884.0,114.0
2019-06-28 09:56:39.805579418,99888.0,395.0,99884.0,113.0
2019-06-28 09:56:39.805987920,99888.0,395.0,99884.0,107.0
2019-06-28 09:56:39.806319981,99888.0,395.0,99884.0,99.0
2019-06-28 09:56:39.806425504,99888.0,395.0,99884.0,98.0
2019-06-28 09:56:39.806805672,99888.0,395.0,99884.0,97.0
2019-06-28 09:56:39.807049735,99888.0,395.0,99884.0,96.0
2019-06-28 09:56:39.807063278,99888.0,395.0,99884.0,91.0
2019-06-28 09:56:39.809319309,99888.0,395.0,99884.0,83.0
2019-06-28 09:56:39.810031001,99888.0,395.0,99884.0,76.0
2019-06-28 09:56:44.575283756,99884.0,24.0,99873.0,100.0
2019-06-28 09:57:06.791295892,99884.0,24.0,99873.0,97.0
2019-06-28 09:57:06.792712906,99884.0,90.0,99873.0,97.0
2019-06-28 09:57:06.792712907,99884.0,90.0,99873.0,97.0
2019-06-28 09:57:06.792712908,99884.0,90.0,99873.0,97.0
2019-06-28 09:57:06.792712909,99884.0,90.0,99873.0,163.0
2019-06-28 09:57:06.793697685,99884.0,90.0,99873.0,160.0
2019-06-28 09:57:06.793956872,99884.0,90.0,99873.0,157.0
2019-06-28 09:57:06.795485784,99884.0,90.0,99873.0,152.0
2019-06-28 09:57:06.795733327,99884.0,90.0,99873.0,150.0
2019-06-28 09:57:06.797653884,99884.0,90.0,99873.0,149.0
2019-06-28 09:57:06.799535572,99884.0,90.0,99873.0,146.0
2019-06-28 09:57:06.799851710,99884.0,90.0,99873.0,142.0
2019-06-28 09:57:06.800269743,99884.0,90.0,99873.0,138.0
2019-06-28 09:57:06.800563578,99884.0,90.0,99873.0,133.0
2019-06-28 09:57:06.800593947,99884.0,90.0,99873.0,126.0
2019-06-28 09:57:06.802147545,99884.0,90.0,99873.0,117.0
2019-06-28 09:57:06.802166232,99884.0,90.0,99873.0,116.0
2019-06-28 09:57:06.802481547,99884.0,90.0,99873.0,109.0
2019-06-28 09:57:06.802784561,99884.0,90.0,99873.0,9.0
2019-06-28 09:57:06.803763916,99884.0,90.0,99873.0,5.0
2019-06-28 09:57:06.804630237,99884.0,90.0,99873.0,4.0
2019-06-28 09:57:06.805038734,99873.0,2.0,99833.0,166.0
2019-06-28 09:57:06.805370799,99873.0,10.0,99833.0,166.0
2019-06-28 09:57:06.805476316,99873.0,11.0,99833.0,166.0
2019-06-28 09:57:06.805856485,99873.0,12.0,99833.0,166.0
2019-06-28 09:57:06.806100548,99873.0,13.0,99833.0,166.0
2019-06-28 09:57:06.806114093,99873.0,18.0,99833.0,166.0
2019-06-28 09:57:06.808370119,99873.0,26.0,99833.0,166.0
2019-06-28 09:57:06.809081817,99873.0,33.0,99833.0,166.0
2019-06-28 09:57:07.254982601,99873.0,33.0,99833.0,166.0
2019-06-28 09:57:12.103310959,99873.0,33.0,99833.0,166.0
2019-06-28 09:57:24.001636327,99873.0,33.0,99833.0,166.0
2019-06-28 09:57:24.003079109,99873.0,33.0,99833.0,163.0
2019-06-28 09:57:24.004496126,99873.0,33.0,99833.0,163.0
2019-06-28 09:57:24.004496127,99873.0,123.0,99833.0,163.0
2019-06-28 09:57:24.004496128,99873.0,123.0,99833.0,187.0
2019-06-28 09:57:24.005480909,99873.0,123.0,99833.0,184.0
2019-06-28 09:57:24.005740090,99873.0,123.0,99833.0,181.0
2019-06-28 09:57:24.007269002,99873.0,123.0,99833.0,176.0
2019-06-28 09:57:24.007516543,99873.0,123.0,99833.0,174.0
2019-06-28 09:57:24.009437104,99873.0,123.0,99833.0,173.0
2019-06-28 09:57:24.011318793,99873.0,123.0,99833.0,170.0
2019-06-28 09:57:24.011634932,99873.0,123.0,99833.0,166.0
2019-06-28 09:57:24.012052960,99873.0,123.0,99833.0,162.0
2019-06-28 09:57:24.012346793,99873.0,123.0,99833.0,157.0
2019-06-28 09:57:24.012377169,99873.0,123.0,99833.0,150.0
2019-06-28 09:57:24.013930759,99873.0,123.0,99833.0,141.0
2019-06-28 09:57:24.013949449,99873.0,123.0,99833.0,140.0
2019-06-28 09:57:24.014264768,99873.0,123.0,99833.0,133.0
2019-06-28 09:57:24.015547139,99873.0,123.0,99833.0,129.0
2019-06-28 09:57:24.016413453,99873.0,123.0,99833.0,128.0
2019-06-28 09:57:24.016821958,99873.0,123.0,99833.0,122.0
2019-06-28 09:57:24.017154012,99873.0,123.0,99833.0,114.0
2019-06-28 09:57:24.017259532,99873.0,123.0,99833.0,113.0
2019-06-28 09:57:24.017639704,99873.0,123.0,99833.0,112.0
2019-06-28 09:57:24.017883771,99873.0,123.0,99833.0,111.0
2019-06-28 09:57:24.017897309,99873.0,123.0,99833.0,106.0
2019-06-28 09:57:24.020153342,99873.0,123.0,99833.0,98.0
2019-06-28 09:57:24.020865036,99873.0,123.0,99833.0,91.0
2019-06-28 09:57:29.922628805,99873.0,123.0,99833.0,91.0
2019-06-28 09:57:51.465865461,99873.0,123.0,99833.0,91.0
2019-06-28 09:57:51.469974636,99873.0,123.0,99833.0,88.0
2019-06-28 09:57:51.471391645,99873.0,123.0,99833.0,88.0
2019-06-28 09:57:51.471391646,99873.0,201.0,99833.0,166.0
2019-06-28 09:57:51.471391648,99873.0,111.0,99833.0,166.0
2019-06-28 09:57:51.471391650,99873.0,111.0,99833.0,78.0
2019-06-28 09:57:51.472376428,99873.0,111.0,99833.0,75.0
2019-06-28 09:57:51.472635612,99873.0,111.0,99833.0,72.0
2019-06-28 09:57:51.474164527,99873.0,111.0,99833.0,67.0
2019-06-28 09:57:51.474412068,99873.0,111.0,99833.0,65.0
2019-06-28 09:57:51.476332631,99873.0,111.0,99833.0,64.0
2019-06-28 09:57:51.478214317,99873.0,111.0,99833.0,61.0
2019-06-28 09:57:51.478530461,99873.0,111.0,99833.0,57.0
2019-06-28 09:57:51.478948486,99873.0,111.0,99833.0,53.0
2019-06-28 09:57:51.479242318,99873.0,111.0,99833.0,48.0
2019-06-28 09:57:51.479272693,99873.0,111.0,99833.0,41.0
2019-06-28 09:57:51.480826285,99873.0,111.0,99833.0,32.0
2019-06-28 09:57:51.480844974,99873.0,111.0,99833.0,31.0
2019-06-28 09:57:51.481160293,99873.0,111.0,99833.0,24.0
2019-06-28 09:57:51.482442659,99873.0,111.0,99833.0,20.0
2019-06-28 09:57:51.483308976,99873.0,111.0,99833.0,19.0
2019-06-28 09:57:51.483717477,99873.0,111.0,99833.0,13.0
2019-06-28 09:57:51.484049534,99873.0,111.0,99833.0,5.0
2019-06-28 09:57:51.484155056,99873.0,111.0,99833.0,4.0
2019-06-28 09:57:51.484535228,99873.0,111.0,99833.0,3.0
2019-06-28 09:57:51.484779289,99873.0,111.0,99833.0,2.0
2019-06-28 09:57:51.484792832,99833.0,3.0,99736.0,178.0
2019-06-28 09:57:51.487048866,99833.0,11.0,99736.0,178.0
2019-06-28 09:57:51.487760559,99833.0,18.0,99736.0,178.0
2019-06-28 09:58:04.962987632,99833.0,18.0,99736.0,175.0
2019-06-28 09:58:04.964030832,99771.0,100.0,99736.0,175.0
2019-06-28 09:58:04.964404647,99771.0,100.0,99736.0,97.0
2019-06-28 09:58:04.964404648,99771.0,100.0,99736.0,203.0
2019-06-28 09:58:04.964404649,99771.0,100.0,99736.0,203.0
2019-06-28 09:58:04.964404650,99771.0,100.0,99736.0,203.0
2019-06-28 09:58:04.965389433,99771.0,100.0,99736.0,200.0
2019-06-28 09:58:04.965648618,99771.0,100.0,99736.0,197.0
2019-06-28 09:58:04.967177523,99771.0,100.0,99736.0,192.0
2019-06-28 09:58:04.967425066,99771.0,100.0,99736.0,190.0
2019-06-28 09:58:04.969345632,99771.0,100.0,99736.0,189.0
2019-06-28 09:58:04.971227318,99771.0,100.0,99736.0,186.0
2019-06-28 09:58:04.971543454,99771.0,100.0,99736.0,182.0
2019-06-28 09:58:04.971961486,99771.0,100.0,99736.0,178.0
2019-06-28 09:58:04.972255318,99771.0,100.0,99736.0,173.0
2019-06-28 09:58:04.972285690,99771.0,100.0,99736.0,166.0
2019-06-28 09:58:04.973839287,99771.0,100.0,99736.0,157.0
2019-06-28 09:58:04.973857970,99771.0,100.0,99736.0,156.0
2019-06-28 09:58:04.974173294,99771.0,100.0,99736.0,149.0
2019-06-28 09:58:04.975455665,99771.0,100.0,99736.0,145.0
2019-06-28 09:58:04.976321977,99771.0,100.0,99736.0,144.0
2019-06-28 09:58:04.976730478,99771.0,100.0,99736.0,138.0
2019-06-28 09:58:04.977062537,99771.0,100.0,99736.0,130.0
2019-06-28 09:58:04.977168058,99771.0,100.0,99736.0,129.0
2019-06-28 09:58:04.977548232,99771.0,100.0,99736.0,128.0
2019-06-28 09:58:04.977792296,99771.0,100.0,99736.0,127.0
2019-06-28 09:58:04.977805832,99771.0,100.0,99736.0,122.0
2019-06-28 09:58:04.980061868,99771.0,100.0,99736.0,114.0
2019-06-28 09:58:04.980773560,99771.0,100.0,99736.0,107.0
2019-06-28 09:58:13.082967600,99771.0,100.0,99736.0,7.0
2019-06-28 09:58:28.358816165,99771.0,100.0,99736.0,7.0
2019-06-28 09:58:28.360258952,99771.0,100.0,99736.0,4.0
2019-06-28 09:58:28.361675965,99771.0,100.0,99736.0,230.0
2019-06-28 09:58:28.361675966,99771.0,100.0,99736.0,226.0
2019-06-28 09:58:28.361675969,99771.0,326.0,99736.0,226.0
2019-06-28 09:58:28.362660749,99771.0,326.0,99736.0,223.0
2019-06-28 09:58:28.362919936,99771.0,326.0,99736.0,220.0
2019-06-28 09:58:28.364448846,99771.0,326.0,99736.0,215.0
2019-06-28 09:58:28.364696388,99771.0,326.0,99736.0,213.0
2019-06-28 09:58:28.366616952,99771.0,326.0,99736.0,212.0
2019-06-28 09:58:28.368498640,99771.0,326.0,99736.0,209.0
2019-06-28 09:58:28.368814781,99771.0,326.0,99736.0,205.0
2019-06-28 09:58:28.369232801,99771.0,326.0,99736.0,201.0
2019-06-28 09:58:28.369526634,99771.0,326.0,99736.0,196.0
2019-06-28 09:58:28.369557014,99771.0,326.0,99736.0,189.0
2019-06-28 09:58:28.371110606,99771.0,326.0,99736.0,180.0
2019-06-28 09:58:28.371129292,99771.0,326.0,99736.0,179.0
2019-06-28 09:58:28.371444613,99771.0,326.0,99736.0,172.0
2019-06-28 09:58:28.372726980,99771.0,326.0,99736.0,168.0
2019-06-28 09:58:28.373593299,99771.0,326.0,99736.0,167.0
2019-06-28 09:58:28.374001800,99771.0,326.0,99736.0,161.0
2019-06-28 09:58:28.374333860,99771.0,326.0,99736.0,153.0
2019-06-28 09:58:28.374439378,99771.0,326.0,99736.0,152.0
2019-06-28 09:58:28.374819556,99771.0,326.0,99736.0,151.0
2019-06-28 09:58:28.375063613,99771.0,326.0,99736.0,150.0
2019-06-28 09:58:28.375077157,99771.0,326.0,99736.0,145.0
2019-06-28 09:58:28.377333192,99771.0,326.0,99736.0,137.0
2019-06-28 09:58:28.378044881,99771.0,326.0,99736.0,130.0
2019-06-28 09:58:37.363956768,99771.0,326.0,99740.0,100.0
2019-06-28 09:58:41.895559722,99771.0,326.0,99756.0,100.0
2019-06-28 09:58:41.899668894,99771.0,326.0,99756.0,97.0
2019-06-28 09:58:41.901085908,99771.0,326.0,99756.0,322.0
2019-06-28 09:58:41.901085909,99771.0,100.0,99756.0,322.0
2019-06-28 09:58:41.901085910,99771.0,325.0,99756.0,322.0
2019-06-28 09:58:41.902070692,99771.0,325.0,99756.0,319.0
2019-06-28 09:58:41.902329873,99771.0,325.0,99756.0,316.0
2019-06-28 09:58:41.903858788,99771.0,325.0,99756.0,311.0
2019-06-28 09:58:41.904106328,99771.0,325.0,99756.0,309.0
2019-06-28 09:58:41.906026891,99771.0,325.0,99756.0,308.0
2019-06-28 09:58:41.907908583,99771.0,325.0,99756.0,305.0
2019-06-28 09:58:41.908224714,99771.0,325.0,99756.0,301.0
2019-06-28 09:58:41.908642743,99771.0,325.0,99756.0,297.0
2019-06-28 09:58:41.908936581,99771.0,325.0,99756.0,292.0
2019-06-28 09:58:41.908966949,99771.0,325.0,99756.0,285.0
2019-06-28 09:58:41.910520550,99771.0,325.0,99756.0,276.0
2019-06-28 09:58:41.910539229,99771.0,325.0,99756.0,275.0
2019-06-28 09:58:41.910854552,99771.0,325.0,99756.0,268.0
2019-06-28 09:58:41.912136921,99771.0,325.0,99756.0,264.0
2019-06-28 09:58:41.913003239,99771.0,325.0,99756.0,263.0
2019-06-28 09:58:41.913411741,99771.0,325.0,99756.0,257.0
2019-06-28 09:58:41.913743796,99771.0,325.0,99756.0,249.0
2019-06-28 09:58:41.913849319,99771.0,325.0,99756.0,248.0
2019-06-28 09:58:41.914229491,99771.0,325.0,99756.0,247.0
2019-06-28 09:58:41.914473548,99771.0,325.0,99756.0,246.0
2019-06-28 09:58:41.914487093,99771.0,325.0,99756.0,241.0
2019-06-28 09:58:41.916743127,99771.0,325.0,99756.0,233.0
2019-06-28 09:58:41.917454825,99771.0,325.0,99756.0,226.0
2019-06-28 09:59:02.796967564,99771.0,225.0,99756.0,226.0
2019-06-28 09:59:02.801076735,99771.0,225.0,99756.0,223.0
2019-06-28 09:59:02.802493752,99771.0,347.0,99756.0,345.0
2019-06-28 09:59:02.802493753,99771.0,122.0,99756.0,345.0
2019-06-28 09:59:02.802493754,99771.0,122.0,99756.0,345.0
2019-06-28 09:59:02.802493756,99771.0,122.0,99756.0,122.0
2019-06-28 09:59:02.803478533,99771.0,122.0,99756.0,119.0
2019-06-28 09:59:02.803737715,99771.0,122.0,99756.0,116.0
2019-06-28 09:59:02.805266629,99771.0,122.0,99756.0,111.0
2019-06-28 09:59:02.805514173,99771.0,122.0,99756.0,109.0
2019-06-28 09:59:02.807434734,99771.0,122.0,99756.0,108.0
2019-06-28 09:59:02.809316420,99771.0,122.0,99756.0,105.0
2019-06-28 09:59:02.809632557,99771.0,122.0,99756.0,101.0
2019-06-28 09:59:02.810050588,99771.0,122.0,99756.0,97.0
2019-06-28 09:59:02.810344420,99771.0,122.0,99756.0,92.0
2019-06-28 09:59:02.810374794,99771.0,122.0,99756.0,85.0
2019-06-28 09:59:02.811928391,99771.0,122.0,99756.0,76.0
2019-06-28 09:59:02.811947071,99771.0,122.0,99756.0,75.0
2019-06-28 09:59:02.812262396,99771.0,122.0,99756.0,68.0
2019-06-28 09:59:02.813544763,99771.0,122.0,99756.0,64.0
2019-06-28 09:59:02.814411083,99771.0,122.0,99756.0,63.0
2019-06-28 09:59:02.814819582,99771.0,122.0,99756.0,57.0
2019-06-28 09:59:02.815151639,99771.0,122.0,99756.0,49.0
2019-06-28 09:59:02.815257158,99771.0,122.0,99756.0,48.0
2019-06-28 09:59:02.815637336,99771.0,122.0,99756.0,47.0
2019-06-28 09:59:02.815881398,99771.0,122.0,99756.0,46.0
2019-06-28 09:59:02.815894934,99771.0,122.0,99756.0,41.0
2019-06-28 09:59:02.818150969,99771.0,122.0,99756.0,33.0
2019-06-28 09:59:02.818862661,99771.0,122.0,99756.0,26.0
2019-06-28 09:59:52.460550060,99771.0,22.0,99756.0,26.0
2019-06-28 09:59:52.464659233,99771.0,22.0,99756.0,23.0
2019-06-28 09:59:52.466076249,99771.0,127.0,99756.0,128.0
2019-06-28 09:59:52.466076250,99771.0,127.0,99756.0,105.0
2019-06-28 09:59:52.466076252,99771.0,105.0,99756.0,105.0
2019-06-28 09:59:52.467061027,99771.0,105.0,99756.0,102.0
2019-06-28 09:59:52.467320216,99771.0,105.0,99756.0,99.0
2019-06-28 09:59:52.468849128,99771.0,105.0,99756.0,94.0
2019-06-28 09:59:52.469096670,99771.0,105.0,99756.0,92.0
2019-06-28 09:59:52.471017230,99771.0,105.0,99756.0,91.0
2019-06-28 09:59:52.472898917,99771.0,105.0,99756.0,88.0
2019-06-28 09:59:52.473215054,99771.0,105.0,99756.0,84.0
2019-06-28 09:59:52.473633080,99771.0,105.0,99756.0,80.0
2019-06-28 09:59:52.473926920,99771.0,105.0,99756.0,75.0
2019-06-28 09:59:52.473957286,99771.0,105.0,99756.0,68.0
2019-06-28 09:59:52.475510886,99771.0,105.0,99756.0,59.0
2019-06-28 09:59:52.475529571,99771.0,105.0,99756.0,58.0
2019-06-28 09:59:52.475844891,99771.0,105.0,99756.0,51.0
2019-06-28 09:59:52.477127260,99771.0,105.0,99756.0,47.0
2019-06-28 09:59:52.477993571,99771.0,105.0,99756.0,46.0
2019-06-28 09:59:52.478402079,99771.0,105.0,99756.0,40.0
2019-06-28 09:59:52.478734139,99771.0,105.0,99756.0,32.0
2019-06-28 09:59:52.478839660,99771.0,105.0,99756.0,31.0
2019-06-28 09:59:52.479219829,99771.0,105.0,99756.0,30.0
2019-06-28 09:59:52.479463889,99771.0,105.0,99756.0,29.0
2019-06-28 09:59:52.479477430,99771.0,105.0,99756.0,24.0
2019-06-28 09:59:52.481733467,99771.0,105.0,99756.0,16.0
2019-06-28 09:59:52.482445156,99771.0,105.0,99756.0,9.0
2019-06-28 10:00:00.696705722,99771.0,5.0,99756.0,9.0
2019-06-28 10:00:10.395059649,99771.0,5.0,99756.0,6.0
2019-06-28 10:00:10.396476670,99771.0,5.0,99756.0,6.0
2019-06-28 10:00:10.396476671,99771.0,5.0,99740.0,205.0
2019-06-28 10:00:10.396476672,99771.0,5.0,99740.0,205.0
2019-06-28 10:00:10.396476673,99771.0,69.0,99756.0,64.0
2019-06-28 10:00:10.396476674,99771.0,64.0,99756.0,64.0
2019-06-28 10:00:10.397461446,99771.0,64.0,99756.0,61.0
2019-06-28 10:00:10.397720635,99771.0,64.0,99756.0,58.0
2019-06-28 10:00:10.399249549,99771.0,64.0,99756.0,53.0
2019-06-28 10:00:10.399497088,99771.0,64.0,99756.0,51.0
2019-06-28 10:00:10.401417654,99771.0,64.0,99756.0,50.0
2019-06-28 10:00:10.401957312,99771.0,64.0,99756.0,50.0
2019-06-28 10:00:10.403299339,99771.0,64.0,99756.0,47.0
2019-06-28 10:00:10.403615478,99771.0,64.0,99756.0,43.0
2019-06-28 10:00:10.404033509,99771.0,64.0,99756.0,39.0
2019-06-28 10:00:10.404327335,99771.0,64.0,99756.0,34.0
2019-06-28 10:00:10.404357714,99771.0,64.0,99756.0,27.0
2019-06-28 10:00:10.405911305,99771.0,64.0,99756.0,18.0
2019-06-28 10:00:10.405929993,99771.0,64.0,99756.0,17.0
2019-06-28 10:00:10.406245317,99771.0,64.0,99756.0,10.0
2019-06-28 10:00:10.407527678,99771.0,64.0,99756.0,6.0
2019-06-28 10:00:10.408393995,99771.0,64.0,99756.0,5.0
2019-06-28 10:00:10.408802500,99756.0,1.0,99740.0,164.0
2019-06-28 10:00:10.409134558,99756.0,9.0,99740.0,164.0
2019-06-28 10:00:10.409240083,99756.0,10.0,99740.0,164.0
2019-06-28 10:00:10.409620248,99756.0,11.0,99740.0,164.0
2019-06-28 10:00:10.409864315,99756.0,12.0,99740.0,164.0
2019-06-28 10:00:10.409877854,99756.0,17.0,99740.0,164.0
2019-06-28 10:00:10.412133885,99756.0,25.0,99740.0,164.0
2019-06-28 10:00:10.412845581,99756.0,32.0,99740.0,164.0
2019-06-28 10:00:22.471411625,99756.0,32.0,99740.0,161.0
2019-06-28 10:00:22.472828639,99756.0,352.0,99740.0,97.0
2019-06-28 10:00:22.472828641,99756.0,352.0,99740.0,417.0
2019-06-28 10:00:22.473813416,99756.0,352.0,99740.0,414.0
2019-06-28 10:00:22.474072605,99756.0,352.0,99740.0,411.0
2019-06-28 10:00:22.475601517,99756.0,352.0,99740.0,406.0
2019-06-28 10:00:22.475849061,99756.0,352.0,99740.0,404.0
2019-06-28 10:00:22.477769621,99756.0,352.0,99740.0,403.0
2019-06-28 10:00:22.479651311,99756.0,352.0,99740.0,400.0
2019-06-28 10:00:22.479967441,99756.0,352.0,99740.0,396.0
2019-06-28 10:00:22.480385477,99756.0,352.0,99740.0,392.0
2019-06-28 10:00:22.480679310,99756.0,352.0,99740.0,387.0
2019-06-28 10:00:22.480709681,99756.0,352.0,99740.0,380.0
2019-06-28 10:00:22.482263275,99756.0,352.0,99740.0,371.0
2019-06-28 10:00:22.482281960,99756.0,352.0,99740.0,370.0
2019-06-28 10:00:22.482597286,99756.0,352.0,99740.0,363.0
2019-06-28 10:00:22.482841857,99756.0,352.0,99740.0,363.0
2019-06-28 10:00:22.483879650,99756.0,352.0,99740.0,359.0
2019-06-28 10:00:22.484745970,99756.0,352.0,99740.0,358.0
2019-06-28 10:00:22.485154466,99756.0,352.0,99740.0,352.0
2019-06-28 10:00:22.485486523,99756.0,352.0,99740.0,344.0
2019-06-28 10:00:22.485592046,99756.0,352.0,99740.0,343.0
2019-06-28 10:00:22.485972224,99756.0,352.0,99740.0,342.0
2019-06-28 10:00:22.486216283,99756.0,352.0,99740.0,341.0
2019-06-28 10:00:22.486229820,99756.0,352.0,99740.0,336.0
2019-06-28 10:00:22.488485854,99756.0,352.0,99740.0,328.0
2019-06-28 10:00:22.489197547,99756.0,352.0,99740.0,321.0
2019-06-28 10:01:03.941828332,99756.0,352.0,99740.0,421.0
2019-06-28 10:01:03.945937499,99756.0,352.0,99740.0,418.0
2019-06-28 10:01:03.947354515,99756.0,352.0,99740.0,418.0
2019-06-28 10:01:03.947354516,99756.0,352.0,99740.0,516.0
2019-06-28 10:01:03.947354518,99756.0,32.0,99740.0,516.0
2019-06-28 10:01:03.947354519,99756.0,130.0,99740.0,198.0
2019-06-28 10:01:03.948339302,99756.0,130.0,99740.0,195.0
2019-06-28 10:01:03.948598482,99756.0,130.0,99740.0,192.0
2019-06-28 10:01:03.950127393,99756.0,130.0,99740.0,187.0
2019-06-28 10:01:03.950374936,99756.0,130.0,99740.0,185.0
2019-06-28 10:01:03.952295503,99756.0,130.0,99740.0,184.0
2019-06-28 10:01:03.954177186,99756.0,130.0,99740.0,181.0
2019-06-28 10:01:03.954493326,99756.0,130.0,99740.0,177.0
2019-06-28 10:01:03.954911357,99756.0,130.0,99740.0,173.0
2019-06-28 10:01:03.955205186,99756.0,130.0,99740.0,168.0
2019-06-28 10:01:03.955235564,99756.0,130.0,99740.0,161.0
2019-06-28 10:01:03.956789155,99756.0,130.0,99740.0,152.0
2019-06-28 10:01:03.956807839,99756.0,130.0,99740.0,151.0
2019-06-28 10:01:03.957123159,99756.0,130.0,99740.0,144.0
2019-06-28 10:01:03.958405527,99756.0,130.0,99740.0,140.0
2019-06-28 10:01:03.959271845,99756.0,130.0,99740.0,139.0
2019-06-28 10:01:03.959680352,99756.0,130.0,99740.0,133.0
2019-06-28 10:01:03.960012407,99756.0,130.0,99740.0,125.0
2019-06-28 10:01:03.960117930,99756.0,130.0,99740.0,124.0
2019-06-28 10:01:03.960498103,99756.0,130.0,99740.0,123.0
2019-06-28 10:01:03.960742165,99756.0,130.0,99740.0,122.0
2019-06-28 10:01:03.960755704,99756.0,130.0,99740.0,117.0
2019-06-28 10:01:03.963011738,99756.0,130.0,99740.0,109.0
2019-06-28 10:01:03.963723429,99756.0,130.0,99740.0,102.0
2019-06-28 10:01:05.687352250,99756.0,130.0,99740.0,102.0
2019-06-28 10:01:13.198632005,99756.0,130.0,99740.0,102.0
2019-06-28 10:01:25.627382838,99756.0,130.0,99740.0,99.0
2019-06-28 10:01:25.628799857,99756.0,130.0,99740.0,99.0
2019-06-28 10:01:25.628799858,99756.0,214.0,99740.0,99.0
2019-06-28 10:01:25.628799862,99756.0,214.0,99740.0,183.0
2019-06-28 10:01:25.629784637,99756.0,214.0,99740.0,180.0
2019-06-28 10:01:25.630043820,99756.0,214.0,99740.0,177.0
2019-06-28 10:01:25.631572737,99756.0,214.0,99740.0,172.0
2019-06-28 10:01:25.631820276,99756.0,214.0,99740.0,170.0
2019-06-28 10:01:25.633740844,99756.0,214.0,99740.0,169.0
2019-06-28 10:01:25.635622526,99756.0,214.0,99740.0,166.0
2019-06-28 10:01:25.635938662,99756.0,214.0,99740.0,162.0
2019-06-28 10:01:25.636356694,99756.0,214.0,99740.0,158.0
2019-06-28 10:01:25.636650530,99756.0,214.0,99740.0,153.0
2019-06-28 10:01:25.636680901,99756.0,214.0,99740.0,146.0
2019-06-28 10:01:25.638234491,99756.0,214.0,99740.0,137.0
2019-06-28 10:01:25.638253183,99756.0,214.0,99740.0,136.0
2019-06-28 10:01:25.638568499,99756.0,214.0,99740.0,129.0
2019-06-28 10:01:25.639850871,99756.0,214.0,99740.0,125.0
2019-06-28 10:01:25.640717185,99756.0,214.0,99740.0,124.0
2019-06-28 10:01:25.640871715,99756.0,214.0,99740.0,124.0
2019-06-28 10:01:25.641125687,99756.0,214.0,99740.0,118.0
2019-06-28 10:01:25.641457744,99756.0,214.0,99740.0,110.0
2019-06-28 10:01:25.641563265,99756.0,214.0,99740.0,109.0
2019-06-28 10:01:25.641943444,99756.0,214.0,99740.0,108.0
2019-06-28 10:01:25.642187504,99756.0,214.0,99740.0,107.0
2019-06-28 10:01:25.642201040,99756.0,214.0,99740.0,102.0
2019-06-28 10:01:25.644457070,99756.0,214.0,99740.0,94.0
2019-06-28 10:01:25.645168767,99756.0,214.0,99740.0,87.0
2019-06-28 10:01:27.477994075,99756.0,214.0,99740.0,187.0
2019-06-28 10:01:28.636045505,99756.0,214.0,99740.0,187.0
2019-06-28 10:01:30.781834538,99756.0,114.0,99740.0,187.0
2019-06-28 10:01:46.892555463,99756.0,14.0,99740.0,187.0
2019-06-28 10:01:46.896664630,99756.0,14.0,99740.0,184.0
2019-06-28 10:01:46.898081650,99756.0,109.0,99740.0,279.0
2019-06-28 10:01:46.898081652,99756.0,109.0,99740.0,195.0
2019-06-28 10:01:46.898081653,99756.0,109.0,99740.0,195.0
2019-06-28 10:01:46.898081654,99756.0,95.0,99740.0,195.0
2019-06-28 10:01:46.899066427,99756.0,95.0,99740.0,192.0
2019-06-28 10:01:46.899325617,99756.0,95.0,99740.0,189.0
2019-06-28 10:01:46.900854525,99756.0,95.0,99740.0,184.0
2019-06-28 10:01:46.901102068,99756.0,95.0,99740.0,182.0
2019-06-28 10:01:46.903022630,99756.0,95.0,99740.0,181.0
2019-06-28 10:01:46.904904322,99756.0,95.0,99740.0,178.0
2019-06-28 10:01:46.905220454,99756.0,95.0,99740.0,174.0
2019-06-28 10:01:46.905638486,99756.0,95.0,99740.0,170.0
2019-06-28 10:01:46.905932321,99756.0,95.0,99740.0,165.0
2019-06-28 10:01:46.905962694,99756.0,95.0,99740.0,158.0
2019-06-28 10:01:46.907516285,99756.0,95.0,99740.0,149.0
2019-06-28 10:01:46.907534976,99756.0,95.0,99740.0,148.0
2019-06-28 10:01:46.907850291,99756.0,95.0,99740.0,141.0
2019-06-28 10:01:46.909132657,99756.0,95.0,99740.0,137.0
2019-06-28 10:01:46.909998978,99756.0,95.0,99740.0,136.0
2019-06-28 10:01:46.910407482,99756.0,95.0,99740.0,130.0
2019-06-28 10:01:46.910739536,99756.0,95.0,99740.0,122.0
2019-06-28 10:01:46.910845061,99756.0,95.0,99740.0,121.0
2019-06-28 10:01:46.911225238,99756.0,95.0,99740.0,120.0
2019-06-28 10:01:46.911469296,99756.0,95.0,99740.0,119.0
2019-06-28 10:01:46.911482836,99756.0,95.0,99740.0,114.0
2019-06-28 10:01:46.913738869,99756.0,95.0,99740.0,106.0
2019-06-28 10:01:46.914450558,99756.0,95.0,99740.0,99.0
2019-06-28 10:02:02.855258004,99756.0,95.0,99740.0,92.0
2019-06-28 10:02:02.856675014,99756.0,95.0,99740.0,540.0
2019-06-28 10:02:02.856675017,99756.0,543.0,99740.0,448.0
2019-06-28 10:02:02.857659797,99756.0,448.0,99740.0,445.0
2019-06-28 10:02:02.857918983,99756.0,448.0,99740.0,442.0
2019-06-28 10:02:02.859447892,99756.0,448.0,99740.0,437.0
2019-06-28 10:02:02.859695435,99756.0,448.0,99740.0,435.0
2019-06-28 10:02:02.861616001,99756.0,448.0,99740.0,434.0
2019-06-28 10:02:02.863497688,99756.0,448.0,99740.0,431.0
2019-06-28 10:02:02.863813824,99756.0,448.0,99740.0,427.0
2019-06-28 10:02:02.864231851,99756.0,448.0,99740.0,423.0
2019-06-28 10:02:02.864525688,99756.0,448.0,99740.0,418.0
2019-06-28 10:02:02.864556059,99756.0,448.0,99740.0,411.0
2019-06-28 10:02:02.866109655,99756.0,448.0,99740.0,402.0
2019-06-28 10:02:02.866128339,99756.0,448.0,99740.0,401.0
2019-06-28 10:02:02.866443658,99756.0,448.0,99740.0,394.0
2019-06-28 10:02:02.867726032,99756.0,448.0,99740.0,390.0
2019-06-28 10:02:02.868592352,99756.0,448.0,99740.0,389.0
2019-06-28 10:02:02.869000848,99756.0,448.0,99740.0,383.0
2019-06-28 10:02:02.869332909,99756.0,448.0,99740.0,375.0
2019-06-28 10:02:02.869438423,99756.0,448.0,99740.0,374.0
2019-06-28 10:02:02.869818606,99756.0,448.0,99740.0,373.0
2019-06-28 10:02:02.870062666,99756.0,448.0,99740.0,372.0
2019-06-28 10:02:02.870076206,99756.0,448.0,99740.0,367.0
2019-06-28 10:02:02.872332239,99756.0,448.0,99740.0,359.0
2019-06-28 10:02:02.873043929,99756.0,448.0,99740.0,352.0
2019-06-28 10:02:40.092299957,99756.0,448.0,99740.0,349.0
2019-06-28 10:02:40.093716971,99756.0,580.0,99740.0,349.0
2019-06-28 10:02:40.093716974,99756.0,132.0,99740.0,349.0
2019-06-28 10:02:40.093716976,99756.0,132.0,99740.0,132.0
2019-06-28 10:02:40.094701749,99756.0,132.0,99740.0,129.0
2019-06-28 10:02:40.094960935,99756.0,132.0,99740.0,126.0
2019-06-28 10:02:40.095609580,99756.0,132.0,99740.0,126.0
2019-06-28 10:02:40.096489849,99756.0,132.0,99740.0,121.0
2019-06-28 10:02:40.096737397,99756.0,132.0,99740.0,119.0
2019-06-28 10:02:40.098657954,99756.0,132.0,99740.0,118.0
2019-06-28 10:02:40.100539648,99756.0,132.0,99740.0,115.0
2019-06-28 10:02:40.100855783,99756.0,132.0,99740.0,111.0
2019-06-28 10:02:40.101273812,99756.0,132.0,99740.0,107.0
2019-06-28 10:02:40.101567645,99756.0,132.0,99740.0,102.0
2019-06-28 10:02:40.101598016,99756.0,132.0,99740.0,95.0
2019-06-28 10:02:40.103151608,99756.0,132.0,99740.0,86.0
2019-06-28 10:02:40.103170299,99756.0,132.0,99740.0,85.0
2019-06-28 10:02:40.103485618,99756.0,132.0,99740.0,78.0
2019-06-28 10:02:40.104767984,99756.0,132.0,99740.0,74.0
2019-06-28 10:02:40.105634304,99756.0,132.0,99740.0,73.0
2019-06-28 10:02:40.106042801,99756.0,132.0,99740.0,67.0
2019-06-28 10:02:40.106374860,99756.0,132.0,99740.0,59.0
2019-06-28 10:02:40.106480383,99756.0,132.0,99740.0,58.0
2019-06-28 10:02:40.106860554,99756.0,132.0,99740.0,57.0
2019-06-28 10:02:40.107104619,99756.0,132.0,99740.0,56.0
2019-06-28 10:02:40.107118158,99756.0,132.0,99740.0,51.0
2019-06-28 10:02:40.109374191,99756.0,132.0,99740.0,43.0
2019-06-28 10:02:40.110085888,99756.0,132.0,99740.0,36.0
2019-06-28 10:02:46.522734740,99756.0,32.0,99740.0,36.0
2019-06-28 10:03:56.831208366,99833.0,146.0,99756.0,68.0
2019-06-28 10:03:56.835317539,99833.0,146.0,99756.0,65.0
2019-06-28 10:03:56.836734551,99833.0,146.0,99756.0,65.0
2019-06-28 10:03:56.836734552,99833.0,18.0,99756.0,269.0
2019-06-28 10:03:56.836734553,99833.0,222.0,99756.0,269.0
2019-06-28 10:03:56.837719337,99833.0,222.0,99756.0,266.0
2019-06-28 10:03:56.837978520,99833.0,222.0,99756.0,263.0
2019-06-28 10:03:56.839507431,99833.0,222.0,99756.0,258.0
2019-06-28 10:03:56.839754973,99833.0,222.0,99756.0,256.0
2019-06-28 10:03:56.841675539,99833.0,222.0,99756.0,255.0
2019-06-28 10:03:56.843557224,99833.0,222.0,99756.0,252.0
2019-06-28 10:03:56.843873357,99833.0,222.0,99756.0,248.0
2019-06-28 10:03:56.844291386,99833.0,222.0,99756.0,244.0
2019-06-28 10:03:56.844585218,99833.0,222.0,99756.0,239.0
2019-06-28 10:03:56.844615600,99833.0,222.0,99756.0,232.0
2019-06-28 10:03:56.846169191,99833.0,222.0,99756.0,223.0
2019-06-28 10:03:56.846187875,99833.0,222.0,99756.0,222.0
2019-06-28 10:03:56.846503194,99833.0,222.0,99756.0,215.0
2019-06-28 10:03:56.847785565,99833.0,222.0,99756.0,211.0
2019-06-28 10:03:56.848651881,99833.0,222.0,99756.0,210.0
2019-06-28 10:03:56.849060386,99833.0,222.0,99756.0,204.0
2019-06-28 10:03:56.849392443,99833.0,222.0,99756.0,196.0
2019-06-28 10:03:56.849497963,99833.0,222.0,99756.0,195.0
2019-06-28 10:03:56.849878141,99833.0,222.0,99756.0,194.0
2019-06-28 10:03:56.850122195,99833.0,222.0,99756.0,193.0
2019-06-28 10:03:56.850135738,99833.0,222.0,99756.0,188.0
2019-06-28 10:03:56.852391774,99833.0,222.0,99756.0,180.0
2019-06-28 10:03:56.853103465,99833.0,222.0,99756.0,173.0
2019-06-28 10:04:05.285112632,99833.0,122.0,99756.0,173.0
2019-06-28 10:04:42.418499984,99833.0,122.0,99756.0,170.0
2019-06-28 10:04:42.419916993,99833.0,313.0,99756.0,170.0
2019-06-28 10:04:42.419916996,99833.0,191.0,99756.0,191.0
2019-06-28 10:04:42.420901778,99833.0,191.0,99756.0,188.0
2019-06-28 10:04:42.421160960,99833.0,191.0,99756.0,185.0
2019-06-28 10:04:42.422689878,99833.0,191.0,99756.0,180.0
2019-06-28 10:04:42.422937418,99833.0,191.0,99756.0,178.0
2019-06-28 10:04:42.424857977,99833.0,191.0,99756.0,177.0
2019-06-28 10:04:42.426739666,99833.0,191.0,99756.0,174.0
2019-06-28 10:04:42.427055805,99833.0,191.0,99756.0,170.0
2019-06-28 10:04:42.427473828,99833.0,191.0,99756.0,166.0
2019-06-28 10:04:42.427767663,99833.0,191.0,99756.0,161.0
2019-06-28 10:04:42.427798043,99833.0,191.0,99756.0,154.0
2019-06-28 10:04:42.429351629,99833.0,191.0,99756.0,145.0
2019-06-28 10:04:42.429370320,99833.0,191.0,99756.0,144.0
2019-06-28 10:04:42.429685644,99833.0,191.0,99756.0,137.0
2019-06-28 10:04:42.430968009,99833.0,191.0,99756.0,133.0
2019-06-28 10:04:42.431834324,99833.0,191.0,99756.0,132.0
2019-06-28 10:04:42.432242823,99833.0,191.0,99756.0,126.0
2019-06-28 10:04:42.432574887,99833.0,191.0,99756.0,118.0
2019-06-28 10:04:42.432680402,99833.0,191.0,99756.0,117.0
2019-06-28 10:04:42.433060577,99833.0,191.0,99756.0,116.0
2019-06-28 10:04:42.433304641,99833.0,191.0,99756.0,115.0
2019-06-28 10:04:42.433318180,99833.0,191.0,99756.0,110.0
2019-06-28 10:04:42.435574211,99833.0,191.0,99756.0,102.0
2019-06-28 10:04:42.436285903,99833.0,191.0,99756.0,95.0
2019-06-28 10:04:44.939532991,99833.0,191.0,99756.0,95.0
2019-06-28 10:04:50.487292194,99833.0,191.0,99756.0,95.0
2019-06-28 10:05:01.856074442,99833.0,91.0,99756.0,95.0
2019-06-28 10:05:01.860183616,99833.0,91.0,99756.0,92.0
2019-06-28 10:05:01.861600628,99833.0,330.0,99756.0,92.0
2019-06-28 10:05:01.861600630,99833.0,239.0,99740.0,430.0
2019-06-28 10:05:01.861600631,99833.0,239.0,99756.0,239.0
2019-06-28 10:05:01.861600633,99833.0,239.0,99756.0,239.0
2019-06-28 10:05:01.862585411,99833.0,239.0,99756.0,236.0
2019-06-28 10:05:01.862844590,99833.0,239.0,99756.0,233.0
2019-06-28 10:05:01.864373506,99833.0,239.0,99756.0,228.0
2019-06-28 10:05:01.864621052,99833.0,239.0,99756.0,226.0
2019-06-28 10:05:01.866541613,99833.0,239.0,99756.0,225.0
2019-06-28 10:05:01.868423303,99833.0,239.0,99756.0,222.0
2019-06-28 10:05:01.868739435,99833.0,239.0,99756.0,218.0
2019-06-28 10:05:01.869157465,99833.0,239.0,99756.0,214.0
2019-06-28 10:05:01.869451299,99833.0,239.0,99756.0,209.0
2019-06-28 10:05:01.869481674,99833.0,239.0,99756.0,202.0
2019-06-28 10:05:01.871035269,99833.0,239.0,99756.0,193.0
2019-06-28 10:05:01.871053953,99833.0,239.0,99756.0,192.0
2019-06-28 10:05:01.871369269,99833.0,239.0,99756.0,185.0
2019-06-28 10:05:01.872651643,99833.0,239.0,99756.0,181.0
2019-06-28 10:05:01.873517963,99833.0,239.0,99756.0,180.0
2019-06-28 10:05:01.873926461,99833.0,239.0,99756.0,174.0
2019-06-28 10:05:01.874258517,99833.0,239.0,99756.0,166.0
2019-06-28 10:05:01.874364042,99833.0,239.0,99756.0,165.0
2019-06-28 10:05:01.874744218,99833.0,239.0,99756.0,164.0
2019-06-28 10:05:01.874988272,99833.0,239.0,99756.0,163.0
2019-06-28 10:05:01.875001814,99833.0,239.0,99756.0,158.0
2019-06-28 10:05:01.877257844,99833.0,239.0,99756.0,150.0
2019-06-28 10:05:01.877969541,99833.0,239.0,99756.0,143.0
2019-06-28 10:05:03.337850943,99833.0,239.0,99756.0,143.0
2019-06-28 10:05:07.986970995,99833.0,139.0,99756.0,143.0
2019-06-28 10:05:09.466653440,99833.0,39.0,99756.0,143.0
2019-06-28 10:05:10.335527468,99833.0,39.0,99756.0,143.0
2019-06-28 10:05:19.289601349,99873.0,272.0,99833.0,61.0
2019-06-28 10:05:19.293710523,99873.0,272.0,99833.0,58.0
2019-06-28 10:05:19.295127532,99873.0,356.0,99833.0,58.0
2019-06-28 10:05:19.295127533,99873.0,117.0,99833.0,58.0
2019-06-28 10:05:19.295127534,99873.0,117.0,99833.0,58.0
2019-06-28 10:05:19.295127535,99873.0,117.0,99833.0,142.0
2019-06-28 10:05:19.295127537,99873.0,117.0,99833.0,142.0
2019-06-28 10:05:19.296112321,99873.0,117.0,99833.0,139.0
2019-06-28 10:05:19.296371500,99873.0,117.0,99833.0,136.0
2019-06-28 10:05:19.297900414,99873.0,117.0,99833.0,131.0
2019-06-28 10:05:19.298147957,99873.0,117.0,99833.0,129.0
2019-06-28 10:05:19.300068519,99873.0,117.0,99833.0,128.0
2019-06-28 10:05:19.301950210,99873.0,117.0,99833.0,125.0
2019-06-28 10:05:19.302266342,99873.0,117.0,99833.0,121.0
2019-06-28 10:05:19.302684372,99873.0,117.0,99833.0,117.0
2019-06-28 10:05:19.302978208,99873.0,117.0,99833.0,112.0
2019-06-28 10:05:19.303008581,99873.0,117.0,99833.0,105.0
2019-06-28 10:05:19.304562176,99873.0,117.0,99833.0,96.0
2019-06-28 10:05:19.304580858,99873.0,117.0,99833.0,95.0
2019-06-28 10:05:19.304896180,99873.0,117.0,99833.0,88.0
2019-06-28 10:05:19.306178543,99873.0,117.0,99833.0,84.0
2019-06-28 10:05:19.307044865,99873.0,117.0,99833.0,83.0
2019-06-28 10:05:19.307453367,99873.0,117.0,99833.0,77.0
2019-06-28 10:05:19.307785426,99873.0,117.0,99833.0,69.0
2019-06-28 10:05:19.307890949,99873.0,117.0,99833.0,68.0
2019-06-28 10:05:19.308271118,99873.0,117.0,99833.0,67.0
2019-06-28 10:05:19.308515181,99873.0,117.0,99833.0,66.0
2019-06-28 10:05:19.308528717,99873.0,117.0,99833.0,61.0
2019-06-28 10:05:19.310784758,99873.0,117.0,99833.0,53.0
2019-06-28 10:05:19.311496449,99873.0,117.0,99833.0,46.0
2019-06-28 10:05:57.017656223,99873.0,117.0,99833.0,43.0
2019-06-28 10:05:57.019073239,99873.0,33.0,99833.0,451.0
2019-06-28 10:05:57.019073241,99873.0,441.0,99833.0,408.0
2019-06-28 10:05:57.020058015,99873.0,441.0,99833.0,405.0
2019-06-28 10:05:57.020317199,99873.0,441.0,99833.0,402.0
2019-06-28 10:05:57.021846118,99873.0,441.0,99833.0,397.0
2019-06-28 10:05:57.022093653,99873.0,441.0,99833.0,395.0
2019-06-28 10:05:57.024014220,99873.0,441.0,99833.0,394.0
2019-06-28 10:05:57.025895906,99873.0,441.0,99833.0,391.0
2019-06-28 10:05:57.026212046,99873.0,441.0,99833.0,387.0
2019-06-28 10:05:57.026630077,99873.0,441.0,99833.0,383.0
2019-06-28 10:05:57.026923905,99873.0,441.0,99833.0,378.0
2019-06-28 10:05:57.026954277,99873.0,441.0,99833.0,371.0
2019-06-28 10:05:57.027618901,99873.0,441.0,99833.0,371.0
2019-06-28 10:05:57.028507869,99873.0,441.0,99833.0,362.0
2019-06-28 10:05:57.028526563,99873.0,441.0,99833.0,361.0
2019-06-28 10:05:57.028841880,99873.0,441.0,99833.0,354.0
2019-06-28 10:05:57.030124252,99873.0,441.0,99833.0,350.0
2019-06-28 10:05:57.030990567,99873.0,441.0,99833.0,349.0
2019-06-28 10:05:57.031399070,99873.0,441.0,99833.0,343.0
2019-06-28 10:05:57.031731130,99873.0,441.0,99833.0,335.0
2019-06-28 10:05:57.031836650,99873.0,441.0,99833.0,334.0
2019-06-28 10:05:57.032216820,99873.0,441.0,99833.0,333.0
2019-06-28 10:05:57.032460879,99873.0,441.0,99833.0,332.0
2019-06-28 10:05:57.032474422,99873.0,441.0,99833.0,327.0
2019-06-28 10:05:57.034730454,99873.0,441.0,99833.0,319.0
2019-06-28 10:05:57.035442151,99873.0,441.0,99833.0,312.0
2019-06-28 10:06:39.677369532,99873.0,341.0,99833.0,312.0
2019-06-28 10:06:39.681478704,99873.0,341.0,99833.0,309.0
2019-06-28 10:06:39.682895716,99873.0,454.0,99577.0,100.0
2019-06-28 10:06:39.682895717,99873.0,454.0,99577.0,100.0
2019-06-28 10:06:39.682895720,99873.0,113.0,99833.0,113.0
2019-06-28 10:06:39.682895721,99873.0,113.0,99833.0,113.0
2019-06-28 10:06:39.683880496,99873.0,113.0,99833.0,110.0
2019-06-28 10:06:39.684139685,99873.0,113.0,99833.0,107.0
2019-06-28 10:06:39.685668598,99873.0,113.0,99833.0,102.0
2019-06-28 10:06:39.685916139,99873.0,113.0,99833.0,100.0
2019-06-28 10:06:39.687836705,99873.0,113.0,99833.0,99.0
2019-06-28 10:06:39.689718386,99873.0,113.0,99833.0,96.0
2019-06-28 10:06:39.690034525,99873.0,113.0,99833.0,92.0
2019-06-28 10:06:39.690452560,99873.0,113.0,99833.0,88.0
2019-06-28 10:06:39.690746388,99873.0,113.0,99833.0,83.0
2019-06-28 10:06:39.690776762,99873.0,113.0,99833.0,76.0
2019-06-28 10:06:39.692330354,99873.0,113.0,99833.0,67.0
2019-06-28 10:06:39.692349037,99873.0,113.0,99833.0,66.0
2019-06-28 10:06:39.692664366,99873.0,113.0,99833.0,59.0
2019-06-28 10:06:39.693946734,99873.0,113.0,99833.0,55.0
2019-06-28 10:06:39.694813046,99873.0,113.0,99833.0,54.0
2019-06-28 10:06:39.695221549,99873.0,113.0,99833.0,48.0
2019-06-28 10:06:39.695553603,99873.0,113.0,99833.0,40.0
2019-06-28 10:06:39.695659127,99873.0,113.0,99833.0,39.0
2019-06-28 10:06:39.696039301,99873.0,113.0,99833.0,38.0
2019-06-28 10:06:39.696283361,99873.0,113.0,99833.0,37.0
2019-06-28 10:06:39.696296903,99873.0,113.0,99833.0,32.0
2019-06-28 10:06:39.698552936,99873.0,113.0,99833.0,24.0
2019-06-28 10:06:39.699264625,99873.0,113.0,99833.0,17.0
2019-06-28 10:06:45.325321514,99873.0,113.0,99833.0,117.0
2019-06-28 10:06:56.604886765,99873.0,113.0,99833.0,117.0
2019-06-28 10:06:56.608995933,99873.0,113.0,99833.0,114.0
2019-06-28 10:06:56.610412951,99873.0,113.0,99833.0,114.0
2019-06-28 10:06:56.610412952,99873.0,113.0,99833.0,114.0
2019-06-28 10:06:56.610412954,99873.0,93.0,99833.0,114.0
2019-06-28 10:06:56.610412956,99873.0,93.0,99833.0,193.0
2019-06-28 10:06:56.611397736,99873.0,93.0,99833.0,190.0
2019-06-28 10:06:56.611656916,99873.0,93.0,99833.0,187.0
2019-06-28 10:06:56.613185828,99873.0,93.0,99833.0,182.0
2019-06-28 10:06:56.613433368,99873.0,93.0,99833.0,180.0
2019-06-28 10:06:56.615353934,99873.0,93.0,99833.0,179.0
2019-06-28 10:06:56.617235623,99873.0,93.0,99833.0,176.0
2019-06-28 10:06:56.617551760,99873.0,93.0,99833.0,172.0
2019-06-28 10:06:56.617969787,99873.0,93.0,99833.0,168.0
2019-06-28 10:06:56.618263623,99873.0,93.0,99833.0,163.0
2019-06-28 10:06:56.618293993,99873.0,93.0,99833.0,156.0
2019-06-28 10:06:56.619847590,99873.0,93.0,99833.0,147.0
2019-06-28 10:06:56.619866275,99873.0,93.0,99833.0,146.0
2019-06-28 10:06:56.620181596,99873.0,93.0,99833.0,139.0
2019-06-28 10:06:56.621463968,99873.0,93.0,99833.0,135.0
2019-06-28 10:06:56.622330284,99873.0,93.0,99833.0,134.0
2019-06-28 10:06:56.622738783,99873.0,93.0,99833.0,128.0
2019-06-28 10:06:56.623070842,99873.0,93.0,99833.0,120.0
2019-06-28 10:06:56.623176359,99873.0,93.0,99833.0,119.0
2019-06-28 10:06:56.623556535,99873.0,93.0,99833.0,118.0
2019-06-28 10:06:56.623800596,99873.0,93.0,99833.0,117.0
2019-06-28 10:06:56.623814137,99873.0,93.0,99833.0,112.0
2019-06-28 10:06:56.626070166,99873.0,93.0,99833.0,104.0
2019-06-28 10:06:56.626781865,99873.0,93.0,99833.0,97.0
2019-06-28 10:07:02.590884626,99873.0,93.0,99833.0,97.0
2019-06-28 10:07:08.997961728,99873.0,93.0,99833.0,97.0
2019-06-28 10:07:09.002070904,99873.0,93.0,99833.0,94.0
2019-06-28 10:07:09.003487916,99873.0,275.0,99833.0,183.0
2019-06-28 10:07:09.003487917,99873.0,275.0,99833.0,183.0
2019-06-28 10:07:09.004472693,99873.0,182.0,99833.0,180.0
2019-06-28 10:07:09.004731876,99873.0,182.0,99833.0,177.0
2019-06-28 10:07:09.006260793,99873.0,182.0,99833.0,172.0
2019-06-28 10:07:09.006508334,99873.0,182.0,99833.0,170.0
2019-06-28 10:07:09.008428896,99873.0,182.0,99833.0,169.0
2019-06-28 10:07:09.010310584,99873.0,182.0,99833.0,166.0
2019-06-28 10:07:09.010626723,99873.0,182.0,99833.0,162.0
2019-06-28 10:07:09.011044749,99873.0,182.0,99833.0,158.0
2019-06-28 10:07:09.011338580,99873.0,182.0,99833.0,153.0
2019-06-28 10:07:09.011368958,99873.0,182.0,99833.0,146.0
2019-06-28 10:07:09.012922549,99873.0,182.0,99833.0,137.0
2019-06-28 10:07:09.012941237,99873.0,182.0,99833.0,136.0
2019-06-28 10:07:09.013256558,99873.0,182.0,99833.0,129.0
2019-06-28 10:07:09.014538927,99873.0,182.0,99833.0,125.0
2019-06-28 10:07:09.015405243,99873.0,182.0,99833.0,124.0
2019-06-28 10:07:09.015813743,99873.0,182.0,99833.0,118.0
2019-06-28 10:07:09.016145808,99873.0,182.0,99833.0,110.0
2019-06-28 10:07:09.016251326,99873.0,182.0,99833.0,109.0
2019-06-28 10:07:09.016631500,99873.0,182.0,99833.0,108.0
2019-06-28 10:07:09.016875562,99873.0,182.0,99833.0,107.0
2019-06-28 10:07:09.016889100,99873.0,182.0,99833.0,102.0
2019-06-28 10:07:09.019145135,99873.0,182.0,99833.0,94.0
2019-06-28 10:07:09.019856829,99873.0,182.0,99833.0,87.0
2019-06-28 10:07:46.243786740,99873.0,182.0,99833.0,84.0
2019-06-28 10:07:46.245203750,99873.0,182.0,99833.0,84.0
2019-06-28 10:07:46.245203751,99873.0,118.0,99833.0,84.0
2019-06-28 10:07:46.245203753,99873.0,118.0,99577.0,400.0
2019-06-28 10:07:46.245203754,99873.0,118.0,99833.0,118.0
2019-06-28 10:07:46.246188533,99873.0,118.0,99833.0,115.0
2019-06-28 10:07:46.246447714,99873.0,118.0,99833.0,112.0
2019-06-28 10:07:46.247976630,99873.0,118.0,99833.0,107.0
2019-06-28 10:07:46.248224168,99873.0,118.0,99833.0,105.0
2019-06-28 10:07:46.250144734,99873.0,118.0,99833.0,104.0
2019-06-28 10:07:46.252026424,99873.0,118.0,99833.0,101.0
2019-06-28 10:07:46.252342559,99873.0,118.0,99833.0,97.0
2019-06-28 10:07:46.252760590,99873.0,118.0,99833.0,93.0
2019-06-28 10:07:46.253054421,99873.0,118.0,99833.0,88.0
2019-06-28 10:07:46.253084799,99873.0,118.0,99833.0,81.0
2019-06-28 10:07:46.254638388,99873.0,118.0,99833.0,72.0
2019-06-28 10:07:46.254657078,99873.0,118.0,99833.0,71.0
2019-06-28 10:07:46.254972394,99873.0,118.0,99833.0,64.0
2019-06-28 10:07:46.256254765,99873.0,118.0,99833.0,60.0
2019-06-28 10:07:46.257121082,99873.0,118.0,99833.0,59.0
2019-06-28 10:07:46.257275612,99873.0,18.0,99833.0,59.0
2019-06-28 10:07:46.257529582,99873.0,18.0,99833.0,53.0
2019-06-28 10:07:46.257861637,99873.0,18.0,99833.0,45.0
2019-06-28 10:07:46.257967159,99873.0,18.0,99833.0,44.0
2019-06-28 10:07:46.258347336,99873.0,18.0,99833.0,43.0
2019-06-28 10:07:46.258591396,99873.0,18.0,99833.0,42.0
2019-06-28 10:07:46.258604937,99873.0,18.0,99833.0,37.0
2019-06-28 10:07:46.260860968,99873.0,18.0,99833.0,29.0
2019-06-28 10:07:46.261572662,99873.0,18.0,99833.0,22.0
2019-06-28 10:08:01.092837791,99873.0,18.0,99833.0,19.0
2019-06-28 10:08:01.094254804,99873.0,18.0,99833.0,351.0
2019-06-28 10:08:01.094254805,99873.0,350.0,99833.0,351.0
2019-06-28 10:08:01.095118188,99873.0,332.0,99833.0,332.0
2019-06-28 10:08:01.095239582,99873.0,332.0,99833.0,329.0
2019-06-28 10:08:01.095498768,99873.0,332.0,99833.0,326.0
2019-06-28 10:08:01.097027679,99873.0,332.0,99833.0,321.0
2019-06-28 10:08:01.097275222,99873.0,332.0,99833.0,319.0
2019-06-28 10:08:01.099195782,99873.0,332.0,99833.0,318.0
2019-06-28 10:08:01.101077476,99873.0,332.0,99833.0,315.0
2019-06-28 10:08:01.101393609,99873.0,332.0,99833.0,311.0
2019-06-28 10:08:01.101811637,99873.0,332.0,99833.0,307.0
2019-06-28 10:08:01.102105477,99873.0,332.0,99833.0,302.0
2019-06-28 10:08:01.102135850,99873.0,332.0,99833.0,295.0
2019-06-28 10:08:01.103689439,99873.0,332.0,99833.0,286.0
2019-06-28 10:08:01.103708129,99873.0,332.0,99833.0,285.0
2019-06-28 10:08:01.104023447,99873.0,332.0,99833.0,278.0
2019-06-28 10:08:01.105305815,99873.0,332.0,99833.0,274.0
2019-06-28 10:08:01.106172134,99873.0,332.0,99833.0,273.0
2019-06-28 10:08:01.106580636,99873.0,332.0,99833.0,267.0
2019-06-28 10:08:01.106912694,99873.0,332.0,99833.0,259.0
2019-06-28 10:08:01.107018217,99873.0,332.0,99833.0,258.0
2019-06-28 10:08:01.107398391,99873.0,332.0,99833.0,257.0
2019-06-28 10:08:01.107642448,99873.0,332.0,99833.0,256.0
2019-06-28 10:08:01.107655987,99873.0,332.0,99833.0,251.0
2019-06-28 10:08:01.109912023,99873.0,332.0,99833.0,243.0
2019-06-28 10:08:01.110623716,99873.0,332.0,99833.0,236.0
2019-06-28 10:08:08.309315369,99873.0,332.0,99833.0,236.0
2019-06-28 10:08:22.801804777,99873.0,332.0,99833.0,233.0
2019-06-28 10:08:22.803221786,99873.0,606.0,99833.0,233.0
2019-06-28 10:08:22.803221789,99873.0,606.0,99833.0,274.0
2019-06-28 10:08:22.804206573,99873.0,274.0,99833.0,271.0
2019-06-28 10:08:22.804465756,99873.0,274.0,99833.0,268.0
2019-06-28 10:08:22.805994672,99873.0,274.0,99833.0,263.0
2019-06-28 10:08:22.806242207,99873.0,274.0,99833.0,261.0
2019-06-28 10:08:22.808162775,99873.0,274.0,99833.0,260.0
2019-06-28 10:08:22.810044461,99873.0,274.0,99833.0,257.0
2019-06-28 10:08:22.810360597,99873.0,274.0,99833.0,253.0
2019-06-28 10:08:22.810778629,99873.0,274.0,99833.0,249.0
2019-06-28 10:08:22.811072458,99873.0,274.0,99833.0,244.0
2019-06-28 10:08:22.811102835,99873.0,274.0,99833.0,237.0
2019-06-28 10:08:22.812656427,99873.0,274.0,99833.0,228.0
2019-06-28 10:08:22.812675115,99873.0,274.0,99833.0,227.0
2019-06-28 10:08:22.812990433,99873.0,274.0,99833.0,220.0
2019-06-28 10:08:22.814272804,99873.0,274.0,99833.0,216.0
2019-06-28 10:08:22.815139122,99873.0,274.0,99833.0,215.0
2019-06-28 10:08:22.815547626,99873.0,274.0,99833.0,209.0
2019-06-28 10:08:22.815879680,99873.0,274.0,99833.0,201.0
2019-06-28 10:08:22.815985199,99873.0,274.0,99833.0,200.0
2019-06-28 10:08:22.816365373,99873.0,274.0,99833.0,199.0
2019-06-28 10:08:22.816609434,99873.0,274.0,99833.0,198.0
2019-06-28 10:08:22.816622976,99873.0,274.0,99833.0,193.0
2019-06-28 10:08:22.818879008,99873.0,274.0,99833.0,185.0
2019-06-28 10:08:22.819590703,99873.0,274.0,99833.0,178.0
2019-06-28 10:08:27.202092095,99873.0,274.0,99833.0,278.0
2019-06-28 10:08:45.893123054,99873.0,274.0,99833.0,378.0
2019-06-28 10:08:45.897232223,99873.0,274.0,99833.0,375.0
2019-06-28 10:08:45.898649237,99888.0,59.0,99833.0,561.0
2019-06-28 10:08:45.898649238,99873.0,186.0,99833.0,561.0
2019-06-28 10:08:45.898649242,99873.0,186.0,99833.0,386.0
2019-06-28 10:08:45.899634017,99873.0,186.0,99833.0,383.0
2019-06-28 10:08:45.899893206,99873.0,186.0,99833.0,380.0
2019-06-28 10:08:45.901422120,99873.0,186.0,99833.0,375.0
2019-06-28 10:08:45.901669655,99873.0,186.0,99833.0,373.0
2019-06-28 10:08:45.903590221,99873.0,186.0,99833.0,372.0
2019-06-28 10:08:45.905471911,99873.0,186.0,99833.0,369.0
2019-06-28 10:08:45.905788050,99873.0,186.0,99833.0,365.0
2019-06-28 10:08:45.906206078,99873.0,186.0,99833.0,361.0
2019-06-28 10:08:45.906499910,99873.0,186.0,99833.0,356.0
2019-06-28 10:08:45.906530286,99873.0,186.0,99833.0,349.0
2019-06-28 10:08:45.908083874,99873.0,186.0,99833.0,340.0
2019-06-28 10:08:45.908102569,99873.0,186.0,99833.0,339.0
2019-06-28 10:08:45.908417889,99873.0,186.0,99833.0,332.0
2019-06-28 10:08:45.909700257,99873.0,186.0,99833.0,328.0
2019-06-28 10:08:45.910566575,99873.0,186.0,99833.0,327.0
2019-06-28 10:08:45.910975070,99873.0,186.0,99833.0,321.0
2019-06-28 10:08:45.911307132,99873.0,186.0,99833.0,313.0
2019-06-28 10:08:45.911412652,99873.0,186.0,99833.0,312.0
2019-06-28 10:08:45.911792824,99873.0,186.0,99833.0,311.0
2019-06-28 10:08:45.912036887,99873.0,186.0,99833.0,310.0
2019-06-28 10:08:45.912050426,99873.0,186.0,99833.0,305.0
2019-06-28 10:08:45.914306459,99873.0,186.0,99833.0,297.0
2019-06-28 10:08:45.915018154,99873.0,186.0,99833.0,290.0
2019-06-28 10:08:52.731267005,99873.0,186.0,99833.0,290.0
2019-06-28 10:09:02.277766310,99873.0,186.0,99833.0,390.0
2019-06-28 10:09:02.281875479,99873.0,186.0,99833.0,387.0
2019-06-28 10:09:02.283292496,99873.0,186.0,99833.0,387.0
2019-06-28 10:09:02.283292497,99873.0,186.0,99833.0,387.0
2019-06-28 10:09:02.283292498,99873.0,186.0,99833.0,307.0
2019-06-28 10:09:02.283292500,99873.0,106.0,99833.0,307.0
2019-06-28 10:09:02.283292501,99873.0,106.0,99833.0,307.0
2019-06-28 10:09:02.284277279,99873.0,106.0,99833.0,304.0
2019-06-28 10:09:02.284536462,99873.0,106.0,99833.0,301.0
2019-06-28 10:09:02.286065374,99873.0,106.0,99833.0,296.0
2019-06-28 10:09:02.286312913,99873.0,106.0,99833.0,294.0
2019-06-28 10:09:02.288233479,99873.0,106.0,99833.0,293.0
2019-06-28 10:09:02.290115164,99873.0,106.0,99833.0,290.0
2019-06-28 10:09:02.290431304,99873.0,106.0,99833.0,286.0
2019-06-28 10:09:02.290849336,99873.0,106.0,99833.0,282.0
2019-06-28 10:09:02.291143164,99873.0,106.0,99833.0,277.0
2019-06-28 10:09:02.291173541,99873.0,106.0,99833.0,270.0
2019-06-28 10:09:02.292727134,99873.0,106.0,99833.0,261.0
2019-06-28 10:09:02.292745817,99873.0,106.0,99833.0,260.0
2019-06-28 10:09:02.293061142,99873.0,106.0,99833.0,253.0
2019-06-28 10:09:02.294343510,99873.0,106.0,99833.0,249.0
2019-06-28 10:09:02.295209826,99873.0,106.0,99833.0,248.0
2019-06-28 10:09:02.295618330,99873.0,106.0,99833.0,242.0
2019-06-28 10:09:02.295950381,99873.0,106.0,99833.0,234.0
2019-06-28 10:09:02.296055906,99873.0,106.0,99833.0,233.0
2019-06-28 10:09:02.296436082,99873.0,106.0,99833.0,232.0
2019-06-28 10:09:02.296680141,99873.0,106.0,99833.0,231.0
2019-06-28 10:09:02.296693681,99873.0,106.0,99833.0,226.0
2019-06-28 10:09:02.298949713,99873.0,106.0,99833.0,218.0
2019-06-28 10:09:02.299661407,99873.0,106.0,99833.0,211.0
2019-06-28 10:09:02.375790414,99873.0,106.0,99833.0,311.0
2019-06-28 10:09:09.569657636,99873.0,6.0,99833.0,311.0
2019-06-28 10:09:10.610383007,99873.0,6.0,99833.0,311.0
2019-06-28 10:09:16.757580268,99873.0,6.0,99833.0,308.0
2019-06-28 10:09:16.758997280,99873.0,506.0,99833.0,308.0
2019-06-28 10:09:16.758997283,99873.0,500.0,99833.0,702.0
2019-06-28 10:09:16.759982063,99873.0,500.0,99833.0,699.0
2019-06-28 10:09:16.760241250,99873.0,500.0,99833.0,696.0
2019-06-28 10:09:16.761770159,99873.0,500.0,99833.0,691.0
2019-06-28 10:09:16.762017702,99873.0,500.0,99833.0,689.0
2019-06-28 10:09:16.763938269,99873.0,500.0,99833.0,688.0
2019-06-28 10:09:16.764268238,99873.0,400.0,99833.0,688.0
2019-06-28 10:09:16.765819952,99873.0,400.0,99833.0,685.0
2019-06-28 10:09:16.766136091,99873.0,400.0,99833.0,681.0
2019-06-28 10:09:16.766554116,99873.0,400.0,99833.0,677.0
2019-06-28 10:09:16.766847952,99873.0,400.0,99833.0,672.0
2019-06-28 10:09:16.766878323,99873.0,400.0,99833.0,665.0
2019-06-28 10:09:16.768431919,99873.0,400.0,99833.0,656.0
2019-06-28 10:09:16.768450611,99873.0,400.0,99833.0,655.0
2019-06-28 10:09:16.768765930,99873.0,400.0,99833.0,648.0
2019-06-28 10:09:16.770048296,99873.0,400.0,99833.0,644.0
2019-06-28 10:09:16.770914617,99873.0,400.0,99833.0,643.0
2019-06-28 10:09:16.771323114,99873.0,400.0,99833.0,637.0
2019-06-28 10:09:16.771655172,99873.0,400.0,99833.0,629.0
2019-06-28 10:09:16.771760694,99873.0,400.0,99833.0,628.0
2019-06-28 10:09:16.772140865,99873.0,400.0,99833.0,627.0
2019-06-28 10:09:16.772384925,99873.0,400.0,99833.0,626.0
2019-06-28 10:09:16.772398469,99873.0,400.0,99833.0,621.0
2019-06-28 10:09:16.774654500,99873.0,400.0,99833.0,613.0
2019-06-28 10:09:16.775366192,99873.0,400.0,99833.0,606.0
2019-06-28 10:09:43.423948423,99873.0,400.0,99833.0,606.0
2019-06-28 10:09:43.428057592,99873.0,400.0,99833.0,603.0
2019-06-28 10:09:43.429474611,99873.0,400.0,99833.0,603.0
2019-06-28 10:09:43.429474612,99888.0,213.0,99833.0,603.0
2019-06-28 10:09:43.429474613,99873.0,159.0,99833.0,103.0
2019-06-28 10:09:43.429474614,99873.0,159.0,99833.0,262.0
2019-06-28 10:09:43.430459389,99873.0,159.0,99833.0,259.0
2019-06-28 10:09:43.430718576,99873.0,159.0,99833.0,256.0
2019-06-28 10:09:43.432247488,99873.0,159.0,99833.0,251.0
2019-06-28 10:09:43.432495026,99873.0,159.0,99833.0,249.0
2019-06-28 10:09:43.434415592,99873.0,159.0,99833.0,248.0
2019-06-28 10:09:43.436297285,99873.0,159.0,99833.0,245.0
2019-06-28 10:09:43.436613420,99873.0,159.0,99833.0,241.0
2019-06-28 10:09:43.437031449,99873.0,159.0,99833.0,237.0
2019-06-28 10:09:43.437325282,99873.0,159.0,99833.0,232.0
2019-06-28 10:09:43.437355654,99873.0,159.0,99833.0,225.0
2019-06-28 10:09:43.438909246,99873.0,159.0,99833.0,216.0
2019-06-28 10:09:43.438927933,99873.0,159.0,99833.0,215.0
2019-06-28 10:09:43.439243254,99873.0,159.0,99833.0,208.0
2019-06-28 10:09:43.440525620,99873.0,159.0,99833.0,204.0
2019-06-28 10:09:43.441391939,99873.0,159.0,99833.0,203.0
2019-06-28 10:09:43.441800439,99873.0,159.0,99833.0,197.0
2019-06-28 10:09:43.442132500,99873.0,159.0,99833.0,189.0
2019-06-28 10:09:43.442238023,99873.0,159.0,99833.0,188.0
2019-06-28 10:09:43.442618198,99873.0,159.0,99833.0,187.0
2019-06-28 10:09:43.442862254,99873.0,159.0,99833.0,186.0
2019-06-28 10:09:43.442875796,99873.0,159.0,99833.0,181.0
2019-06-28 10:09:43.445131823,99873.0,159.0,99833.0,173.0
2019-06-28 10:09:43.445843520,99873.0,159.0,99833.0,166.0
2019-06-28 10:09:49.207650653,99873.0,159.0,99833.0,266.0
2019-06-28 10:09:59.419333283,99873.0,59.0,99833.0,266.0
2019-06-28 10:09:59.423442453,99873.0,59.0,99833.0,263.0
2019-06-28 10:09:59.424859469,99873.0,59.0,99833.0,533.0
2019-06-28 10:09:59.424859471,99873.0,270.0,99833.0,374.0
2019-06-28 10:09:59.425844249,99873.0,270.0,99833.0,371.0
2019-06-28 10:09:59.426103437,99873.0,270.0,99833.0,368.0
2019-06-28 10:09:59.427632348,99873.0,270.0,99833.0,363.0
2019-06-28 10:09:59.427879886,99873.0,270.0,99833.0,361.0
2019-06-28 10:09:59.429800452,99873.0,270.0,99833.0,360.0
2019-06-28 10:09:59.431682142,99873.0,270.0,99833.0,357.0
2019-06-28 10:09:59.431998280,99873.0,270.0,99833.0,353.0
2019-06-28 10:09:59.432416309,99873.0,270.0,99833.0,349.0
2019-06-28 10:09:59.432710137,99873.0,270.0,99833.0,344.0
2019-06-28 10:09:59.432740512,99873.0,270.0,99833.0,337.0
2019-06-28 10:09:59.434294101,99873.0,270.0,99833.0,328.0
2019-06-28 10:09:59.434312793,99873.0,270.0,99833.0,327.0
2019-06-28 10:09:59.434628114,99873.0,270.0,99833.0,320.0
2019-06-28 10:09:59.435910482,99873.0,270.0,99833.0,316.0
2019-06-28 10:09:59.436776801,99873.0,270.0,99833.0,315.0
2019-06-28 10:09:59.437185300,99873.0,270.0,99833.0,309.0
2019-06-28 10:09:59.437517355,99873.0,270.0,99833.0,301.0
2019-06-28 10:09:59.437622880,99873.0,270.0,99833.0,300.0
2019-06-28 10:09:59.438003052,99873.0,270.0,99833.0,299.0
2019-06-28 10:09:59.438247109,99873.0,270.0,99833.0,298.0
2019-06-28 10:09:59.438260654,99873.0,270.0,99833.0,293.0
