34200.023,1,186830,110,244360,-1
34201.149,2,175665,100,244200,-1
34202.341,1,188063,110,241910,1
34202.821,2,188063,110,241910,1
34204.049,1,188926,37,242800,-1
34204.578,1,189220,110,241450,1
34206.241,2,186830,110,244360,-1
34206.65,1,190524,2000,120000,1
34206.756,1,190580,110,243450,-1
34207.091,2,188926,37,242800,-1
34207.238,1,190767,37,242900,-1
34208.219,1,191670,2000,242980,-1
34208.827,2,189220,110,241450,1
34208.922,2,190580,110,243450,-1
34208.935,1,192298,110,244360,-1
34208.942,1,192311,110,241450,1
34209.07,2,192311,110,241450,1
34209.506,2,191670,2000,242980,-1
34209.543,1,192846,500,244000,-1
34209.572,1,192856,2000,243180,-1
34209.919,4,190767,37,242900,-1
34209.919,5,192353,100,243000,-1
34210.123,1,193406,14,242900,-1
34210.127,1,193408,2000,242520,1
34210.199,1,193508,110,241550,1
34210.246,2,193508,110,241550,1
34210.252,1,193597,110,241450,1
34210.256,2,193408,2000,242520,1
34210.689,1,193817,2000,242980,-1
34210.694,2,192298,110,244360,-1
34210.699,1,193823,110,243450,-1
34211.022,2,192856,2000,243180,-1
34211.059,4,193406,14,242900,-1
34211.059,5,193393,56,242900,-1
34212.209,2,193597,110,241450,1
34212.217,1,195075,110,241270,1
34212.238,2,195075,110,241270,1
34212.244,1,195087,110,241360,1
34212.309,1,195132,200,232200,1
34212.569,2,195087,110,241360,1
34212.576,1,195275,110,241270,1
34212.891,5,195416,530,242750,1
34212.891,5,195279,70,242700,1
34213.1,5,195279,30,242700,1
34213.1,5,193986,143,242620,1
34213.1,4,153481,527,242600,1
34213.17,2,195275,110,241270,1
34213.469,2,193823,110,243450,-1
34213.476,1,195797,110,243360,-1
34213.826,2,195797,110,243360,-1
34213.831,1,195976,110,243450,-1
34213.892,4,153481,400,242600,1
34214.636,1,196354,110,241360,1
34217.229,4,153481,133,242600,1
34217.258,2,196354,110,241360,1
34217.264,1,197752,110,241450,1
34217.378,1,197798,2000,242220,1
34217.468,2,197798,2000,242220,1
34218.065,1,198013,2000,242120,1
34218.484,2,197752,110,241450,1
34218.489,1,198150,110,241360,1
34218.492,2,198150,110,241360,1
34220.053,2,195976,110,243450,-1
34220.058,1,198758,110,243000,-1
34220.246,2,198758,110,243000,-1
34220.251,1,198833,110,243450,-1
34220.655,1,198971,2000,242420,1
34221.05,2,198971,2000,242420,1
34221.204,2,198013,2000,242120,1
34221.207,1,199201,2000,242320,1
34222.335,2,198833,110,243450,-1
34222.341,1,199710,110,242910,-1
34222.674,1,199953,258,242750,-1
34222.695,2,192846,500,244000,-1
34223.958,4,174785,100,242500,1
34226.369,2,199201,2000,242320,1
34226.373,1,201386,2000,242780,-1
34226.395,2,193817,2000,242980,-1
34226.651,2,201386,2000,242780,-1
34226.732,1,201520,2000,242320,1
34226.823,2,201520,2000,242320,1
34226.824,4,174948,100,242500,1
34227.282,1,201688,2000,242320,1
34227.536,2,199710,110,242910,-1
34227.548,1,201772,110,242820,-1
34231.041,1,202948,2000,242780,-1
34231.043,2,201688,2000,242320,1
34231.114,2,202948,2000,242780,-1
34231.639,1,203194,2000,242320,1
34232.264,2,203194,2000,242320,1
34232.296,1,203462,2000,242780,-1
34232.836,1,203659,2000,242220,1
34232.95,2,203462,2000,242780,-1
34233.4,1,203862,100,226500,1
34235.42,2,201772,110,242820,-1
34235.429,1,204750,110,243000,-1
34235.642,1,204837,2000,242880,-1
34238.312,1,205823,500,242600,-1
34238.845,1,206064,110,241450,1
34241.84,2,206064,110,241450,1
34241.852,1,207377,110,241270,1
34241.999,2,204750,110,243000,-1
34242.004,1,207445,110,242820,-1
34242.15,2,203659,2000,242220,1
34243.405,4,174948,100,242500,1
34243.555,5,208002,200,242550,-1
34243.555,4,205823,100,242600,-1
34243.689,4,205823,400,242600,-1
34243.766,1,208161,2000,242120,1
34244.32,1,208382,2000,242680,-1
34244.394,2,208161,2000,242120,1
34244.455,2,208382,2000,242680,-1
34244.526,1,208456,400,242510,-1
34244.861,1,208596,2000,242120,1
34244.879,2,207445,110,242820,-1
34244.886,1,208611,110,243000,-1
34245.179,2,208596,2000,242120,1
34245.455,1,208839,2000,242120,1
34245.518,2,208839,2000,242120,1
34246.039,1,209161,2000,242120,1
34246.228,2,209161,2000,242120,1
34246.608,1,209435,2000,242600,-1
34246.729,5,208569,100,242500,-1
34246.729,4,208456,48,242510,-1
34246.787,2,204837,2000,242880,-1
34247.111,1,209685,2000,241920,1
34247.41,1,209824,200,242500,1
34247.491,2,207377,110,241270,1
34247.496,1,209856,110,241360,1
34247.511,2,209435,2000,242600,-1
34247.525,2,208456,352,242510,-1
34247.647,5,209900,200,242520,1
34247.647,1,209951,152,242510,-1
34247.689,1,209970,2000,242120,1
34247.842,2,209685,2000,241920,1
34247.945,2,208611,110,243000,-1
34247.95,1,210077,110,243450,-1
34248.009,4,209824,200,242500,1
34248.009,5,209811,100,242300,1
34248.258,1,210239,200,242610,-1
34248.337,2,209856,110,241360,1
34248.342,2,209970,2000,242120,1
34248.343,1,210285,110,241450,1
34248.364,1,210305,2000,242600,-1
34248.416,2,210305,2000,242600,-1
34249.018,1,210612,2000,242020,1
34249.105,2,210239,200,242610,-1
34249.483,2,210285,110,241450,1
34249.487,1,210829,110,241360,1
34249.645,2,209951,152,242510,-1
34249.714,2,210612,2000,242020,1
34249.716,1,210942,2000,242600,-1
34250.013,2,210942,2000,242600,-1
34250.128,2,28844,1000,240000,1
34250.269,1,211215,2000,242680,-1
34250.271,2,210077,110,243450,-1
34250.279,1,211223,110,243180,-1
34250.31,2,211215,2000,242680,-1
34250.537,2,210829,110,241360,1
34250.542,1,211332,110,241450,1
34250.815,1,211453,2000,242680,-1
34250.867,1,211480,200,242600,-1
34250.869,2,211332,110,241450,1
34250.886,1,211495,110,241360,1
34250.923,2,211453,2000,242680,-1
34251.302,2,211480,200,242600,-1
34251.367,1,211733,2000,242680,-1
34251.662,1,211871,200,242600,-1
34251.939,1,211998,2000,242020,1
34252.11,2,211733,2000,242680,-1
34252.159,2,211871,200,242600,-1
34252.5,1,212249,2000,242680,-1
34253.999,2,212249,2000,242680,-1
34254.313,1,213093,73,207800,1
34254.484,1,213186,2000,242220,1
34254.588,2,211495,110,241360,1
34254.725,2,211223,110,243180,-1
34254.731,1,213346,110,243270,-1
34254.791,2,213186,2000,242220,1
34254.794,2,211998,2000,242020,1
34255.036,1,213517,2000,242780,-1
34255.579,1,213810,2000,242120,1
34255.977,2,104027,400,241700,1
34256.648,2,213346,110,243270,-1
34256.653,1,214308,110,243180,-1
34257.304,2,213517,2000,242780,-1
34257.409,1,214759,2000,242880,-1
34260.4,2,214308,110,243180,-1
34260.416,1,216118,110,243090,-1
34260.575,1,216191,200,242600,-1
34260.62,1,216219,700,242400,-1
34260.859,2,216191,200,242600,-1
34260.864,2,213810,2000,242120,1
34261.219,2,216118,110,243090,-1
34261.224,1,216495,110,243270,-1
34261.539,1,216650,2000,242480,-1
34261.75,2,216650,2000,242480,-1
34261.972,5,216334,200,242380,-1
34261.972,4,216219,300,242400,-1
34262.082,1,216863,2000,242580,-1
34262.487,2,214759,2000,242880,-1
34262.491,2,216863,2000,242580,-1
34262.688,1,217138,2000,242020,1
34263.331,2,217138,2000,242020,1
34263.497,1,217482,2000,241920,1
34263.551,4,216219,100,242400,-1
34264.039,2,216495,110,243270,-1
34264.046,1,217769,110,243180,-1
34264.068,1,217783,2000,242580,-1
34264.3,1,217943,500,233000,1
34264.935,4,216219,300,242400,-1
34264.935,5,216220,700,242400,-1
34265.017,1,218243,110,241450,1
34265.212,1,218322,700,242400,-1
34265.657,2,218243,110,241450,1
34265.662,1,218524,110,241640,1
34265.916,2,217783,2000,242580,-1
34265.986,1,218651,2000,242580,-1
34266.174,2,217769,110,243180,-1
34266.18,1,218742,110,243090,-1
34266.385,2,218651,2000,242580,-1
34266.579,1,218936,2000,242480,-1
34266.619,2,218936,2000,242480,-1
34266.883,2,218742,110,243090,-1
34266.888,1,219071,110,243180,-1
34267.126,1,219184,2000,242680,-1
34267.569,2,219071,110,243180,-1
34267.575,1,219374,110,243090,-1
34269.845,1,220397,2000,242120,1
34269.855,4,218322,200,242400,-1
34269.886,2,220397,2000,242120,1
34270.398,1,220561,2000,242120,1
34270.515,2,220561,2000,242120,1
34270.544,2,219374,110,243090,-1
34270.551,1,220613,110,243180,-1
34270.818,4,218322,100,242400,-1
34270.943,1,220757,2000,242480,-1
34271.306,2,218524,110,241640,1
34271.414,2,219184,2000,242680,-1
34272.303,4,218322,400,242400,-1
34272.303,5,216220,2900,242400,-1
34272.981,2,220757,2000,242480,-1
34273.08,1,221503,2000,242780,-1
34273.094,1,221510,110,241550,1
34273.4,2,221510,110,241550,1
34273.848,1,221779,2000,242120,1
34274.024,2,217482,2000,241920,1
34274.337,2,220613,110,243180,-1
34274.343,1,221917,110,243090,-1
34274.617,5,211051,100,242300,1
34274.617,5,221955,300,242300,1
34274.617,1,222031,100,242300,-1
34274.629,4,222031,100,242300,-1
34274.675,2,221779,2000,242120,1
34275.094,1,222184,2000,242120,1
34277.843,2,221503,2000,242780,-1
34278.89,1,223415,500,242800,-1
34278.959,2,221917,110,243090,-1
34278.964,1,223453,110,243000,-1
34279.162,1,223532,2000,242780,-1
34279.284,1,223584,110,241550,1
34280.235,2,223453,110,243000,-1
34280.242,1,224127,110,243090,-1
34280.72,1,224442,500,242200,1
34280.731,2,223584,110,241550,1
34280.738,1,224448,110,241640,1
34281.408,2,224448,110,241640,1
34281.43,2,223532,2000,242780,-1
34281.599,1,224783,2000,242320,1
34281.607,2,222184,2000,242120,1
34281.643,2,224442,500,242200,1
34281.65,1,224793,500,242300,1
34282.18,2,223415,500,242800,-1
34282.473,5,225079,200,242700,-1
34282.499,5,225079,100,242700,-1
34282.517,1,225144,2000,242880,-1
34282.555,2,225144,2000,242880,-1
34283.065,1,225347,2000,242980,-1
34283.37,5,225445,300,242600,1
34283.37,5,225218,100,242500,1
34283.37,5,224900,200,242340,1
34283.37,4,224783,702,242320,1
34283.387,2,224783,1298,242320,1
34283.522,5,225387,500,242700,-1
34283.613,1,225607,702,242680,-1
34283.675,2,225347,2000,242980,-1
34284.305,2,224127,110,243090,-1
34284.31,1,225853,110,243450,-1
34285.14,1,226122,5400,242340,1
34285.835,1,226352,500,242600,1
34286.217,1,226465,1000,242610,-1
34289.216,2,226465,1000,242610,-1
34290.05,2,226352,500,242600,1
34290.167,4,225607,82,242680,-1
34292.327,4,225607,620,242680,-1
34292.429,1,229030,102,242420,1
34292.637,1,229168,600,242500,1
34292.656,2,225853,110,243450,-1
34292.664,1,229177,110,243360,-1
34293.019,1,229334,102,242620,1
34293.177,2,229030,102,242420,1
34293.309,2,224793,500,242300,1
34293.564,1,229554,2000,243280,-1
34293.949,2,229177,110,243360,-1
34293.955,1,229684,110,243180,-1
34294.742,2,229684,110,243180,-1
34294.748,1,229914,110,243360,-1
34294.839,1,229946,200,242850,-1
34295.524,4,199953,258,242750,-1
34295.524,1,230217,242,242790,1
34295.71,5,225628,100,242800,-1
34295.71,1,230293,302,242820,1
34295.712,2,229554,2000,243280,-1
34295.747,4,230293,200,242820,1
34295.76,2,229334,102,242620,1
34295.778,2,229946,200,242850,-1
34296.206,2,229914,110,243360,-1
34296.212,1,230513,110,243450,-1
34296.279,1,230552,2000,243480,-1
34296.515,2,230552,2000,243480,-1
34296.779,1,230765,200,242900,-1
34296.826,4,230765,200,242900,-1
34296.928,1,230857,2000,243480,-1
34296.967,2,230857,2000,243480,-1
34297.136,5,230813,102,242870,1
34297.14,1,230943,300,242700,1
34297.219,5,230813,98,242870,1
34297.219,4,230293,102,242820,1
34297.219,4,230217,42,242790,1
34297.472,1,231112,2000,243380,-1
34298.019,1,231372,2000,242820,1
34298.053,1,231386,146,243100,-1
34298.081,2,231372,2000,242820,1
34298.33,1,231515,146,243000,-1
34298.452,2,231386,146,243100,-1
34298.481,2,230513,110,243450,-1
34298.526,2,230217,200,242790,1
34298.743,2,231515,146,243000,-1
34298.812,1,231742,2000,242620,1
34298.885,1,231770,200,242890,1
34299.399,2,231112,2000,243380,-1
34299.475,1,232047,2000,242820,1
34299.653,1,232127,146,243100,-1
34299.759,2,232047,2000,242820,1
34299.951,2,232127,146,243100,-1
34300.023,1,232349,2000,243880,-1
34301.565,1,233092,2000,242820,1
34301.668,1,233153,146,243200,-1
34301.886,2,231770,200,242890,1
34301.948,2,233092,2000,242820,1
34302.0,2,231742,2000,242620,1
34302.11,1,233398,2000,243280,-1
34302.455,2,232349,2000,243880,-1
34302.686,2,233398,2000,243280,-1
34302.69,1,233692,2000,242820,1
34302.73,1,233715,110,241520,1
34302.792,1,233761,500,243100,-1
34302.829,2,233153,146,243200,-1
34302.959,2,233692,2000,242820,1
34302.961,1,233829,500,242800,1
34303.234,1,233981,2000,242720,1
34303.307,4,233761,500,243100,-1
34303.307,5,233765,1100,243100,-1
34303.611,1,234123,500,243100,-1
34303.787,1,234219,2000,243280,-1
34303.819,2,233715,110,241520,1
34303.823,1,234243,110,241820,1
34303.897,1,234268,146,243200,-1
34303.98,2,234219,2000,243280,-1
34304.034,1,234349,1000,242900,1
34304.329,2,234268,146,243200,-1
34304.378,4,234123,500,243100,-1
34304.378,5,233765,500,243100,-1
34304.481,1,234499,2000,243880,-1
34304.489,1,234507,400,240500,1
34304.538,5,233765,1500,243100,-1
34304.717,1,234614,500,243100,-1
34305.047,1,234768,2000,243020,1
34305.101,4,234614,200,243100,-1
34305.117,2,234768,2000,243020,1
34305.407,2,234243,110,241820,1
34305.528,1,234954,146,243240,-1
34305.798,2,234954,146,243240,-1
34306.345,1,235308,50,175100,1
34306.462,4,234614,300,243100,-1
34306.703,1,235426,400,243100,-1
34307.363,4,235426,400,243100,-1
34308.063,1,235955,2000,243020,1
34308.166,2,233981,2000,242720,1
34308.289,1,236035,146,243200,-1
34308.294,2,236035,146,243200,-1
34308.392,2,235955,2000,243020,1
34308.554,2,229168,600,242500,1
34308.627,1,236158,2000,242820,1
34309.183,1,236323,2000,243020,1
34309.228,2,236158,2000,242820,1
34309.79,1,236506,110,240090,1
34309.902,2,236323,2000,243020,1
34309.969,1,236566,2000,242920,1
34310.006,2,236566,2000,242920,1
34310.523,1,236841,2000,242920,1
34310.688,1,236943,146,243400,-1
34311.064,1,237138,2000,243480,-1
34311.297,2,234499,2000,243880,-1
34311.365,2,234349,1000,242900,1
34311.366,2,233829,500,242800,1
34311.966,1,237622,146,243300,-1
34311.968,2,236943,146,243400,-1
34312.202,2,236841,2000,242920,1
34312.347,1,237803,300,243200,1
34312.357,1,237807,2000,242820,1
34312.357,4,237803,200,243200,1
34312.436,2,237138,2000,243480,-1
34312.864,1,238055,2000,243580,-1
34313.417,1,238280,2000,243020,1
34313.421,4,237803,100,243200,1
34313.456,2,237807,2000,242820,1
34313.553,2,238280,2000,243020,1
34313.729,2,236506,110,240090,1
34313.731,1,238448,110,244000,-1
34313.737,1,238452,110,240360,1
34313.905,1,238527,1000,242710,1
34314.014,1,238566,2000,242820,1
34314.88,2,238452,110,240360,1
34314.889,1,238911,110,240550,1
34314.899,2,238566,2000,242820,1
34315.003,1,238981,2000,242720,1
34315.064,2,238911,110,240550,1
34315.069,1,239014,110,240100,1
34315.579,1,239240,2000,243380,-1
34316.02,2,238055,2000,243580,-1
34316.559,2,239240,2000,243380,-1
34316.572,1,239766,2000,243480,-1
34316.79,2,238448,110,244000,-1
34317.715,2,73774,100,244000,-1
34317.913,1,240326,110,244190,-1
34319.278,1,240869,146,243100,-1
34319.373,2,237622,146,243300,-1
34319.511,2,238981,2000,242720,1
34319.753,1,241115,2000,242820,1
34319.829,2,238527,1000,242710,1
34319.897,2,241115,2000,242820,1
34320.315,1,241468,2000,242720,1
34320.466,2,241468,2000,242720,1
34320.864,1,241724,2000,243180,-1
34320.969,2,239766,2000,243480,-1
34321.41,1,242034,2000,242620,1
34321.457,2,239014,110,240100,1
34321.461,1,242059,110,239730,1
34321.47,2,240326,110,244190,-1
34321.475,1,242071,110,243910,-1
34321.702,2,240869,146,243100,-1
34321.841,2,242034,2000,242620,1
34321.883,1,242255,500,242710,1
34322.294,2,241724,2000,243180,-1
34322.324,1,242471,2000,243380,-1
34322.855,1,242787,2000,242720,1
34323.105,1,242893,100,243100,-1
34323.176,2,242787,2000,242720,1
34323.284,2,242059,110,239730,1
34323.289,1,242991,110,240120,1
34323.512,1,243107,2000,243180,-1
34323.589,2,243107,2000,243180,-1
34324.067,1,243370,2000,243180,-1
34324.643,2,242471,2000,243380,-1
34325.054,2,243370,2000,243180,-1
34325.251,2,242255,500,242710,1
34325.284,1,243812,2000,243280,-1
34325.69,5,239910,100,243000,1
34325.69,1,243954,100,243000,-1
34325.758,1,243974,2000,242620,1
34325.769,2,242893,100,243100,-1
34325.834,2,243974,2000,242620,1
34325.928,2,242071,110,243910,-1
34325.935,1,244065,110,244190,-1
34326.041,2,243954,100,243000,-1
34326.071,2,244065,110,244190,-1
34326.313,1,244197,2000,242420,1
34326.588,1,244288,110,244090,-1
34327.468,1,244594,2000,242620,1
34327.477,2,244197,2000,242420,1
34327.542,1,244633,500,243300,-1
34327.607,2,244633,500,243300,-1
34327.612,5,244524,500,242950,1
34327.624,5,238565,300,242900,1
34327.624,5,244309,100,242900,1
34327.881,1,244781,500,242900,-1
34327.887,4,244781,300,242900,-1
34328.006,2,244594,2000,242620,1
34328.043,1,244830,200,243300,-1
34328.081,1,244852,2000,243080,-1
34328.129,1,244864,200,243100,-1
34328.133,2,244830,200,243300,-1
34328.519,2,244852,2000,243080,-1
34328.577,2,243812,2000,243280,-1
34328.701,1,245071,200,243000,-1
34328.736,1,245088,2000,243080,-1
34328.781,2,244864,200,243100,-1
34328.867,2,245071,200,243000,-1
34329.281,1,245230,2000,242420,1
34329.297,4,244781,200,242900,-1
34329.297,5,244683,800,242900,-1
34329.374,2,245088,2000,243080,-1
34329.57,1,245314,500,242900,-1
34329.797,4,245314,400,242900,-1
34329.84,1,245401,2000,243080,-1
34330.056,4,245314,100,242900,-1
34330.101,1,245502,500,242900,-1
34330.604,2,245401,2000,243080,-1
34330.615,4,245502,400,242900,-1
34330.709,1,245714,2000,243180,-1
34331.059,1,245851,500,242710,1
34332.743,2,244288,110,244090,-1
34332.749,1,246693,110,243910,-1
34332.826,1,246720,100,243100,-1
34333.517,2,245851,500,242710,1
34334.178,4,245502,100,242900,-1
34334.178,5,244683,400,242900,-1
34334.319,1,247527,500,242900,-1
34335.386,2,246720,100,243100,-1
34336.018,4,247527,100,242900,-1
34338.416,2,247527,400,242900,-1
34338.466,2,245714,2000,243180,-1
34338.473,1,249622,2000,243280,-1
34338.917,2,249622,2000,243280,-1
34339.019,1,249914,2000,243380,-1
34339.564,1,250163,2000,242820,1
34339.693,2,249914,2000,243380,-1
34339.882,1,250339,1000,243900,-1
34339.99,2,245230,2000,242420,1
34340.126,1,250469,2000,243780,-1
34340.171,2,250339,1000,243900,-1
34340.258,2,246693,110,243910,-1
34340.263,1,250528,110,243820,-1
34340.306,1,250543,1000,243770,-1
34342.591,1,251852,50,242900,1
34342.606,2,250528,110,243820,-1
34343.044,1,252163,200,243300,-1
34343.151,1,252261,2000,243380,-1
34343.249,2,250469,2000,243780,-1
34343.603,2,252261,2000,243380,-1
34344.314,2,250543,1000,243770,-1
34344.372,1,253022,2000,243480,-1
34344.975,1,253316,2000,243280,-1
34344.978,2,250163,2000,242820,1
34345.405,2,253022,2000,243480,-1
34345.52,1,253541,2000,242720,1
34345.955,2,253316,2000,243280,-1
34346.32,2,252163,200,243300,-1
34346.502,1,253969,2000,243980,-1
34347.052,1,254173,200,243100,-1
34347.063,1,254188,2000,243020,1
34347.153,2,254173,200,243100,-1
34347.159,2,253541,2000,242720,1
34347.165,2,254188,2000,243020,1
34347.626,1,254454,2000,243020,1
34347.879,1,254558,1000,243970,-1
34348.106,1,254677,200,243200,-1
34348.178,2,254454,2000,243020,1
34348.271,1,254787,2000,242820,1
34348.277,2,254677,200,243200,-1
34348.796,5,254743,400,243050,-1
34348.83,1,255027,2000,243480,-1
34348.861,2,254558,1000,243970,-1
34348.899,1,255059,1000,243470,-1
34349.271,2,253969,2000,243980,-1
34349.296,2,255027,2000,243480,-1
34349.383,1,255232,2000,243580,-1
34349.923,1,255435,2000,243020,1
34349.998,2,255435,2000,243020,1
34350.0,2,254787,2000,242820,1
34350.004,2,255232,2000,243580,-1
34350.269,5,255146,100,243100,1
34350.269,5,255185,196,243100,1
34351.856,4,251852,50,242900,1
34352.903,1,256522,400,242710,1
34353.453,1,256708,110,244090,-1
34354.657,2,256522,400,242710,1
34357.405,1,257914,700,242900,1
34357.661,1,258017,200,242800,1
34358.794,2,256708,110,244090,-1
34359.114,4,257914,700,242900,1
34359.138,1,258809,110,244180,-1
34359.152,2,258809,110,244180,-1
34359.17,1,258840,700,242900,1
34359.244,1,258897,110,244360,-1
34359.507,4,258840,300,242900,1
34359.682,4,258840,400,242900,1
34359.682,5,257920,300,242900,1
34359.748,1,259205,200,243200,-1
34359.751,1,259208,200,243100,-1
34359.791,1,259226,700,242900,1
34359.859,2,259205,200,243200,-1
34359.871,2,258017,200,242800,1
34360.169,4,259226,700,242900,1
34360.184,5,257920,700,242900,1
34360.217,1,259435,700,242900,1
34361.212,1,259809,100,246200,-1
34362.102,4,259435,700,242900,1
34362.136,1,260132,700,242900,1
34362.178,4,260132,400,242900,1
34362.678,2,242991,110,240120,1
34362.701,1,260361,110,240730,1
34362.854,4,260132,82,242900,1
34363.122,2,259208,200,243100,-1
34363.792,1,260673,500,243500,-1
34364.371,4,260132,218,242900,1
34364.371,5,257920,482,242900,1
34364.654,1,260887,18,242900,1
34365.349,1,261071,200,242800,1
34365.616,2,261071,200,242800,1
34365.964,1,261275,200,242790,1
34367.623,2,261275,200,242790,1
34369.553,1,262554,300,243000,1
34369.573,2,260673,500,243500,-1
34369.578,1,262558,200,242790,1
34370.06,4,262554,300,243000,1
34370.276,1,262798,200,242800,1
34370.277,2,262558,200,242790,1
34370.723,2,262798,200,242800,1
34371.329,4,260887,18,242900,1
34377.906,1,265671,100,242710,1
34379.375,2,265671,100,242710,1
34380.882,1,266665,200,242710,1
34382.5,2,266665,200,242710,1
34382.658,1,267527,500,242710,1
34382.83,2,267527,500,242710,1
34385.095,1,268790,500,240200,1
34385.864,1,269163,120,231800,1
34386.131,2,260361,110,240730,1
34386.136,1,269301,110,240820,1
34386.51,1,269445,300,243000,1
34386.662,2,269301,110,240820,1
34386.668,1,269525,110,240730,1
34386.677,1,269533,400,242600,1
34387.028,1,269644,200,242900,1
34387.509,4,269445,100,243000,1
34387.547,2,269644,200,242900,1
34388.049,4,269445,200,243000,1
34388.781,1,270248,100,243000,1
34389.135,1,270380,500,243100,-1
34389.624,2,258897,110,244360,-1
34389.631,1,270589,110,244550,-1
34389.875,2,269525,110,240730,1
34389.883,1,270700,110,241000,1
34390.068,4,270248,100,243000,1
34390.343,1,270903,500,242920,1
34393.329,2,270700,110,241000,1
34393.337,1,272101,110,240090,1
34393.703,2,272101,110,240090,1
34394.279,1,272600,200,242820,1
34394.683,1,272823,200,243200,-1
34394.687,2,272600,200,242820,1
34394.952,1,272937,110,240120,1
34395.581,1,273249,300,242900,1
34396.938,2,273249,300,242900,1
34397.637,2,272823,200,243200,-1
34399.697,2,270589,110,244550,-1
34399.941,2,178352,900,240100,1
34400.205,4,270903,500,242920,1
34400.348,1,275047,900,242500,1
34402.761,2,272937,110,240120,1
34402.767,1,276121,110,241180,1
34403.708,1,276583,1000,242710,1
34404.249,2,276121,110,241180,1
34404.254,1,276898,110,241270,1
34405.095,2,276898,110,241270,1
34405.107,1,277433,110,241090,1
34405.282,2,277433,110,241090,1
34405.287,1,277536,110,240550,1
34407.123,2,226122,5400,242340,1
34407.126,1,278476,5400,242810,1
34408.603,1,279084,500,242620,1
34410.123,2,277536,110,240550,1
34410.13,1,279867,110,241280,1
34410.355,2,279867,110,241280,1
34410.362,1,280033,110,240550,1
34410.622,2,280033,110,240550,1
34410.639,1,280248,110,241360,1
34410.822,2,280248,110,241360,1
34410.831,1,280389,110,241460,1
34411.002,2,280389,110,241460,1
34411.007,1,280486,110,241360,1
34411.669,2,280486,110,241360,1
34411.687,1,280858,110,240550,1
34412.073,1,281156,110,244730,-1
34412.114,2,281156,110,244730,-1
34412.119,1,281193,110,244820,-1
34412.245,2,281193,110,244820,-1
34412.391,2,280858,110,240550,1
34412.396,1,281473,110,241460,1
34412.592,1,281617,110,244820,-1
34412.609,2,281617,110,244820,-1
34412.619,1,281656,110,244730,-1
34412.913,2,281473,110,241460,1
34412.92,1,281877,110,241550,1
34414.581,2,281877,110,241550,1
34414.592,1,283070,110,241450,1
34414.869,2,283070,110,241450,1
34414.875,1,283254,110,240550,1
34414.965,2,283254,110,240550,1
34414.969,1,283320,110,241270,1
34415.043,2,281656,110,244730,-1
34415.048,1,283359,110,244910,-1
34415.698,2,283320,110,241270,1
34415.699,2,283359,110,244910,-1
34417.247,1,284674,110,242000,1
34417.577,4,270380,100,243100,-1
34418.409,1,285266,1000,242900,1
34419.041,2,284674,110,242000,1
34419.045,1,285572,110,241740,1
34419.088,2,285572,110,241740,1
34419.094,1,285604,110,241010,1
34419.742,2,285266,1000,242900,1
34419.765,1,286072,1000,243000,1
34421.863,4,286072,800,243000,1
34422.738,2,286072,200,243000,1
34422.973,1,288285,110,244450,-1
34423.69,1,288727,100,243000,1
34423.882,1,288833,200,243000,1
34426.135,2,288833,200,243000,1
34427.219,2,285604,110,241010,1
34427.691,1,291020,110,241990,1
34427.699,2,291020,110,241990,1
34428.244,1,291535,110,241990,1
34428.257,2,291535,110,241990,1
34428.286,1,291570,110,241730,1
34428.459,2,291570,110,241730,1
34428.464,1,291693,110,241990,1
34428.466,2,291693,110,241990,1
34428.471,1,291702,110,241730,1
34428.643,1,291812,200,243080,-1
34428.855,2,291702,110,241730,1
34428.863,1,291986,110,241990,1
34429.045,1,292085,500,242500,1
34429.07,2,291986,110,241990,1
34429.077,1,292108,110,241730,1
34429.274,2,292108,110,241730,1
34429.279,1,292258,110,241990,1
34429.495,2,292258,110,241990,1
34429.5,1,292426,110,241730,1
34429.7,2,292426,110,241730,1
34429.706,1,292649,110,241990,1
34429.824,2,292649,110,241990,1
34429.831,1,292772,110,241730,1
34429.928,2,292772,110,241730,1
34429.935,1,292863,110,241990,1
34430.108,2,292863,110,241990,1
34430.114,1,292998,110,241730,1
34430.148,4,288727,100,243000,1
34430.34,2,292998,110,241730,1
34430.345,1,293226,110,241990,1
34430.522,2,293226,110,241990,1
34430.527,1,293400,110,241730,1
34430.642,2,288285,110,244450,-1
34430.648,1,293497,110,244360,-1
34430.726,2,293400,110,241730,1
34430.731,1,293555,110,241990,1
34430.733,2,293555,110,241990,1
34430.737,1,293559,110,241730,1
34430.829,2,293497,110,244360,-1
34430.834,1,293620,110,244450,-1
34430.925,2,293559,110,241730,1
34430.931,1,293689,110,241990,1
34430.935,2,293689,110,241990,1
34430.94,1,293700,110,241730,1
34431.059,2,293620,110,244450,-1
34431.065,1,293802,110,244360,-1
34431.13,2,293700,110,241730,1
34431.135,1,293852,110,241990,1
34431.141,2,293852,110,241990,1
34431.147,1,293861,110,241730,1
34431.328,2,293861,110,241730,1
34431.332,1,293979,110,241990,1
34431.35,2,293979,110,241990,1
34431.353,2,293802,110,244360,-1
34431.36,1,293994,110,241730,1
34431.363,1,293996,110,244450,-1
34431.53,2,293994,110,241730,1
34431.539,1,294143,110,241990,1
34431.546,2,294143,110,241990,1
34431.551,1,294151,110,241730,1
34431.734,2,294151,110,241730,1
34431.74,1,294272,110,241990,1
34431.776,1,294297,200,243100,-1
34431.952,2,294272,110,241990,1
34431.958,1,294412,110,241730,1
34432.026,2,291812,200,243080,-1
34432.144,2,294412,110,241730,1
34432.151,1,294599,110,241990,1
34432.352,2,294599,110,241990,1
34432.357,1,294784,110,241730,1
34432.551,2,294784,110,241730,1
34432.707,1,295007,110,241990,1
34432.762,2,295007,110,241990,1
34432.767,1,295043,110,241730,1
34432.787,2,294297,200,243100,-1
34432.808,2,172081,40,254000,-1
34432.893,5,294885,200,243000,-1
34432.893,1,295110,2050,243000,1
34432.939,1,295143,2000,243280,-1
34432.989,2,295143,2000,243280,-1
34433.26,2,295043,110,241730,1
34433.265,1,295309,110,241910,1
34433.287,2,295309,110,241910,1
34433.291,1,295328,110,241730,1
34433.487,1,295450,2000,243380,-1
34434.733,2,295328,110,241730,1
34434.742,1,296209,110,241910,1
34434.772,2,296209,110,241910,1
34434.778,1,296247,110,241730,1
34434.977,4,270380,400,243100,-1
34434.977,5,270384,600,243100,-1
34435.142,2,293996,110,244450,-1
34435.248,1,296462,500,243100,-1
34435.28,2,295450,2000,243380,-1
34435.395,1,296528,2000,243380,-1
34436.667,2,296247,110,241730,1
34436.673,1,297036,110,241910,1
34438.12,4,295110,500,243000,1
34438.241,4,295110,368,243000,1
34438.585,2,296528,2000,243380,-1
34439.251,1,298636,110,244450,-1
34439.76,2,298636,110,244450,-1
34439.767,1,298883,110,244360,-1
34439.821,2,298883,110,244360,-1
34439.828,1,298924,110,244270,-1
34440.951,4,295110,220,243000,1
34441.226,4,296462,500,243100,-1
34441.226,5,270384,700,243100,-1
34441.303,1,299915,500,243100,-1
34442.253,4,295110,500,243000,1
34444.03,2,298924,110,244270,-1
34444.039,1,301356,110,244360,-1
34444.737,2,295110,462,243000,1
34444.748,4,299915,500,243100,-1
34444.845,1,301773,500,243100,-1
34446.056,4,301773,500,243100,-1
34446.056,5,270384,500,243100,-1
34446.354,1,302509,500,243100,-1
34447.108,1,302881,4600,242960,1
34447.235,4,302509,500,243100,-1
34447.235,5,270384,500,243100,-1
34447.283,5,270384,200,243100,-1
34447.882,2,29711,10000,260000,-1
34448.33,1,303550,10000,249800,-1
34448.389,1,303581,200,243000,1
34450.776,2,303581,200,243000,1
34451.898,1,305118,500,243500,-1
34452.293,1,305254,100,243300,-1
34452.32,2,305118,500,243500,-1
34452.327,1,305269,500,243300,-1
34452.682,2,305254,100,243300,-1
34455.061,2,301356,110,244360,-1
34455.067,1,306536,110,244450,-1
34458.941,2,306536,110,244450,-1
34458.947,1,308515,110,244360,-1
34459.025,2,308515,110,244360,-1
34459.03,1,308565,110,244450,-1
34459.938,2,308565,110,244450,-1
34459.942,1,309127,110,244270,-1
34460.164,2,297036,110,241910,1
34461.911,1,310181,110,241650,1
34462.93,2,305269,500,243300,-1
34466.11,2,255059,1000,243470,-1
34466.331,1,312232,1000,244090,-1
34466.572,1,312313,100,243300,-1
34467.143,5,308350,500,243100,-1
34467.17,2,312313,100,243300,-1
34467.176,5,308350,500,243100,-1
34467.527,1,312790,200,243000,1
34468.124,2,312790,200,243000,1
34468.295,1,313233,200,243320,-1
34468.595,2,309127,110,244270,-1
34468.6,1,313396,110,244450,-1
34468.672,2,313233,200,243320,-1
34468.845,2,310181,110,241650,1
34468.852,1,313552,110,242000,1
34469.795,2,313552,110,242000,1
34469.804,1,314121,110,241650,1
34470.408,1,314405,100,243500,-1
34470.453,2,312232,1000,244090,-1
34470.491,1,314446,800,243490,-1
34470.854,2,314405,100,243500,-1
34471.114,2,314446,800,243490,-1
34471.166,1,314756,1000,244090,-1
34472.051,1,315207,100,243400,-1
34472.056,2,314121,110,241650,1
34472.252,2,315207,100,243400,-1
34472.483,1,315499,110,241730,1
34473.51,1,316046,100,243300,-1
34473.808,2,316046,100,243300,-1
34476.3,2,116902,100,244100,-1
34477.751,5,312817,200,243200,1
34481.209,5,318700,300,243180,-1
34487.781,2,315499,110,241730,1
34489.395,2,276583,1000,242710,1
34490.755,1,323831,500,243400,-1
34491.67,2,323831,500,243400,-1
34494.258,1,325457,500,244100,-1
34495.771,2,325457,500,244100,-1
34496.095,1,326371,200,243400,-1
34496.366,2,326371,200,243400,-1
34496.748,5,318700,200,243180,-1
34496.748,1,326753,7800,243200,1
34497.157,1,326882,200,243100,1
34497.243,2,326882,200,243100,1
34498.785,2,313396,110,244450,-1
34500.333,5,326017,100,243300,-1
34502.967,1,329793,200,243500,-1
34503.514,2,329793,200,243500,-1
34503.574,1,330065,110,244090,-1
34504.198,2,28842,200,235000,1
34504.226,2,330065,110,244090,-1
34504.234,1,330413,110,243730,-1
34504.265,2,314756,1000,244090,-1
34504.299,1,330441,1000,243720,-1
34504.522,1,330604,110,241550,1
34504.584,1,330649,200,225000,1
34504.73,2,330413,110,243730,-1
34504.736,1,330769,110,244000,-1
34505.158,2,330769,110,244000,-1
34505.163,1,331056,110,243730,-1
34506.884,5,328498,500,243380,-1
34506.884,5,329424,200,243400,-1
34506.884,1,331987,300,243410,1
34507.252,1,332172,100,243600,-1
34507.763,4,331987,200,243410,1
34508.317,2,332172,100,243600,-1
34508.358,2,330441,1000,243720,-1
34509.358,1,332998,100,243500,-1
34509.653,2,332998,100,243500,-1
34510.206,2,331056,110,243730,-1
34510.212,1,333340,110,244000,-1
34510.457,2,333340,110,244000,-1
34510.463,1,333468,110,243730,-1
34511.451,4,331987,100,243410,1
34514.141,2,279084,500,242620,1
34514.877,1,335643,300,243210,1
34515.393,2,335643,300,243210,1
34515.425,1,335875,1000,243210,1
34516.171,2,335875,1000,243210,1
34516.205,1,336164,500,243210,1
34516.236,2,336164,500,243210,1
34516.394,1,336250,1000,243210,1
34517.124,2,336250,1000,243210,1
34517.159,1,336502,700,243210,1
34519.015,2,336502,700,243210,1
34519.048,1,337219,1000,243210,1
34519.318,1,337320,1000,243510,-1
34520.055,1,337621,200,243610,-1
34521.653,2,330604,110,241550,1
34521.663,1,338439,110,241820,1
34522.12,2,337621,200,243610,-1
34522.324,2,337320,1000,243510,-1
34522.404,5,337015,400,243580,-1
34522.404,1,338921,600,243590,1
34522.407,2,338921,600,243590,1
34522.819,1,339151,600,243590,1
34522.825,2,339151,600,243590,1
34523.239,1,339329,600,243590,1
34523.245,2,339329,600,243590,1
34523.446,1,339419,600,243590,1
34523.448,2,339419,600,243590,1
34523.654,1,339520,600,243590,1
34523.656,2,339520,600,243590,1
34523.862,1,339630,600,243590,1
34523.865,2,339630,600,243590,1
34524.069,1,339708,600,243590,1
34524.075,2,339708,600,243590,1
34524.278,1,339765,600,243590,1
34524.279,2,339765,600,243590,1
34524.486,1,339832,600,243590,1
34524.487,2,339832,600,243590,1
34524.688,1,339903,600,243590,1
34524.695,2,339903,600,243590,1
34524.895,1,340012,600,243590,1
34524.897,2,340012,600,243590,1
34525.103,1,340096,600,243590,1
34525.105,2,340096,600,243590,1
34525.311,1,340150,600,243590,1
34525.315,2,340150,600,243590,1
34525.519,1,340256,600,243590,1
34525.525,2,340256,600,243590,1
34525.726,1,340337,600,243590,1
34525.727,2,340337,600,243590,1
34525.934,1,340418,600,243590,1
34525.936,2,340418,600,243590,1
34526.147,1,340498,600,243590,1
34526.164,2,340498,600,243590,1
34526.356,1,340564,600,243590,1
34526.361,2,340564,600,243590,1
34526.564,1,340652,600,243590,1
34526.566,2,340652,600,243590,1
34526.766,1,340771,600,243590,1
34526.774,2,340771,600,243590,1
34526.973,1,340840,600,243590,1
34526.975,2,340840,600,243590,1
34527.182,1,340951,600,243590,1
34527.188,2,340951,600,243590,1
34527.397,1,341079,600,243590,1
34527.404,2,341079,600,243590,1
34527.611,1,341220,600,243590,1
34527.615,2,341220,600,243590,1
34527.82,1,341329,600,243590,1
34527.825,2,341329,600,243590,1
34528.111,2,278476,5400,242810,1
34528.559,1,341735,100,243700,-1
34528.613,1,341773,95,243900,-1
34529.262,2,326753,7800,243200,1
34529.27,2,341735,100,243700,-1
34533.47,1,344288,100,243600,-1
34533.767,2,344288,100,243600,-1
34539.872,1,347177,7800,243500,1
34544.369,2,338439,110,241820,1
34544.37,2,333468,110,243730,-1
34545.877,1,349871,1000,243890,-1
34545.932,1,349908,300,244600,-1
34546.938,1,350447,1000,245000,-1
34549.862,1,351560,100,243800,-1
34550.275,2,351560,100,243800,-1
34551.449,1,352172,110,241820,1
34552.654,1,352715,100,243700,-1
34555.738,2,352715,100,243700,-1
34556.972,1,354514,1000,243500,1
34560.553,1,356476,110,243730,-1
34560.564,2,356476,110,243730,-1
34560.571,1,356490,110,244000,-1
34560.975,2,356490,110,244000,-1
34560.981,1,356626,110,243730,-1
34561.36,2,356626,110,243730,-1
34561.365,1,356793,110,244000,-1
34561.399,2,352172,110,241820,1
34561.404,1,356810,110,242000,1
34561.627,2,356793,110,244000,-1
34561.633,1,356928,110,244090,-1
34561.677,2,356810,110,242000,1
34561.686,1,356954,110,241820,1
34561.739,2,356928,110,244090,-1
34561.745,1,356977,110,243730,-1
34562.128,2,356977,110,243730,-1
34562.133,1,357166,110,244090,-1
34562.303,2,357166,110,244090,-1
34562.308,1,357265,110,243730,-1
34562.469,2,356954,110,241820,1
34562.474,1,357353,110,242000,1
34562.678,2,357265,110,243730,-1
34562.684,1,357500,110,244090,-1
34562.789,2,357353,110,242000,1
34562.793,2,357500,110,244090,-1
34562.795,1,357590,110,241820,1
34562.799,1,357597,110,243730,-1
34563.502,2,357597,110,243730,-1
34563.511,1,357926,110,244000,-1
34563.633,2,357926,110,244000,-1
34563.645,1,358002,110,243910,-1
34563.659,2,358002,110,243910,-1
34563.664,2,357590,110,241820,1
34563.665,2,349871,1000,243890,-1
34563.678,1,358020,110,244000,-1
34563.687,1,358029,110,242000,1
34563.753,2,358020,110,244000,-1
34563.758,1,358057,110,243820,-1
34563.853,2,341773,95,243900,-1
34563.966,2,358029,110,242000,1
34563.986,1,358177,110,241820,1
34564.064,1,358201,95,244300,-1
34564.219,2,358177,110,241820,1
34564.233,1,358267,110,242000,1
34564.391,2,354514,1000,243500,1
34564.392,1,358334,1000,243700,1
34564.52,2,358267,110,242000,1
34564.525,1,358397,110,241910,1
34564.538,2,358397,110,241910,1
34564.543,1,358405,110,242000,1
34564.724,2,358405,110,242000,1
34564.731,1,358554,110,241910,1
34565.326,2,358334,1000,243700,1
34565.329,1,358823,1000,243700,1
34567.133,2,302881,4600,242960,1
34567.135,1,359698,4600,243430,1
34568.875,2,358057,110,243820,-1
34568.884,1,360412,110,244090,-1
34568.892,1,360419,500,244200,-1
34568.901,2,360419,500,244200,-1
34568.909,1,360425,500,244100,-1
34569.151,1,360512,200,243920,-1
34569.155,2,360512,200,243920,-1
34569.488,2,358823,1000,243700,1
34569.489,1,360646,1000,243800,1
34569.695,1,360763,200,244000,-1
34569.786,2,360763,200,244000,-1
34569.945,2,360425,500,244100,-1
34571.247,2,360646,1000,243800,1
34571.249,1,361643,1000,243900,1
34571.267,1,361657,500,243600,1
34572.314,1,362286,200,244400,-1
34572.318,1,362289,200,241900,1
34573.061,2,360412,110,244090,-1
34573.107,5,361778,110,243960,1
34573.122,2,358554,110,241910,1
34573.149,5,361778,110,243960,1
34573.236,5,361778,110,243960,1
34573.254,5,361778,110,243960,1
34573.467,1,362947,110,244270,-1
34573.814,1,363114,100,244800,-1
34573.935,2,292085,500,242500,1
34574.562,1,363400,500,243500,1
34575.086,1,363595,1000,243400,1
34575.386,2,362947,110,244270,-1
34575.392,1,363751,110,244550,-1
34575.781,2,363751,110,244550,-1
34575.789,1,363937,110,244270,-1
34575.866,2,363937,110,244270,-1
34576.043,1,364061,300,243900,1
34576.281,5,362748,600,244150,-1
34576.51,1,364264,110,243450,1
34576.694,2,364264,110,243450,1
34576.698,1,364388,110,243360,1
34577.655,2,361643,1000,243900,1
34577.658,1,365033,1000,243900,1
34577.675,2,365033,1000,243900,1
34577.677,1,365045,1000,244000,1
34577.884,2,365045,1000,244000,1
34578.316,1,365403,200,244100,-1
34578.342,1,365424,110,244270,-1
34578.696,2,365424,110,244270,-1
34578.704,1,365745,110,244550,-1
34578.743,2,365403,200,244100,-1
34578.885,5,365075,500,244100,-1
34578.885,5,365790,400,244160,-1
34578.895,1,365909,400,244000,1
34578.942,2,365745,110,244550,-1
34578.953,1,365944,110,244270,-1
34579.032,2,365944,110,244270,-1
34579.037,1,365996,110,244550,-1
34579.161,1,366068,100,244100,-1
34579.26,5,366088,500,244090,-1
34579.26,4,366068,100,244100,-1
34579.265,4,365909,400,244000,1
34579.267,5,364504,100,244000,1
34579.267,5,365687,300,244000,1
34579.351,5,365687,100,244000,1
34579.351,4,364061,300,243900,1
34579.392,2,337219,1000,243210,1
34579.499,5,366250,200,243680,1
34579.615,2,361657,500,243600,1
34579.771,2,349908,300,244600,-1
34580.23,1,366769,500,243600,1
34580.302,5,366308,200,244100,-1
34580.79,2,358201,95,244300,-1
34580.877,1,367160,500,243610,1
34580.898,1,367175,200,244100,-1
34580.968,2,367160,500,243610,1
34580.974,1,367211,95,244100,-1
34581.001,1,367228,1000,243610,1
34581.1,2,367175,200,244100,-1
34581.139,2,362286,200,244400,-1
34581.147,1,367316,200,244300,-1
34581.169,2,365996,110,244550,-1
34581.175,1,367334,110,244270,-1
34581.422,2,364388,110,243360,1
34581.428,1,367519,110,243450,1
34582.089,2,367519,110,243450,1
34582.102,1,367938,110,243360,1
34582.57,4,367211,95,244100,-1
34582.57,5,367297,5,244180,-1
34583.221,2,363114,100,244800,-1
34583.221,1,368515,100,244200,-1
34583.222,2,367334,110,244270,-1
34583.227,1,368520,110,244360,-1
34583.444,2,367316,200,244300,-1
34583.451,1,368593,200,244800,-1
34583.536,5,367297,100,244180,-1
34583.566,5,367297,95,244180,-1
34583.566,5,367543,5,244190,-1
34583.783,5,367543,395,244190,-1
34583.783,5,368517,305,244190,-1
34583.871,2,368520,110,244360,-1
34583.878,1,368767,110,244270,-1
34584.045,1,368903,200,244300,-1
34584.093,2,368515,100,244200,-1
34584.157,2,368767,110,244270,-1
34584.173,1,368972,110,244360,-1
34584.371,2,368972,110,244360,-1
34584.375,1,369104,110,244270,-1
34585.0,2,367938,110,243360,1
34585.015,1,369458,110,243450,1
34585.267,2,369458,110,243450,1
34585.271,1,369652,110,243360,1
34585.924,1,370070,100,244400,-1
34586.078,5,369373,200,244190,-1
34586.241,1,370367,100,244100,-1
34586.268,2,366769,500,243600,1
34586.538,1,370618,1000,243500,1
34586.586,1,370672,200,244200,-1
34586.675,2,368903,200,244300,-1
34586.676,2,370070,100,244400,-1
34586.899,4,370367,100,244100,-1
34586.899,5,369373,100,244190,-1
34586.899,4,28257,100,244200,-1
34586.926,1,370916,500,243700,1
34586.967,2,367228,1000,243610,1
34587.002,1,370972,1000,243710,1
34587.343,2,369104,110,244270,-1
34587.349,1,371206,110,244360,-1
34587.4,2,370672,200,244200,-1
34588.233,2,371206,110,244360,-1
34588.238,1,371809,110,244270,-1
34588.327,5,371816,100,244100,-1
34588.327,4,28257,50,244200,-1
34588.95,2,347177,7800,243500,1
34589.038,4,173697,100,244200,-1
34589.388,2,371809,110,244270,-1
34589.393,1,372783,110,244360,-1
34589.474,2,372783,110,244360,-1
34589.477,5,372502,100,244150,1
34589.48,1,372853,110,244270,-1
34590.268,1,373481,200,244370,-1
34598.504,1,378068,7800,244200,1
34600.666,4,372853,110,244270,-1
34600.702,2,369652,110,243360,1
34600.944,1,379392,100,244300,1
34601.006,2,373481,200,244370,-1
34601.438,1,379620,5000,243700,1
34601.761,1,379800,200,244400,-1
34601.852,1,379871,100,245100,-1
34601.864,1,379875,500,244300,1
34601.929,2,379800,200,244400,-1
34602.136,2,379875,500,244300,1
34602.138,1,380043,500,244200,1
34602.159,1,380053,500,252000,-1
34602.238,1,380095,110,243820,1
34602.42,2,380043,500,244200,1
34602.421,1,380182,500,244300,1
34602.883,1,380411,1000,244690,-1
34604.153,1,381118,1000,244100,1
34605.677,2,379392,100,244300,1
34606.339,1,382330,110,244360,-1
34607.177,2,162414,1100,245100,-1
34607.213,2,380095,110,243820,1
34607.227,1,382816,110,243910,1
34608.511,2,382330,110,244360,-1
34608.554,5,383688,200,244320,1
34608.554,4,380182,500,244300,1
34608.554,4,378068,700,244200,1
34608.885,1,383931,100,244300,-1
34609.695,1,384354,500,247500,-1
34609.825,2,383931,100,244300,-1
34610.877,4,378068,368,244200,1
34611.535,4,378068,368,244200,1
34612.264,4,378068,400,244200,1
34612.405,4,378068,368,244200,1
34612.717,1,386451,110,244360,-1
34612.932,2,368593,200,244800,-1
34612.951,1,386661,200,244400,-1
34613.012,2,382816,110,243910,1
34613.017,1,386731,110,244000,1
34613.265,4,378068,258,244200,1
34613.339,1,387063,1000,248900,-1
34613.621,2,386731,110,244000,1
34613.63,1,387321,110,243910,1
34613.867,2,363595,1000,243400,1
34614.262,2,386451,110,244360,-1
34614.387,1,388058,110,244360,-1
34614.67,2,387321,110,243910,1
34614.676,1,388300,110,244000,1
34615.326,2,388300,110,244000,1
34615.332,1,388906,110,243910,1
34616.799,2,388058,110,244360,-1
34617.485,2,386661,200,244400,-1
34617.51,1,390391,200,244600,-1
34617.538,2,388906,110,243910,1
34617.545,1,390427,110,244000,1
34617.546,2,380411,1000,244690,-1
34617.601,1,390467,1000,244590,-1
34617.95,2,390427,110,244000,1
34617.958,1,390678,110,243910,1
34618.354,4,378068,400,244200,1
34618.699,1,391236,500,244300,1
34618.71,4,391236,200,244300,1
34619.073,4,391236,300,244300,1
34619.103,2,390678,110,243910,1
34619.299,4,378068,500,244200,1
34619.505,1,391771,110,244000,1
34619.576,1,391832,200,244400,-1
34619.657,2,391832,200,244400,-1
34620.228,1,392259,110,244550,-1
34620.246,2,392259,110,244550,-1
34621.269,2,391771,110,244000,1
34621.276,1,393063,110,244090,1
34622.238,1,393737,100,244300,-1
34622.477,2,393063,110,244090,1
34622.488,1,393911,110,244000,1
34622.921,2,350447,1000,245000,-1
34623.417,2,393911,110,244000,1
34623.423,1,394533,110,244090,1
34623.946,2,393737,100,244300,-1
34624.82,2,381118,1000,244100,1
34624.888,1,395450,500,244600,-1
34626.599,4,378068,100,244200,1
34626.735,4,378068,29,244200,1
34627.122,4,378068,2700,244200,1
34627.216,1,397200,100,244300,-1
34627.582,4,378068,300,244200,1
34627.674,2,397200,100,244300,-1
34627.887,4,378068,300,244200,1
34627.89,4,378068,1000,244200,1
34627.962,2,370916,500,243700,1
34627.97,1,397872,500,244000,1
34628.057,4,378068,9,244200,1
34628.057,5,387428,400,244100,1
34628.477,1,398218,100,244300,-1
34628.568,1,398267,800,244300,-1
34628.928,1,398495,50,242500,1
34629.021,4,394533,110,244090,1
34629.03,4,397872,200,244000,1
34629.061,2,397872,300,244000,1
34629.247,1,398674,110,244090,1
34629.428,1,398764,110,244730,-1
34629.45,1,398779,300,244900,-1
34629.676,2,398674,110,244090,1
34629.692,1,398910,110,244180,1
34629.779,4,398910,90,244180,1
34629.957,2,398910,20,244180,1
34629.958,1,399077,200,244300,-1
34629.959,2,398764,110,244730,-1
34630.053,2,398267,800,244300,-1
34630.069,1,399145,800,244200,-1
34630.075,2,395450,500,244600,-1
34630.184,1,399195,110,243730,1
34630.233,2,370972,1000,243710,1
34630.272,1,399245,1000,243740,1
34630.59,1,399416,110,244730,-1
34631.427,2,399195,110,243730,1
34631.432,1,399829,48,207400,1
34631.445,1,399836,110,243820,1
34631.483,2,399245,1000,243740,1
34631.534,1,399893,1000,243830,1
34631.885,2,399077,200,244300,-1
34631.928,2,399145,800,244200,-1
34633.16,1,400684,600,244200,-1
34633.232,2,399893,1000,243830,1
34634.166,2,398218,100,244300,-1
34634.883,5,401470,100,243950,1
34635.034,1,401744,200,244300,-1
34635.686,2,400684,600,244200,-1
34635.947,1,402204,200,244200,-1
34636.03,2,401744,200,244300,-1
34636.381,5,400713,100,243870,1
34636.571,5,400713,100,243870,1
34636.626,2,399416,110,244730,-1
34636.631,1,402599,110,244910,-1
34637.177,1,402853,200,244100,-1
34637.271,2,402204,200,244200,-1
34637.484,2,399836,110,243820,1
34637.488,1,403000,110,243910,1
34638.392,2,403000,110,243910,1
34638.395,2,402599,110,244910,-1
34638.541,1,403487,110,243910,1
34638.578,4,403487,110,243910,1
34638.626,1,403552,200,244000,-1
34638.717,2,402853,200,244100,-1
34638.764,1,403646,110,243910,1
34638.766,2,403646,110,243910,1
34638.829,1,403698,110,244450,-1
34638.836,1,403703,110,243450,1
34639.096,2,403552,200,244000,-1
34639.138,2,390467,1000,244590,-1
34639.173,1,403846,1000,244440,-1
34639.36,2,403698,110,244450,-1
34639.42,2,403703,110,243450,1
34639.425,1,403971,110,243360,1
34639.432,2,403971,110,243360,1
34639.437,1,403977,110,243450,1
34639.514,2,403977,110,243450,1
34639.519,1,404012,110,243550,1
34640.171,1,404410,110,244640,-1
34640.547,1,404591,200,244000,-1
34640.951,1,404813,200,243900,-1
34641.168,2,404591,200,244000,-1
34641.387,2,404012,110,243550,1
34641.392,1,405042,110,243640,1
34641.793,5,403460,500,243710,1
34641.8,4,379620,3500,243700,1
34641.929,2,404410,110,244640,-1
34641.936,5,405326,400,243710,1
34641.936,4,379620,1100,243700,1
34642.115,5,405399,100,243800,-1
34642.298,1,405529,110,244640,-1
34642.364,4,379620,400,243700,1
34642.421,4,405042,110,243640,1
34642.647,1,405730,110,243640,1
34642.647,2,405730,110,243640,1
34642.648,2,405529,110,244640,-1
34642.656,1,405732,110,244510,-1
34642.674,1,405739,110,243730,1
34642.72,4,405739,110,243730,1
34642.824,1,405840,110,243730,1
34642.85,2,405840,110,243730,1
34642.872,1,405873,110,243640,1
34643.245,1,406020,1000,244000,-1
34643.325,2,405873,110,243640,1
34643.326,2,405732,110,244510,-1
34643.367,1,406061,110,243730,1
34643.39,4,406061,110,243730,1
34643.494,1,406138,110,243730,1
34643.516,4,406138,110,243730,1
34643.53,1,406175,110,243730,1
34643.539,2,406175,110,243730,1
34643.591,1,406229,110,243270,1
34643.667,2,406229,110,243270,1
34643.672,1,406284,110,243180,1
34643.68,1,406292,200,243800,-1
34643.68,2,398779,300,244900,-1
34643.761,2,404813,200,243900,-1
34644.445,2,406284,110,243180,1
34644.451,1,406652,110,243270,1
34644.836,2,406292,200,243800,-1
34644.89,2,403846,1000,244440,-1
34644.929,1,406919,1000,243990,-1
34645.185,2,406919,1000,243990,-1
34645.28,1,407102,110,244270,-1
34645.289,2,407102,110,244270,-1
34645.583,2,406652,110,243270,1
34645.588,1,407290,110,243180,1
34646.158,1,407504,8000,243700,1
34646.206,5,407524,500,243740,1
34646.206,4,407504,2170,243700,1
34646.534,2,407290,110,243180,1
34646.539,1,407675,110,243270,1
34646.694,4,407504,1000,243700,1
34646.751,2,407675,110,243270,1
34646.757,1,407788,110,243180,1
34646.864,2,407788,110,243180,1
34646.869,1,407860,110,243270,1
34646.872,1,407866,200,243600,1
34647.122,2,407866,200,243600,1
34647.174,1,408000,110,244550,-1
34647.299,2,408000,110,244550,-1
34647.305,1,408106,110,244270,-1
34647.39,2,408106,110,244270,-1
34647.395,1,408164,110,244550,-1
34647.424,1,408190,1000,243720,1
34648.939,4,408190,1000,243720,1
34648.954,4,407504,4830,243700,1
34649.166,2,407860,110,243270,1
34649.171,1,409231,110,243360,1
34649.42,5,407510,596,243650,1
34649.42,5,406821,604,243600,1
34649.739,2,408164,110,244550,-1
34649.746,1,409578,110,244360,-1
34649.924,5,409478,500,243620,1
34649.924,5,406821,1000,243600,1
34651.216,5,406821,100,243600,1
34651.431,5,406821,100,243600,1
34651.98,2,409578,110,244360,-1
34651.986,1,411218,110,244450,-1
34652.191,2,411218,110,244450,-1
34652.199,1,411364,110,244360,-1
34652.532,2,411364,110,244360,-1
34652.537,1,411591,110,244640,-1
34652.544,2,411591,110,244640,-1
34652.553,1,411607,110,244450,-1
34652.88,2,409231,110,243360,1
34652.899,1,411948,110,243450,1
34652.909,1,411965,800,243990,-1
34653.568,2,411607,110,244450,-1
34653.573,1,412490,110,244640,-1
34653.694,1,412572,300,244600,-1
34654.376,2,412490,110,244640,-1
34654.382,1,413104,110,244450,-1
34654.685,2,411948,110,243450,1
34654.692,1,413402,110,243550,1
34655.043,2,413104,110,244450,-1
34655.05,1,413682,110,244640,-1
34655.088,2,413682,110,244640,-1
34655.094,1,413728,110,244450,-1
34655.146,2,413402,110,243550,1
34655.151,1,413765,110,243450,1
34655.279,2,413728,110,244450,-1
34655.283,1,413859,110,244640,-1
34655.33,2,413859,110,244640,-1
34655.335,1,413901,110,244450,-1
34655.642,2,413765,110,243450,1
34655.647,1,414132,110,243550,1
34655.764,5,406821,196,243600,1
34655.764,5,411873,72,243600,1
34655.97,2,414132,110,243550,1
34655.977,1,414373,110,243450,1
34656.47,2,414373,110,243450,1
34656.474,1,414676,110,243550,1
34656.918,1,414954,500,243800,-1
34663.045,2,413901,110,244450,-1
34663.057,1,418227,110,244640,-1
34663.099,2,418227,110,244640,-1
34663.105,1,418252,110,244450,-1
34663.254,5,411873,100,243600,1
34663.595,2,414676,110,243550,1
34663.597,2,418252,110,244450,-1
34663.827,5,411873,100,243600,1
34663.916,5,411873,1000,243600,1
34663.957,1,418712,110,244000,-1
34663.978,2,418712,110,244000,-1
34663.984,1,418729,110,244090,-1
34664.378,2,418729,110,244090,-1
34664.384,1,418937,110,244000,-1
34664.556,1,419046,4000,243600,1
34664.592,2,414954,500,243800,-1
34664.615,1,419098,500,244000,-1
34664.963,1,419344,110,243640,1
34665.218,2,419344,110,243640,1
34665.246,1,419536,110,243550,1
34665.331,2,418937,110,244000,-1
34665.336,1,419591,110,244090,-1
34665.378,2,419591,110,244090,-1
34665.383,1,419619,110,244000,-1
34665.837,2,419098,500,244000,-1
34667.383,2,412572,300,244600,-1
34673.654,1,424178,1000,244000,-1
34676.029,2,411965,800,243990,-1
34677.727,2,419046,4000,243600,1
34679.314,5,426036,400,243850,-1
34679.66,2,424178,1000,244000,-1
34679.708,1,427318,500,244200,-1
34681.699,2,419619,110,244000,-1
34681.707,1,428405,110,244090,-1
34682.509,2,419536,110,243550,1
34682.521,1,428893,110,243640,1
34682.541,2,428893,110,243640,1
34682.556,1,428929,110,243550,1
34682.612,2,428929,110,243550,1
34682.617,1,428993,110,243450,1
34682.694,2,428993,110,243450,1
34682.699,1,429046,110,243550,1
34683.5,1,429511,200,243700,1
34683.654,2,428405,110,244090,-1
34683.659,1,429590,110,244180,-1
34685.941,1,430604,10,270000,-1
34686.029,5,428967,90,243900,1
34686.593,2,429590,110,244180,-1
34687.253,1,431142,110,244180,-1
34687.486,2,431142,110,244180,-1
34687.976,2,399829,48,207400,1
34688.102,2,359698,4600,243430,1
34688.253,2,429046,110,243550,1
34688.259,1,431569,110,242910,1
34688.49,2,431569,110,242910,1
34688.495,1,431673,110,243180,1
34688.805,5,428967,1000,243900,1
34689.198,1,431987,2000,243800,1
34689.831,2,429511,200,243700,1
34690.304,1,432409,100,243890,1
34691.908,5,428967,1000,243900,1
34691.922,5,428967,910,243900,1
34691.922,4,432409,100,243890,1
34691.922,5,432901,990,243830,1
34692.27,5,432901,10,243830,1
34692.27,4,431987,1990,243800,1
34692.331,4,431987,10,243800,1
34692.331,5,430147,990,243800,1
34692.563,1,433181,110,243910,-1
34694.669,1,434029,200,243600,1
34695.076,5,430147,1000,243800,1
34696.76,2,434029,200,243600,1
34698.043,5,430147,100,243800,1
34698.308,2,431673,110,243180,1
34698.314,1,435785,110,242820,1
34699.052,2,435785,110,242820,1
34699.155,2,433181,110,243910,-1
34699.16,1,436502,110,243820,-1
34699.664,2,384354,500,247500,-1
34699.884,2,436502,110,243820,-1
34699.888,1,437042,110,243910,-1
34700.148,2,437042,110,243910,-1
34700.156,5,430147,110,243800,1
34700.161,1,437223,500,247500,-1
34700.396,1,437428,110,244090,-1
34700.917,2,437428,110,244090,-1
34700.925,1,438011,110,244360,-1
34701.105,2,438011,110,244360,-1
34701.11,1,438166,110,244630,-1
34701.233,2,438166,110,244630,-1
34701.237,1,438273,110,244080,-1
34701.692,2,438273,110,244080,-1
34701.699,1,438634,110,244630,-1
34701.746,2,438634,110,244630,-1
34701.754,1,438708,110,244090,-1
34702.486,2,438708,110,244090,-1
34702.493,1,439415,110,244360,-1
34703.191,1,440136,110,242910,1
34703.804,2,440136,110,242910,1
34704.022,1,440744,110,242910,1
34706.394,2,440744,110,242910,1
34706.4,1,442952,110,243090,1
34706.718,1,443202,200,230000,1
34706.824,2,442952,110,243090,1
34706.829,1,443308,110,243180,1
34707.596,2,439415,110,244360,-1
34707.602,1,443927,110,244630,-1
34707.82,2,443927,110,244630,-1
34707.825,1,444094,110,244550,-1
34708.35,2,443308,110,243180,1
34708.991,2,444094,110,244550,-1
34708.997,1,444962,110,244630,-1
34709.282,2,444962,110,244630,-1
34709.287,1,445159,110,244360,-1
34711.884,1,446876,5000,243700,1
34713.249,1,447952,110,242910,1
34713.47,2,447952,110,242910,1
34715.939,1,449738,900,252600,-1
34716.679,1,450111,2000,243800,1
34716.878,1,450192,200,243670,1
34717.836,2,450192,200,243670,1
34718.151,2,446876,5000,243700,1
34718.154,1,450766,5000,243800,1
34718.809,1,451076,200,243800,1
34719.807,2,370618,1000,243500,1
34720.657,2,451076,200,243800,1
34720.905,2,445159,110,244360,-1
34720.913,1,452160,110,244630,-1
34721.156,1,452226,40,249500,-1
34724.798,2,452160,110,244630,-1
34724.806,1,453685,110,244450,-1
34725.702,1,454068,110,243360,1
34726.144,4,406020,200,244000,-1
34726.237,2,427318,500,244200,-1
34726.279,1,454290,1100,244300,-1
34726.386,5,454289,100,243980,-1
34726.386,4,406020,800,244000,-1
34728.512,2,454290,1100,244300,-1
34728.554,1,455576,900,244400,-1
34728.749,2,453685,110,244450,-1
34728.757,1,455669,110,244360,-1
34728.824,1,455708,500,243900,1
34728.925,1,455759,200,243900,1
34732.746,1,457418,200,244000,1
34732.748,2,455759,200,243900,1
34732.797,2,450766,5000,243800,1
34732.851,2,457418,200,244000,1
34733.175,1,457624,1500,244100,1
34733.211,5,456762,100,244180,-1
34733.211,1,457643,628,244300,1
34733.312,2,455576,900,244400,-1
34733.315,1,457688,900,244500,-1
34733.426,2,390391,200,244600,-1
34733.437,1,457762,200,245000,-1
34733.833,2,457624,1500,244100,1
34733.862,2,455708,500,243900,1
34734.219,2,454068,110,243360,1
34734.226,1,458163,110,243100,1
34734.282,4,457643,100,244300,1
34734.578,2,458163,110,243100,1
34734.589,1,458316,110,243360,1
34734.899,1,458480,100,244800,-1
34735.934,1,459010,1500,244000,1
34736.821,2,459010,1500,244000,1
34737.337,4,457643,528,244300,1
34737.337,5,457988,100,244300,1
34737.337,1,459507,372,244300,-1
34737.741,5,459515,200,244250,-1
34737.741,5,459514,500,244260,-1
34737.741,5,459636,200,244290,-1
34737.741,4,459507,372,244300,-1
34737.741,1,459681,3728,244300,1
34738.529,2,458316,110,243360,1
34738.536,1,459973,110,243100,1
34738.825,2,459973,110,243100,1
34738.899,1,460098,110,243180,1
34740.084,4,459681,3728,244300,1
34740.084,5,459920,100,244200,1
34740.411,2,455669,110,244360,-1
34740.416,1,460773,110,244270,-1
34740.876,1,461045,900,243810,1
34741.978,1,461629,200,244000,1
34742.002,2,461629,200,244000,1
34746.17,1,463971,4000,244000,1
34749.13,1,465287,1000,244490,-1
34750.167,1,465671,1000,244100,1
34750.989,2,450111,2000,243800,1
34753.902,2,460098,110,243180,1
34754.585,1,468125,110,243090,1
34754.754,2,460773,110,244270,-1
34754.762,1,468224,110,244550,-1
34754.822,2,468125,110,243090,1
34754.827,1,468253,110,243270,1
34756.566,2,468224,110,244550,-1
34756.573,1,469159,110,244640,-1
34756.918,2,468253,110,243270,1
34756.925,1,469314,110,243360,1
34757.624,2,469314,110,243360,1
34757.631,1,469603,110,243550,1
34760.354,2,469603,110,243550,1
34760.359,1,470726,110,243640,1
34762.157,2,469159,110,244640,-1
34762.161,1,471469,110,244730,-1
34762.868,2,471469,110,244730,-1
34763.16,2,470726,110,243640,1
34763.166,1,471811,110,243820,1
34763.282,1,471848,110,244820,-1
34763.369,2,471848,110,244820,-1
34763.444,1,471927,2000,244200,1
34765.367,2,471811,110,243820,1
34765.372,1,472724,110,244000,1
34766.403,5,471936,200,244220,1
34766.403,4,471927,58,244200,1
34766.501,2,472724,110,244000,1
34766.51,1,473105,110,243820,1
34766.52,2,473105,110,243820,1
34766.53,1,473119,110,243910,1
34766.702,2,473119,110,243910,1
34766.71,1,473215,110,244000,1
34768.641,2,110350,200,245900,-1
34769.574,1,474857,1000,244600,-1
34769.59,2,457688,900,244500,-1
34769.899,2,463971,4000,244000,1
34769.975,1,475222,1000,244200,1
34770.191,1,475371,110,245360,-1
34770.553,2,473215,110,244000,1
34770.559,1,475710,110,243650,1
34770.815,2,475710,110,243650,1
34770.82,1,475885,110,244000,1
34770.946,2,475371,110,245360,-1
34770.951,1,475987,110,245180,-1
34772.163,2,475885,110,244000,1
34772.168,1,476643,110,243650,1
34772.351,2,475222,1000,244200,1
34772.991,1,477149,1000,244320,1
34773.178,5,477195,100,244360,1
34773.254,2,474857,1000,244600,-1
34773.633,2,475987,110,245180,-1
34773.64,1,477560,110,245090,-1
34773.912,1,477791,1000,244700,-1
34773.996,5,459849,100,244380,-1
34773.996,5,463958,100,244400,-1
34773.996,1,477845,3800,244400,1
34774.144,2,477149,1000,244320,1
34774.666,1,478247,200,244300,1
34774.849,1,478341,200,244400,1
34775.973,5,468461,300,244480,-1
34775.973,4,465287,600,244490,-1
34776.206,4,465287,400,244490,-1
34777.538,2,477560,110,245090,-1
34777.544,1,479664,110,244910,-1
34777.554,2,477791,1000,244700,-1
34777.556,1,479671,900,244800,-1
34777.628,2,476643,110,243650,1
34777.64,1,479717,110,243910,1
34777.726,5,479040,500,244650,-1
34778.173,2,478247,200,244300,1
34778.18,2,478341,200,244400,1
34778.385,2,479671,900,244800,-1
34778.393,1,480122,500,244500,1
34778.418,1,480144,500,245000,-1
34778.423,1,480149,200,244500,1
34778.523,2,458480,100,244800,-1
34778.531,4,177479,100,244700,-1
34778.638,2,479664,110,244910,-1
34778.645,1,480313,110,245090,-1
34778.941,1,480518,100,244700,1
34779.675,2,480149,200,244500,1
34779.693,1,480970,200,244700,1
34779.854,1,481063,200,244600,1
34780.517,2,480144,500,245000,-1
34780.519,1,481553,300,245100,-1
34780.662,2,471927,1942,244200,1
34780.701,2,379871,100,245100,-1
34780.869,2,479717,110,243910,1
34780.875,1,481869,110,244000,1
34781.714,1,482376,1000,244890,1
34781.892,2,480970,200,244700,1
34782.065,1,482606,200,244800,1
34782.199,2,481553,300,245100,-1
34782.235,1,482691,200,244790,1
34782.238,2,481063,200,244600,1
34782.28,1,482708,600,245100,-1
34782.295,5,482399,300,244900,1
34782.371,2,482606,200,244800,1
34782.536,1,482917,1200,245300,-1
34782.551,2,482708,600,245100,-1
34782.64,2,482691,200,244790,1
34782.844,1,483244,100,244900,1
34782.877,1,483267,200,244800,1
34783.134,2,480313,110,245090,-1
34783.14,1,483527,110,245180,-1
34783.159,2,481869,110,244000,1
34783.169,1,483558,110,244180,1
34783.341,2,483527,110,245180,-1
34783.56,1,483919,110,245090,-1
34783.739,4,173525,200,245000,-1
34784.216,2,480518,100,244700,1
34784.504,2,483919,110,245090,-1
34784.711,2,482376,1000,244890,1
34784.956,2,457762,200,245000,-1
34784.961,1,484989,200,245100,-1
34785.667,2,483558,110,244180,1
34785.673,1,485493,110,244270,1
34785.741,4,483244,100,244900,1
34785.797,5,485607,100,244960,-1
34787.123,2,485493,110,244270,1
34787.127,1,486486,110,244180,1
34787.386,5,486611,100,244890,-1
34788.879,2,486486,110,244180,1
34788.892,1,487605,110,244270,1
34788.945,1,487638,110,245270,-1
34789.153,2,487638,110,245270,-1
34789.159,1,487741,110,245360,-1
34789.601,4,483267,200,244800,1
34789.636,2,461045,900,243810,1
34789.674,1,487966,1000,244510,1
34790.244,2,487605,110,244270,1
34790.249,1,488216,110,244360,1
34790.518,1,488352,400,244800,1
34791.349,4,488352,300,244800,1
34791.69,4,488352,100,244800,1
34791.975,1,489018,1000,244000,1
34792.881,2,484989,200,245100,-1
34792.91,2,487741,110,245360,-1
34792.915,1,489421,110,245550,-1
34793.039,2,489421,110,245550,-1
34793.044,1,489538,110,245450,-1
34793.063,2,489538,110,245450,-1
34793.067,2,488216,110,244360,1
34793.069,1,489562,110,245550,-1
34793.075,1,489569,110,244450,1
34793.154,1,489629,200,245000,-1
34793.154,1,489630,500,244900,-1
34793.166,2,489562,110,245550,-1
34793.171,1,489643,110,245640,-1
34793.3,2,489643,110,245640,-1
34793.305,1,489750,110,245550,-1
34793.4,2,489629,200,245000,-1
34793.406,1,489846,200,245100,-1
34793.501,2,489569,110,244450,1
34793.506,1,489932,110,244360,1
34793.521,5,489649,100,244880,-1
34793.625,2,489750,110,245550,-1
34793.635,1,490060,110,245360,-1
34793.653,2,489932,110,244360,1
34793.66,1,490100,110,244450,1
34793.709,2,482917,1200,245300,-1
34793.713,1,490170,700,245000,-1
34793.881,2,490060,110,245360,-1
34793.888,1,490328,110,245550,-1
34793.908,5,489649,100,244880,-1
34793.908,5,488078,2400,244890,-1
34793.977,2,490328,110,245550,-1
34793.984,1,490426,110,245640,-1
34794.421,2,490100,110,244450,1
34794.427,1,490876,110,244360,1
34794.524,2,490876,110,244360,1
34794.531,1,490958,110,244550,1
34794.823,5,488078,1295,244890,-1
34794.823,4,489630,500,244900,-1
34794.823,5,488026,705,244900,-1
34795.618,2,490426,110,245640,-1
34795.622,1,491740,110,245550,-1
34795.855,5,488026,295,244900,-1
34795.855,5,488640,5,244900,-1
34796.441,2,489846,200,245100,-1
34796.446,1,492381,200,245000,-1
34796.977,1,492838,400,244800,1
34797.419,2,491740,110,245550,-1
34797.429,1,493189,110,245640,-1
34798.383,1,493910,100,246400,-1
34799.236,2,493189,110,245640,-1
34799.24,1,494501,110,245550,-1
34799.496,2,490958,110,244550,1
34799.5,1,494721,110,244360,1
34800.175,2,494501,110,245550,-1
34800.454,2,492838,400,244800,1
34801.532,2,487966,1000,244510,1
34801.58,1,496360,700,244510,1
34801.621,1,496399,1000,244890,1
34801.922,1,496635,110,245550,-1
34802.271,2,490170,700,245000,-1
34802.275,1,496913,500,245200,-1
34802.515,2,496360,700,244510,1
34802.911,2,496635,110,245550,-1
34802.917,1,497597,110,245450,-1
34804.299,4,496399,100,244890,1
34804.358,1,498742,200,244900,-1
34804.621,2,496399,900,244890,1
34804.826,2,480122,500,244500,1
34804.969,1,499353,900,244890,1
34805.045,2,492381,200,245000,-1
34805.054,1,499445,200,245500,-1
34805.199,2,498742,200,244900,-1
34805.801,2,494721,110,244360,1
34805.805,1,500095,110,244450,1
34806.378,1,500664,100,247490,-1
34806.971,2,499353,900,244890,1
34807.0,1,501203,500,244500,1
34807.876,1,501813,1000,244510,1
34809.802,1,503185,900,244800,1
34810.313,4,503185,900,244800,1
34810.333,2,501203,500,244500,1
34810.53,1,503620,100,244900,-1
34810.949,2,501813,1000,244510,1
34811.768,1,504456,500,244800,-1
34813.586,1,505378,2000,244700,1
34814.157,4,504456,100,244800,-1
34814.33,1,505714,600,244720,1
34814.72,2,504456,400,244800,-1
34815.763,1,506412,200,244700,1
34816.373,1,506739,1000,244800,1
34816.785,2,506412,200,244700,1
34816.81,1,506980,200,244800,1
34817.859,4,503620,100,244900,-1
34818.177,2,363400,500,243500,1
34819.011,1,507972,500,244890,1
34820.374,2,506980,200,244800,1
34820.397,1,508674,200,244900,1
34820.578,2,508674,200,244900,1
34820.608,1,508813,200,244800,1
34820.716,4,173849,100,245000,-1
34820.739,1,508866,3000,245200,-1
34821.117,2,508813,200,244800,1
34821.842,2,496913,500,245200,-1
34821.907,1,509490,800,245300,-1
34822.012,2,507972,500,244890,1
34822.505,5,509309,400,244950,1
34822.505,5,509073,260,244900,1
34822.505,5,509076,340,244900,1
34822.648,1,509891,200,244900,1
34822.849,2,508866,3000,245200,-1
34822.873,1,510008,3000,245300,-1
34823.824,2,505378,2000,244700,1
34823.836,2,509891,200,244900,1
34823.901,1,510457,1000,245290,-1
34826.961,2,510008,3000,245300,-1
34827.026,1,512016,1000,245000,1
34827.272,1,512140,200,244900,1
34827.963,2,510457,1000,245290,-1
34828.109,1,512667,500,245290,-1
34828.69,2,512667,500,245290,-1
34828.733,1,513043,800,245290,-1
34830.956,1,514235,400,245000,1
34831.588,5,512033,200,245020,1
34831.588,4,512016,800,245000,1
34832.078,2,230943,300,242700,1
34832.127,2,514235,400,245000,1
34832.726,1,515406,400,245000,1
34832.828,1,515483,300,244800,1
34833.788,2,512140,200,244900,1
34834.078,1,516426,200,244880,1
34835.342,4,512016,100,245000,1
34835.932,2,515406,400,245000,1
34835.991,1,517811,200,244900,1
34836.11,2,516426,200,244880,1
34836.534,1,518074,400,245000,1
34837.09,2,517811,200,244900,1
34837.533,2,518074,400,245000,1
34837.793,1,518833,200,244900,1
34838.295,1,519057,500,245000,1
34838.773,5,519096,100,245010,1
34838.773,4,512016,100,245000,1
34838.773,4,519057,300,245000,1
34840.462,2,500095,110,244450,1
34840.47,1,520183,110,244180,1
34840.506,2,497597,110,245450,-1
34840.513,1,520220,110,245360,-1
34841.055,2,520183,110,244180,1
34841.061,1,520492,110,244090,1
34841.247,1,520570,100,245100,-1
34841.273,5,520019,300,245010,1
34841.273,4,519057,200,245000,1
34841.273,1,520589,500,245000,-1
34841.74,2,520570,100,245100,-1
34841.932,5,518832,154,244910,1
34841.932,5,520634,500,244910,1
34841.932,4,518833,200,244900,1
34843.01,2,505714,600,244720,1
34843.038,2,499445,200,245500,-1
34843.044,1,521622,200,245900,-1
34843.164,2,520492,110,244090,1
34843.172,1,521703,110,244180,1
34843.839,1,522108,1000,244890,1
34844.211,4,522108,500,244890,1
34844.305,4,522108,500,244890,1
34844.305,4,506739,500,244800,1
34844.828,1,522802,2000,244800,1
34844.855,4,506739,500,244800,1
34844.855,4,515483,300,244800,1
34844.855,4,522802,200,244800,1
34846.173,4,522802,1800,244800,1
34846.537,2,521703,110,244180,1
34846.543,1,524359,110,244450,1
34847.179,2,524359,110,244450,1
34847.198,1,525036,110,244360,1
34848.566,5,525566,300,244710,1
34848.876,1,526376,800,244410,1
34849.311,2,526376,800,244410,1
34850.136,1,527246,300,244600,1
34851.761,2,489018,1000,244000,1
34852.18,1,528652,1000,244790,1
34852.182,2,528652,1000,244790,1
34852.389,1,528776,1000,244790,1
34852.393,2,528776,1000,244790,1
34852.597,1,528944,1000,244790,1
34852.603,2,528944,1000,244790,1
34852.804,1,529103,1000,244790,1
34852.806,2,529103,1000,244790,1
34853.012,1,529268,1000,244790,1
34853.014,2,529268,1000,244790,1
34853.221,1,529486,1000,244790,1
34853.223,2,529486,1000,244790,1
34853.423,5,527540,300,244610,1
34853.429,1,529631,1000,244790,1
34853.433,2,529631,1000,244790,1
34853.639,5,529717,500,244790,-1
34853.639,5,529778,500,244790,-1
34853.902,2,509490,800,245300,-1
34853.91,1,530217,1000,245000,-1
34854.55,2,525036,110,244360,1
34855.317,1,531496,500,244620,1
34855.449,2,513043,800,245290,-1
34855.466,1,531647,1100,245100,-1
34855.484,1,531666,1000,244990,-1
34855.487,2,527246,300,244600,1
34855.543,2,530217,1000,245000,-1
34855.653,2,531666,1000,244990,-1
34857.126,1,533033,2600,244680,1
34857.904,1,533554,600,244600,1
34858.303,5,532248,100,244700,-1
34858.553,1,533912,200,244700,1
34858.971,1,534107,1000,244700,1
34860.967,1,535093,3000,245000,-1
34861.489,2,520220,110,245360,-1
34861.495,1,535433,110,245270,-1
34862.252,4,533912,88,244700,1
34862.681,2,535433,110,245270,-1
34862.688,1,536211,110,245360,-1
34862.772,2,536211,110,245360,-1
34862.776,1,536269,110,245180,-1
34862.958,2,533554,600,244600,1
34863.213,4,533912,112,244700,1
34863.213,4,534107,1000,244700,1
34863.213,4,533033,2600,244680,1
34863.213,4,531496,88,244620,1
34863.845,2,531496,412,244620,1
34864.201,2,162319,354,246100,-1
34864.577,2,536269,110,245180,-1
34864.585,1,537560,110,245360,-1
34864.627,2,531647,1100,245100,-1
34864.751,1,537645,400,244800,-1
34864.765,1,537655,800,244800,-1
34864.862,1,537721,1000,245100,-1
34865.026,2,537655,800,244800,-1
34865.221,2,537645,400,244800,-1
34865.241,1,537909,500,245000,-1
34866.065,2,537909,500,245000,-1
34866.749,1,538721,150,245000,-1
34866.907,1,538809,1000,244990,-1
34869.59,5,531669,500,244450,1
34869.59,5,537666,200,244450,1
34869.59,5,540056,100,244410,1
34869.897,1,540558,200,248000,-1
34871.198,1,541165,500,244500,-1
34871.768,2,537721,1000,245100,-1
34871.77,1,541436,700,244800,-1
34872.273,2,541165,500,244500,-1
34872.296,1,541724,110,244270,1
34872.307,2,538809,1000,244990,-1
34872.345,1,541742,1000,244790,-1
34872.717,2,541742,1000,244790,-1
34873.306,1,542183,500,244500,1
34873.532,2,465671,1000,244100,1
34873.876,1,542404,1000,244790,-1
34874.185,2,541724,110,244270,1
34874.195,1,542579,110,244360,1
34874.721,2,537560,110,245360,-1
34874.726,1,542849,110,245270,-1
34875.229,2,542579,110,244360,1
34875.235,1,543114,110,244450,1
34875.588,2,543114,110,244450,1
34875.602,1,543342,110,244360,1
34875.861,2,535093,3000,245000,-1
34875.88,1,543501,3000,244800,-1
34876.508,2,542849,110,245270,-1
34876.514,1,543951,110,245360,-1
34876.595,2,543951,110,245360,-1
34876.601,1,544034,110,245270,-1
34877.286,2,543342,110,244360,1
34877.29,1,544458,110,244450,1
34877.713,2,544458,110,244450,1
34877.718,1,544863,110,244360,1
34878.345,1,545375,100,244500,1
34878.385,4,542183,500,244500,1
34878.385,4,545375,100,244500,1
34878.637,2,542404,1000,244790,-1
34878.965,2,544034,110,245270,-1
34878.97,1,545860,110,245360,-1
34881.35,1,547198,400,244500,-1
34882.089,2,545860,110,245360,-1
34882.094,1,547698,110,245270,-1
34882.68,2,544863,110,244360,1
34882.692,1,548143,110,244450,1
34883.111,2,548143,110,244450,1
34883.116,1,548439,110,244360,1
34883.596,2,547198,400,244500,-1
34883.874,1,548854,1000,244790,-1
34884.199,1,549040,1000,244500,1
34884.904,2,541436,700,244800,-1
34885.066,2,543501,3000,244800,-1
34885.591,2,548439,110,244360,1
34885.595,1,550218,110,244180,1
34885.714,2,548854,1000,244790,-1
34885.746,1,550363,3000,245000,-1
34886.584,5,550626,160,244540,1
34886.886,1,551214,1000,244990,-1
34886.953,5,543242,1000,244580,-1
34887.743,2,550218,110,244180,1
34887.748,1,551790,110,244360,1
34888.77,2,547698,110,245270,-1
34888.777,1,552537,110,245360,-1
34888.805,2,552537,110,245360,-1
34888.813,1,552559,110,245270,-1
34890.843,1,553695,54,245900,-1
34891.846,2,552559,110,245270,-1
34891.855,1,554192,110,245360,-1
34891.885,2,554192,110,245360,-1
34891.893,1,554212,110,245270,-1
34893.312,1,555016,200,244590,1
34893.893,2,551790,110,244360,1
34893.898,1,555312,110,244270,1
34894.958,2,555312,110,244270,1
34894.964,1,556087,110,244180,1
34896.321,2,555016,200,244590,1
34897.24,2,556087,110,244180,1
34897.245,1,557901,110,244270,1
34897.547,1,558288,300,244500,1
34897.664,1,558425,1000,244500,1
34899.595,1,560114,200,244500,1
34901.631,2,500664,100,247490,-1
34902.69,2,557901,110,244270,1
34902.696,1,562197,110,244180,1
34904.367,2,560114,200,244500,1
34907.945,1,565200,1000,244590,1
34910.195,2,562197,110,244180,1
34910.294,1,566923,400,244600,1
34910.945,2,565200,1000,244590,1
34911.068,1,567388,110,244180,1
34911.22,1,567495,900,244200,1
34911.451,2,567388,110,244180,1
34911.455,2,554212,110,245270,-1
34911.46,1,567674,110,245180,-1
34913.179,1,569040,110,244000,1
34915.886,2,551214,1000,244990,-1
34917.41,2,567674,110,245180,-1
34917.416,1,571571,110,245090,-1
34917.786,5,558450,100,244700,-1
34917.786,5,570868,500,244780,-1
34917.786,5,563160,300,244800,-1
34918.185,1,572169,400,244600,1
34918.279,1,572239,800,245100,-1
34918.436,2,569040,110,244000,1
34918.443,1,572343,110,243910,1
34919.926,1,573253,507,207400,1
34921.534,2,566923,400,244600,1
34922.226,2,572343,110,243910,1
34922.229,1,574702,110,244000,1
34922.748,2,571571,110,245090,-1
34922.753,1,575049,110,245180,-1
34924.25,2,574702,110,244000,1
34924.257,1,576029,110,243910,1
34926.034,2,576029,110,243910,1
34926.039,1,577578,110,244000,1
34926.052,2,577578,110,244000,1
34926.06,1,577614,110,243910,1
34926.542,2,572239,800,245100,-1
34926.62,1,578204,1000,246800,-1
34926.786,1,578382,1000,246000,-1
34927.022,2,550363,3000,245000,-1
34928.232,5,573768,100,244780,-1
34928.947,1,580355,1000,244700,1
34929.624,1,580883,200,244700,1
34930.538,2,577614,110,243910,1
34930.545,1,581581,110,244000,1
34931.145,5,573768,400,244780,-1
34931.676,2,580355,1000,244700,1
34931.678,1,582433,1000,244800,1
34931.699,2,580883,200,244700,1
34932.76,1,583274,1000,245300,-1
34933.322,5,569571,500,244940,-1
34933.322,5,569572,500,244940,-1
34933.322,5,571304,300,244990,-1
34933.322,4,520589,500,245000,-1
34933.722,4,538721,150,245000,-1
34933.737,1,583925,200,244800,1
34933.746,1,583934,3000,245200,-1
34934.063,5,584056,14,244980,-1
34934.063,1,584152,986,245000,1
34934.529,2,583925,200,244800,1
34934.752,2,582433,1000,244800,1
34934.756,1,584779,1000,244900,1
34935.12,1,585181,200,245000,1
34935.606,1,585587,400,245000,1
34935.877,2,584779,1000,244900,1
34935.88,1,585773,1000,245000,1
34936.907,2,585181,200,245000,1
34936.92,2,583934,3000,245200,-1
34937.933,2,581581,110,244000,1
34937.938,1,587315,110,244090,1
34938.262,2,558288,300,244500,1
34939.363,2,585587,400,245000,1
34939.733,2,587315,110,244090,1
34939.739,1,588342,110,244180,1
34940.145,2,575049,110,245180,-1
34940.283,4,584152,986,245000,1
34940.283,4,585773,14,245000,1
34940.542,1,588903,110,245270,-1
34940.669,4,585773,986,245000,1
34940.786,2,588903,110,245270,-1
34940.793,5,584214,100,244900,1
34940.793,1,589121,10,244820,-1
34940.854,2,589121,10,244820,-1
34940.863,1,589163,110,245180,-1
34940.872,1,589172,1000,244610,1
34941.169,2,588342,110,244180,1
34941.17,2,589163,110,245180,-1
34941.875,1,589789,1000,245290,-1
34942.547,1,590105,500,245300,-1
34942.688,2,589172,1000,244610,1
34943.737,2,590105,500,245300,-1
34943.884,2,477845,3800,244400,1
34943.891,1,590865,1000,245000,-1
34944.203,1,591034,110,245180,-1
34944.272,1,591066,110,244640,1
34946.291,1,592133,500,245000,-1
34946.463,2,590865,1000,245000,-1
34946.741,2,589789,1000,245290,-1
34950.183,2,591066,110,244640,1
34950.187,1,594309,110,244360,1
34950.413,2,594309,110,244360,1
34950.418,1,594455,110,244450,1
34950.486,5,590777,100,244900,-1
34950.486,5,591888,900,244950,-1
34950.564,1,594542,1000,244820,1
34950.76,4,594542,1000,244820,1
34950.869,2,594455,110,244450,1
34950.876,1,594714,110,244360,1
34951.117,1,594796,500,244600,1
34951.34,1,594900,400,244900,1
34951.342,2,594714,110,244360,1
34951.346,1,594903,110,244450,1
34951.427,5,591888,100,244950,-1
34951.427,4,592133,400,245000,-1
34951.615,2,594796,500,244600,1
34951.646,2,553695,54,245900,-1
34951.765,4,592133,100,245000,-1
34951.765,1,595142,3700,245000,1
34951.794,1,595159,3000,245200,-1
34951.841,1,595198,54,245800,-1
34951.961,4,591034,110,245180,-1
34951.961,4,595159,890,245200,-1
34952.106,2,594903,110,244450,1
34952.154,1,595366,110,245180,-1
34952.231,1,595434,200,245000,1
34952.432,2,594900,400,244900,1
34952.752,2,583274,1000,245300,-1
34952.823,4,595366,110,245180,-1
34952.823,4,595159,890,245200,-1
34952.955,1,595924,700,245400,-1
34953.037,1,595986,110,245170,-1
34953.048,2,595986,110,245170,-1
34953.061,5,595639,110,245050,1
34953.143,5,595639,110,245050,1
34953.257,2,595159,1220,245200,-1
34953.265,1,596147,300,245200,-1
34953.432,5,595639,110,245050,1
34953.537,4,596147,300,245200,-1
34953.582,5,595639,110,245050,1
34953.611,1,596386,300,245400,-1
34953.772,1,596497,110,245450,-1
34953.833,1,596528,110,244360,1
34954.258,2,596528,110,244360,1
34954.296,2,596497,110,245450,-1
34954.324,1,596807,110,245450,-1
34954.904,2,595434,200,245000,1
34955.93,5,596564,100,245100,1
34955.93,5,595639,60,245050,1
34955.93,5,596145,500,245050,1
34955.93,5,597104,840,245050,1
34955.972,2,596386,300,245400,-1
34956.669,1,598300,100,244700,1
34957.112,2,596807,110,245450,-1
34957.116,1,598554,110,245360,-1
34959.638,1,599990,100,246790,-1
34959.771,1,600061,1000,245300,-1
34960.684,1,600531,1750,245000,1
34960.732,2,595924,700,245400,-1
34960.774,1,600573,800,245500,-1
34960.917,2,598554,110,245360,-1
34961.952,4,595142,500,245000,1
34962.13,2,600061,1000,245300,-1
34963.874,1,602051,1000,245490,-1
34964.624,4,595142,500,245000,1
34964.986,4,595142,2700,245000,1
34964.986,4,600531,1200,245000,1
34965.122,1,602575,110,244550,1
34965.128,2,602575,110,244550,1
34966.714,1,603486,110,245180,-1
34966.898,1,603563,300,245000,1
34967.303,2,603486,110,245180,-1
34967.326,1,603759,300,245500,-1
34967.331,1,603762,110,244360,1
34967.362,1,603778,110,245170,-1
34967.609,2,603778,110,245170,-1
34967.614,4,600531,110,245000,1
34967.624,2,603762,110,244360,1
34967.628,4,600531,110,245000,1
34967.662,4,600531,110,245000,1
34967.692,4,600531,110,245000,1
34967.733,4,600531,110,245000,1
34967.733,4,603563,300,245000,1
34967.733,5,600456,90,245000,1
34967.762,1,604034,110,245450,-1
34967.766,2,604034,110,245450,-1
34967.793,2,602051,1000,245490,-1
34967.829,1,604074,1000,245480,-1
34967.845,1,604081,110,244360,1
34967.876,1,604097,1000,244710,1
34968.505,1,604391,110,245450,-1
34968.544,2,604074,1000,245480,-1
34968.578,1,604434,1000,245440,-1
34968.713,2,604097,1000,244710,1
34970.05,2,600573,800,245500,-1
34970.091,1,605166,700,245200,-1
34981.097,1,610895,500,244000,1
34981.1,2,605166,700,245200,-1
34981.121,2,603759,300,245500,-1
34981.145,1,610946,300,245400,-1
34981.188,2,604434,1000,245440,-1
34981.234,1,611022,1000,245390,-1
34981.349,1,611149,500,245400,-1
34981.779,2,604081,110,244360,1
34981.786,1,611526,110,244450,1
34982.191,2,604391,110,245450,-1
34982.196,1,611862,110,245360,-1
34982.248,2,611022,1000,245390,-1
34982.283,1,611937,1000,245350,-1
34982.603,1,612266,900,245300,-1
34982.641,2,611149,500,245400,-1
34982.65,1,612321,500,245300,-1
34982.669,2,611937,1000,245350,-1
34982.719,1,612401,1000,245290,-1
34983.162,2,611526,110,244450,1
34983.168,1,612864,110,244180,1
34983.354,1,613057,132,245000,1
34983.384,2,612321,500,245300,-1
34983.616,2,611862,110,245360,-1
34983.621,1,613323,110,245450,-1
34984.986,2,613323,110,245450,-1
34985.01,1,614309,110,245360,-1
34985.59,2,612864,110,244180,1
34986.607,2,614309,110,245360,-1
34986.613,1,615172,110,245450,-1
34986.619,4,613057,132,245000,1
34986.746,2,615172,110,245450,-1
34986.751,1,615261,110,245360,-1
34987.87,2,615261,110,245360,-1
34987.875,1,616229,110,245450,-1
34988.44,1,616739,110,244270,1
34988.983,2,616739,110,244270,1
34988.99,1,617360,110,244360,1
34989.339,1,617595,1000,244000,1
34990.243,2,610946,300,245400,-1
34991.653,2,595198,54,245800,-1
34991.744,1,619346,54,245500,-1
34991.801,2,617360,110,244360,1
34991.805,1,619387,110,244270,1
34993.162,1,620293,500,244900,1
34993.728,4,620293,100,244900,1
34994.233,4,620293,400,244900,1
34994.713,2,572169,400,244600,1
34995.65,2,616229,110,245450,-1
34995.655,1,621466,110,245360,-1
34996.911,2,621466,110,245360,-1
34996.919,1,621980,110,245450,-1
34998.892,2,619387,110,244270,1
34998.899,1,623266,110,244360,1
34998.958,1,623320,1000,244900,-1
34999.387,1,623716,500,244820,1
34999.712,2,621980,110,245450,-1
34999.722,1,623964,110,245360,-1
35001.21,2,623320,1000,244900,-1
35001.833,2,521622,200,245900,-1
35001.835,2,362289,200,241900,1
35001.852,1,625406,200,246700,-1
35001.855,1,625407,200,244100,1
35003.007,1,626166,200,244800,1
35004.61,1,627264,150,245100,-1
35004.841,5,626142,160,244870,1
35004.841,5,626130,240,244860,1
35004.841,5,623773,200,244830,1
35004.958,5,623773,300,244830,1
35005.585,2,626166,200,244800,1
35006.918,1,629186,100,244800,1
35008.566,1,630453,1000,244920,1
35010.58,2,623266,110,244360,1
35012.072,1,632370,110,244270,1
35015.517,2,623964,110,245360,-1
35015.521,1,634827,110,245270,-1
35015.665,4,630453,1000,244920,1
35016.149,2,623716,500,244820,1
35016.279,2,625407,200,244100,1
35016.283,1,635327,200,243400,1
35016.534,2,632370,110,244270,1
35017.1,1,635838,500,245000,-1
35017.549,2,629186,100,244800,1
35019.39,1,637045,110,244270,1
35019.552,2,634827,110,245270,-1
35019.557,1,637142,110,245360,-1
35021.81,2,619346,54,245500,-1
35021.904,1,638541,54,245700,-1
35022.659,2,635838,500,245000,-1
35022.848,2,637045,110,244270,1
35023.374,5,635578,500,244990,-1
35023.374,5,635627,500,244990,-1
35023.752,5,635323,100,245000,-1
35023.752,5,635502,700,245000,-1
35023.782,1,639939,110,244360,1
35023.959,2,639939,110,244360,1
35023.964,1,640053,110,244450,1
35024.967,1,640729,1000,244900,1
35025.265,2,640053,110,244450,1
35025.271,1,640865,110,244360,1
35025.502,1,641008,1200,245000,-1
35025.771,2,640865,110,244360,1
35025.778,1,641155,110,244450,1
35026.385,2,641008,1200,245000,-1
35026.788,2,641155,110,244450,1
35026.795,1,641683,110,244270,1
35026.868,1,641720,1400,245000,-1
35028.56,2,641720,1400,245000,-1
35028.824,2,640729,1000,244900,1
35029.599,2,641683,110,244270,1
35029.605,1,643135,110,244360,1
35030.145,2,643135,110,244360,1
35033.844,1,645417,110,244180,1
35034.902,1,646152,500,245000,-1
35038.404,5,645708,500,244890,-1
35038.404,5,645882,340,244890,-1
35038.73,2,68574,100,241700,1
35041.134,1,650026,600,245000,-1
35041.153,2,612266,900,245300,-1
35041.842,5,648431,500,244900,1
35041.922,2,578382,1000,246000,-1
35041.98,5,648431,500,244900,1
35042.068,5,648431,160,244900,1
35042.068,5,640211,300,244800,1
35042.068,4,598300,40,244700,1
35042.121,4,598300,60,244700,1
35042.791,2,612401,1000,245290,-1
35042.828,1,651199,1000,244990,-1
35043.06,1,651350,1800,244790,1
35043.137,2,651199,1000,244990,-1
35043.389,2,646152,500,245000,-1
35043.406,2,567495,900,244200,1
35043.466,1,651700,2000,244800,-1
35043.48,4,651350,1800,244790,1
35043.678,1,651855,400,244690,1
35044.32,4,651855,400,244690,1
35044.499,1,652443,300,244680,-1
35044.755,1,652683,300,245300,-1
35045.732,2,652443,300,244680,-1
35045.772,2,645417,110,244180,1
35045.777,1,653434,110,244270,1
35046.783,5,653187,800,244700,-1
35046.783,1,654098,200,244700,1
35046.845,4,654098,200,244700,1
35046.881,2,637142,110,245360,-1
35046.887,1,654172,110,245450,-1
35046.942,2,653434,110,244270,1
35046.946,1,654214,110,244360,1
35047.158,2,654172,110,245450,-1
35047.163,1,654334,110,245360,-1
35049.965,2,654334,110,245360,-1
35049.975,1,656609,110,245450,-1
35050.407,2,269533,400,242600,1
35053.251,2,656609,110,245450,-1
35053.256,1,658666,110,245360,-1
35055.313,2,658666,110,245360,-1
35055.322,1,659728,110,245450,-1
35059.429,2,659728,110,245450,-1
35059.929,2,654214,110,244360,1
35059.935,1,662346,110,244550,1
35060.762,1,662835,1000,244600,1
35061.18,2,159217,100,248500,-1
35061.188,1,663061,100,249500,-1
35061.56,1,663201,110,245550,-1
35061.789,1,663321,1000,245200,-1
35061.915,4,662835,100,244600,1
35062.216,2,662346,110,244550,1
35062.221,1,663546,110,244640,1
35065.242,2,652683,300,245300,-1
35066.143,4,663546,110,244640,1
35066.352,2,663201,110,245550,-1
35066.407,1,666151,110,244640,1
35066.424,4,666151,90,244640,1
35066.457,4,666151,20,244640,1
35066.457,4,662835,80,244600,1
35066.64,1,666338,110,244640,1
35066.675,2,666338,110,244640,1
35066.743,1,666391,110,244640,1
35066.751,2,666391,110,244640,1
35067.035,4,662835,368,244600,1
35067.484,4,662835,452,244600,1
35067.616,5,666806,110,244590,-1
35067.73,1,666954,110,245090,-1
35067.754,5,666806,100,244590,-1
35068.127,2,666954,110,245090,-1
35068.185,1,667209,110,244180,1
35068.511,1,667377,110,245090,-1
35068.983,2,667377,110,245090,-1
35069.394,1,667846,500,244700,-1
35069.414,2,638541,54,245700,-1
35069.609,1,667962,54,245300,-1
35071.072,1,668851,110,245180,-1
35072.722,4,549040,1000,244500,1
35072.722,4,558425,1000,244500,1
35072.722,5,668411,300,244500,1
35072.748,1,669701,3000,244100,1
35074.173,2,667209,110,244180,1
35074.183,1,670438,110,244270,1
35074.736,1,670757,300,245000,-1
35074.769,2,650026,600,245000,-1
35074.775,1,670781,800,244700,-1
35074.956,2,669701,3000,244100,1
35075.162,2,668851,110,245180,-1
35075.5,1,671127,110,245180,-1
35079.492,5,672227,100,244320,1
35079.639,2,671127,110,245180,-1
35079.799,2,667846,500,244700,-1
35080.08,1,673555,110,245180,-1
35083.166,2,635327,200,243400,1
35083.17,1,675784,300,242700,1
35084.34,2,673555,110,245180,-1
35084.345,1,676556,110,245090,-1
35084.701,2,670757,300,245000,-1
35085.134,2,670438,110,244270,1
35085.144,1,676950,110,244180,1
35085.156,1,676956,500,244100,1
35085.398,1,677100,450,230000,1
35086.075,2,676556,110,245090,-1
35086.245,1,677521,110,245180,-1
35086.358,2,676950,110,244180,1
35086.651,1,677697,110,244090,1
35087.104,2,677697,110,244090,1
35087.108,1,677913,110,244180,1
35087.163,2,677521,110,245180,-1
35088.602,1,678718,110,245180,-1
35088.767,2,678718,110,245180,-1
35088.822,1,678829,110,245180,-1
35089.275,2,678829,110,245180,-1
35090.575,2,676956,500,244100,1
35091.644,2,677913,110,244180,1
35091.649,1,680188,110,244270,1
35092.095,1,680354,500,244500,-1
35092.307,2,680188,110,244270,1
35092.313,1,680472,110,244360,1
35092.402,1,680513,110,245360,-1
35092.915,4,680472,110,244360,1
35093.121,2,680513,110,245360,-1
35093.148,1,680871,110,244360,1
35093.381,4,680871,29,244360,1
35095.952,1,682618,110,245000,-1
35097.327,4,680871,57,244360,1
35097.497,2,680871,24,244360,1
35097.498,2,682618,110,245000,-1
35097.526,1,683625,110,244360,1
35097.54,5,680185,100,244450,-1
35097.635,1,683691,5000,245800,-1
35097.707,1,683713,200,249000,-1
35097.989,2,683625,110,244360,1
35097.994,1,683878,110,244450,1
35097.996,4,683878,110,244450,1
35098.238,1,684010,110,244270,1
35098.26,1,684024,110,244910,-1
35098.679,2,684010,110,244270,1
35098.68,2,684024,110,244910,-1
35098.696,1,684259,110,244270,1
35099.157,2,667962,54,245300,-1
35099.34,1,684571,54,244490,-1
35099.494,1,684645,110,244730,-1
35099.52,1,684661,800,244500,-1
35099.791,2,684645,110,244730,-1
35100.353,2,684259,110,244270,1
35100.967,1,685383,110,244750,-1
35100.975,2,685383,110,244750,-1
35101.016,1,685400,300,245000,-1
35101.916,2,684661,800,244500,-1
35102.033,1,685826,1000,244300,-1
35102.494,1,686029,110,243910,1
35102.848,2,686029,110,243910,1
35102.854,1,686197,110,244000,1
35102.879,2,686197,110,244000,1
35102.884,1,686212,110,243910,1
35103.137,2,686212,110,243910,1
35103.533,1,686518,110,243520,1
35103.742,5,686158,200,244270,-1
35103.742,5,685845,200,244280,-1
35103.742,4,685826,1000,244300,-1
35103.742,5,686453,800,244300,-1
35105.042,1,687158,110,244730,-1
35105.592,2,687158,110,244730,-1
35105.6,1,687406,110,244550,-1
35105.872,1,687547,1000,244010,1
35107.244,4,684571,54,244490,-1
35107.244,4,680354,500,244500,-1
35107.281,5,688342,270,244500,-1
35108.118,1,688845,1000,244300,1
35108.691,2,670781,800,244700,-1
35108.912,2,686518,110,243520,1
35108.918,1,689315,110,243730,1
35109.049,1,689375,500,244320,1
35109.049,1,689376,900,244800,-1
35109.657,2,685400,300,245000,-1
35110.031,2,689315,110,243730,1
35110.036,1,689910,110,243550,1
35110.263,2,689910,110,243550,1
35110.271,1,690024,110,243910,1
35110.354,2,690024,110,243910,1
35110.391,1,690132,110,243820,1
35110.853,2,687406,110,244550,-1
35110.858,1,690448,110,244640,-1
35110.901,1,690494,500,244700,-1
35113.597,2,690448,110,244640,-1
35113.606,1,691807,110,244550,-1
35114.153,2,690494,500,244700,-1
35114.246,2,690132,110,243820,1
35114.255,1,692123,110,243730,1
35123.49,5,689384,200,244340,1
35123.49,5,694426,500,244340,1
35123.49,5,694202,500,244330,1
35123.49,4,689375,500,244320,1
35123.49,4,688845,500,244300,1
35127.151,2,687547,1000,244010,1
35127.537,2,691807,110,244550,-1
35127.543,1,698240,110,244450,-1
35128.064,2,692123,110,243730,1
35128.252,4,698240,100,244450,-1
35128.265,2,698240,10,244450,-1
35128.543,1,698894,110,244640,-1
35129.166,1,699301,300,244900,-1
35131.41,1,700814,110,243730,1
35132.143,2,698894,110,244640,-1
35132.15,1,701254,110,244550,-1
35132.5,2,701254,110,244550,-1
35132.54,1,701518,110,244640,-1
35132.582,2,701518,110,244640,-1
35132.587,1,701562,110,244550,-1
35138.028,2,699301,300,244900,-1
35139.512,2,700814,110,243730,1
35139.975,1,706477,110,243730,1
35142.26,2,688845,500,244300,1
35142.31,1,707923,3000,244000,1
35142.312,1,707926,500,244100,1
35142.898,1,708325,1000,244110,1
35142.928,2,707923,3000,244000,1
35142.943,1,708353,3000,244100,1
35144.1,2,706477,110,243730,1
35144.898,2,617595,1000,244000,1
35146.137,1,710281,110,243730,1
35146.695,2,707926,500,244100,1
35147.304,1,710893,1000,244000,1
35147.547,2,710281,110,243730,1
35147.955,1,711240,110,243550,1
35148.095,2,711240,110,243550,1
35148.965,1,711836,110,243640,1
35149.411,2,711836,110,243640,1
35150.015,2,701562,110,244550,-1
35150.026,1,712481,110,244450,-1
35150.059,1,712494,500,244800,-1
35150.954,2,712481,110,244450,-1
35150.96,1,713080,110,244360,-1
35151.055,1,713166,110,243450,1
35151.277,2,708325,1000,244110,1
35151.572,2,712494,500,244800,-1
35152.156,2,713166,110,243450,1
35152.984,2,713080,110,244360,-1
35152.99,1,714309,110,244270,-1
35153.408,2,714309,110,244270,-1
35153.413,1,714600,110,244360,-1
35154.037,2,714600,110,244360,-1
35154.042,1,714999,110,244270,-1
35155.458,4,714999,110,244270,-1
35155.657,1,715900,110,244270,-1
35155.677,4,715900,110,244270,-1
35155.696,1,715921,110,244270,-1
35155.705,4,715921,110,244270,-1
35155.719,1,715933,110,244270,-1
35155.724,1,715942,300,244900,-1
35155.747,4,715933,110,244270,-1
35155.782,1,715987,110,244270,-1
35155.923,2,715987,110,244270,-1
35155.966,1,716096,110,245090,-1
35156.899,1,716527,1000,244790,-1
35157.927,2,708353,3000,244100,1
35157.946,1,717049,3000,244000,1
35162.177,1,718858,500,244220,1
35162.365,1,718934,110,243730,1
35164.635,2,716096,110,245090,-1
35164.647,1,720227,110,244910,-1
35166.02,1,720991,500,244300,1
35166.273,2,718858,500,244220,1
35167.68,2,715942,300,244900,-1
35173.104,2,717049,3000,244000,1
35173.624,2,718934,110,243730,1
35173.629,1,725077,110,243550,1
35173.694,2,28255,150,249400,-1
35174.756,2,720227,110,244910,-1
35174.766,1,725962,110,244820,-1
35175.938,2,720991,500,244300,1
35176.056,2,625406,200,246700,-1
35176.064,1,726835,200,245100,-1
35176.904,1,727315,700,244010,1
35176.909,2,725962,110,244820,-1
35176.917,1,727324,110,244730,-1
35178.239,1,728124,300,244400,-1
35178.339,1,728201,800,244500,-1
35178.48,2,727315,700,244010,1
35178.686,2,728201,800,244500,-1
35178.797,1,728574,800,244400,-1
35179.168,2,651700,2000,244800,-1
35179.209,2,728574,800,244400,-1
35180.056,1,729494,500,244220,1
35180.101,1,729523,300,244900,-1
35180.72,5,728178,500,244380,-1
35180.72,5,729556,500,244380,-1
35180.72,4,728124,300,244400,-1
35180.742,1,729914,500,244800,-1
35180.758,2,716527,1000,244790,-1
35180.794,1,729958,1000,244720,-1
35181.71,2,729914,500,244800,-1
35182.721,2,725077,110,243550,1
35182.729,1,731125,110,243270,1
35183.18,2,729958,1000,244720,-1
35183.972,2,731125,110,243270,1
35184.068,1,732034,110,243270,1
35184.479,2,732034,110,243270,1
35186.787,2,727324,110,244730,-1
35186.793,1,733568,110,244550,-1
35189.093,4,729494,100,244220,1
35192.312,1,736622,110,243270,1
35192.38,2,736622,110,243270,1
35192.386,1,736652,110,243450,1
35192.668,2,736652,110,243450,1
35192.673,1,736776,110,243270,1
35194.737,2,736776,110,243270,1
35194.751,1,737614,110,243360,1
35197.089,2,675784,300,242700,1
35197.104,1,738598,200,243200,1
35197.657,2,737614,110,243360,1
35197.664,1,738861,110,243270,1
35197.899,2,733568,110,244550,-1
35197.906,1,738956,110,244450,-1
35198.016,2,738861,110,243270,1
35198.025,1,738999,110,243360,1
35198.081,2,738999,110,243360,1
35198.085,1,739029,110,243270,1
35199.826,2,739029,110,243270,1
35199.837,1,739737,110,243360,1
35199.918,1,739782,1000,244300,-1
35200.608,2,739737,110,243360,1
35201.334,1,740301,110,243360,1
35201.556,2,740301,110,243360,1
35202.424,1,740690,100,240500,1
35204.344,1,741377,110,243360,1
35206.087,2,741377,110,243360,1
35206.432,1,742288,110,243180,1
35206.434,2,742288,110,243180,1
35206.44,1,742295,110,243360,1
35207.106,1,742677,1900,244400,-1
35207.214,2,742295,110,243360,1
35207.221,1,742720,110,243270,1
35207.285,2,742720,110,243270,1
35207.291,1,742753,110,243180,1
35207.767,2,742753,110,243180,1
35207.772,1,742984,110,243360,1
35207.971,2,742984,110,243360,1
35207.975,1,743058,110,243180,1
35208.081,1,743108,1000,243300,1
35208.23,2,743058,110,243180,1
35208.235,1,743175,110,243360,1
35208.954,2,738956,110,244450,-1
35208.963,1,743458,110,244270,-1
35209.051,2,743458,110,244270,-1
35209.056,1,743517,110,244450,-1
35209.199,2,743175,110,243360,1
35209.204,1,743582,110,243180,1
35209.715,2,743517,110,244450,-1
35209.721,1,743767,110,244270,-1
35211.711,2,743582,110,243180,1
35212.408,2,743767,110,244270,-1
35212.414,4,729494,110,244220,1
35212.473,4,729494,110,244220,1
35212.482,4,729494,110,244220,1
35212.529,4,729494,70,244220,1
35212.529,1,744688,40,244180,-1
35212.584,2,744688,40,244180,-1
35212.637,1,744769,110,244270,-1
35212.645,2,744769,110,244270,-1
35212.702,1,744792,110,244180,-1
35213.971,1,745223,110,243640,1
35217.22,2,745223,110,243640,1
35224.083,2,744792,110,244180,-1
35224.089,1,748593,110,244270,-1
35224.181,1,748622,100,244200,1
35225.059,4,748622,100,244200,1
35227.749,2,729523,300,244900,-1
35228.912,2,739782,1000,244300,-1
35228.914,1,750647,1000,244200,-1
35229.054,1,750727,110,243810,1
35229.819,2,689376,900,244800,-1
35229.822,1,751142,800,244500,-1
35232.123,2,750727,110,243810,1
35236.438,1,754536,800,244100,-1
35237.943,1,755270,300,244900,-1
35238.358,1,755427,110,243730,1
35239.114,2,755427,110,243730,1
35239.121,1,755746,110,243820,1
35239.854,2,748593,110,244270,-1
35239.859,1,756044,110,244450,-1
35241.62,5,754166,400,244010,1
35243.479,5,756825,100,244010,1
35243.479,5,756826,500,244010,1
35243.479,4,610895,500,244000,1
35243.479,4,710893,1000,244000,1
35245.589,2,755746,110,243820,1
35245.595,1,758235,110,243730,1
35245.612,1,758245,3000,243300,1
35245.76,2,756044,110,244450,-1
35245.903,1,758366,110,244450,-1
35246.347,2,758366,110,244450,-1
35246.354,1,758532,110,244640,-1
35246.723,2,758235,110,243730,1
35246.731,1,758687,110,243910,1
35246.812,2,758532,110,244640,-1
35246.836,2,758687,110,243910,1
35246.841,1,758735,110,243730,1
35247.092,1,758835,110,244450,-1
35247.812,2,758735,110,243730,1
35247.817,1,759119,110,243910,1
35248.769,2,754536,800,244100,-1
35249.447,1,759688,300,244010,-1
35249.453,2,759688,300,244010,-1
35249.657,1,759780,300,244010,-1
35249.663,2,759780,300,244010,-1
35249.865,1,759882,300,244010,-1
35249.868,2,759882,300,244010,-1
35250.078,1,759948,300,244010,-1
35250.083,2,759948,300,244010,-1
35250.289,1,760008,300,244010,-1
35250.298,2,760008,300,244010,-1
35250.498,1,760076,300,244010,-1
35250.505,2,760076,300,244010,-1
35250.921,1,760261,300,244010,-1
35250.925,2,760261,300,244010,-1
35250.992,2,759119,110,243910,1
35250.998,1,760280,110,243730,1
35251.02,1,760288,500,243700,1
35251.341,1,760411,300,244010,-1
35251.344,2,760411,300,244010,-1
35251.451,2,742677,1900,244400,-1
35251.55,1,760483,300,244010,-1
35251.553,2,760483,300,244010,-1
35251.748,1,760572,300,244010,-1
35251.753,2,760572,300,244010,-1
35251.957,1,760656,300,244010,-1
35251.958,2,760656,300,244010,-1
35252.068,5,757030,300,244100,-1
35252.068,1,760692,1200,244100,1
35252.169,4,760692,300,244100,1
35252.662,1,760952,500,244020,1
35253.673,4,760692,725,244100,1
35254.21,1,761926,400,244100,1
35256.465,2,761926,400,244100,1
35256.787,2,760952,500,244020,1
35258.246,1,763860,2000,245000,-1
35258.939,4,760692,100,244100,1
35259.266,4,760692,75,244100,1
35259.266,1,764225,325,244100,-1
35259.78,2,764225,325,244100,-1
35260.492,5,764467,800,244100,1
35261.861,1,765145,400,244000,1
35263.371,2,760288,500,243700,1
35267.158,2,760280,110,243730,1
35267.166,1,767966,110,243910,1
35267.331,1,768203,1200,243700,1
35267.377,2,751142,800,244500,-1
35267.681,1,768759,200,244000,1
35267.956,2,726835,200,245100,-1
35268.018,1,769331,300,246500,-1
35269.534,2,758835,110,244450,-1
35269.555,4,750647,736,244200,-1
35269.558,1,771713,110,244550,-1
35270.162,2,768759,200,244000,1
35270.221,1,772669,200,244100,1
35270.317,2,765145,400,244000,1
35270.322,1,772804,400,244100,1
35270.599,4,750647,264,244200,-1
35270.693,1,773370,500,244600,-1
35270.787,2,773370,500,244600,-1
35270.968,1,773863,1000,244540,-1
35271.023,2,738598,200,243200,1
35271.085,2,771713,110,244550,-1
35271.089,1,774049,200,244000,1
35271.093,1,774053,110,244720,-1
35271.604,2,774053,110,244720,-1
35271.882,1,775317,110,244910,-1
35272.017,2,772669,200,244100,1
35272.035,2,768203,1200,243700,1
35272.037,1,775507,1000,244600,-1
35272.062,1,775535,200,244200,1
35272.15,2,775317,110,244910,-1
35272.155,1,775676,110,244980,-1
35272.29,2,772804,400,244100,1
35272.303,1,775886,400,244200,1
35272.681,2,775676,110,244980,-1
35272.766,1,776586,110,245000,-1
35272.822,2,767966,110,243910,1
35272.828,1,776667,110,244090,1
35273.049,2,773863,1000,244540,-1
35273.144,2,776586,110,245000,-1
35273.953,2,776667,110,244090,1
35273.962,1,778083,110,244270,1
35274.269,1,778453,110,245000,-1
35274.393,2,775535,200,244200,1
35274.417,1,778634,200,244300,1
35274.472,2,775886,400,244200,1
35274.475,1,778694,400,244300,1
35274.502,1,778741,40,249500,-1
35274.507,1,778746,60,249500,-1
35274.756,2,778453,110,245000,-1
35274.902,1,779260,1000,244590,-1
35275.034,2,778083,110,244270,1
35275.146,1,779527,110,244270,1
35275.266,2,779527,110,244270,1
35275.272,1,779665,110,244180,1
35275.293,5,779219,200,244330,1
35275.293,5,779419,500,244310,1
35275.293,5,779580,200,244310,1
35275.448,2,774049,200,244000,1
35275.524,2,778634,200,244300,1
35275.525,2,775507,1000,244600,-1
35275.559,1,779945,1200,244700,-1
35275.758,1,780173,110,244820,-1
35275.76,1,780177,200,243800,1
35275.987,2,779665,110,244180,1
35275.994,1,780463,110,244270,1
35276.401,5,779596,300,244500,-1
35276.401,5,779279,288,244540,-1
35276.401,5,778272,412,244580,-1
35276.565,2,780173,110,244820,-1
35276.573,1,781117,110,245000,-1
35277.37,2,755270,300,244900,-1
35277.55,2,780463,110,244270,1
35277.557,1,782068,110,244360,1
35277.631,2,782068,110,244360,1
35277.637,1,782177,110,244270,1
35277.734,2,779945,1200,244700,-1
35277.742,1,782303,1100,244800,-1
35277.775,2,781117,110,245000,-1
35277.825,1,782391,110,244820,-1
35278.063,2,778694,400,244300,1
35278.068,1,782642,400,244400,1
35278.212,2,782391,110,244820,-1
35278.22,1,782785,110,245000,-1
35278.736,2,779260,1000,244590,-1
35278.848,2,782785,110,245000,-1
35278.912,2,782642,400,244400,1
35278.915,1,783401,400,244500,1
35279.26,2,782177,110,244270,1
35279.266,1,783826,110,244360,1
35279.822,2,782303,1100,244800,-1
35279.853,1,784467,300,245000,-1
35280.024,1,784688,900,244790,-1
35280.124,2,784467,300,245000,-1
35281.633,2,784688,900,244790,-1
35282.821,2,783401,400,244500,1
35282.83,5,784681,229,244600,1
35282.87,1,787578,1000,244990,-1
35283.385,1,788121,110,245270,-1
35284.017,2,788121,110,245270,-1
35284.033,1,788839,110,245550,-1
35284.056,2,788839,110,245550,-1
35284.901,1,789879,110,245090,-1
35285.047,2,789879,110,245090,-1
35285.062,2,783826,110,244360,1
35285.067,1,790027,110,244270,1
35285.103,2,758245,3000,243300,1
35285.669,2,790027,110,244270,1
35285.676,1,790605,110,244000,1
35285.737,1,790670,3000,244000,1
35285.87,1,790813,1000,244010,1
35286.091,2,790605,110,244000,1
35286.095,1,791106,110,244180,1
35286.188,2,791106,110,244180,1
35286.194,1,791214,110,244270,1
35287.008,1,792066,110,245270,-1
35287.381,2,792066,110,245270,-1
35287.387,1,792449,110,245000,-1
35288.288,5,788760,1500,244500,1
35288.473,2,792449,110,245000,-1
35288.478,1,793308,110,245090,-1
35289.141,2,769331,300,246500,-1
35289.188,1,793901,200,245900,-1
35289.299,2,793308,110,245090,-1
35289.303,1,793996,110,245180,-1
35289.492,2,790813,1000,244010,1
35289.599,2,793996,110,245180,-1
35289.605,1,794254,110,245000,-1
35290.252,2,794254,110,245000,-1
35290.26,1,794802,110,245180,-1
35291.074,2,791214,110,244270,1
35291.078,1,795583,110,244360,1
35291.194,4,795583,110,244360,1
35291.287,1,795780,110,244360,1
35291.379,4,795780,110,244360,1
35291.388,2,794802,110,245180,-1
35291.488,1,795956,110,244360,1
35291.562,2,795956,110,244360,1
35291.594,1,796073,110,244280,1
35291.832,2,790670,3000,244000,1
35291.906,2,796073,110,244280,1
35291.99,2,780177,200,243800,1
35292.014,1,796552,3000,243800,1
35292.261,1,796851,110,244450,1
35292.307,1,796913,200,243300,1
35292.403,4,796851,110,244450,1
35292.439,1,797086,110,245260,-1
35292.513,2,797086,110,245260,-1
35292.529,1,797181,110,245550,-1
35292.579,2,797181,110,245550,-1
35292.846,1,797548,110,243910,1
35292.877,1,797580,500,243900,1
35292.91,1,797624,1000,243810,1
35292.93,2,796552,3000,243800,1
35292.956,1,797662,3000,243900,1
35293.057,2,797624,1000,243810,1
35293.09,1,797766,1000,243920,1
35293.156,2,797580,500,243900,1
35293.284,2,797548,110,243910,1
35293.296,1,797977,110,244000,1
35293.351,1,798034,100,244200,1
35293.369,2,797766,1000,243920,1
35293.427,1,798086,700,244010,1
35293.805,2,798086,700,244010,1
35294.009,4,798034,68,244200,1
35294.446,2,797977,110,244000,1
35294.453,1,798996,110,243910,1
35294.76,2,798996,110,243910,1
35294.767,1,799356,110,244000,1
35295.106,2,797662,3000,243900,1
35295.113,1,799682,300,245000,-1
35295.374,2,799356,110,244000,1
35295.379,1,799905,110,243910,1
35295.403,1,799929,3000,243300,1
35295.523,1,800026,110,245270,-1
35295.769,5,799501,400,244300,-1
35295.769,5,800236,100,244300,-1
35296.154,2,799682,300,245000,-1
35296.171,1,800531,300,244900,-1
35296.235,2,787578,1000,244990,-1
35296.275,1,800619,1000,244890,-1
35296.834,2,798034,32,244200,1
35298.091,2,800531,300,244900,-1
35298.112,1,802121,300,244800,-1
35298.177,2,800619,1000,244890,-1
35298.325,1,802310,1000,244790,-1
35298.635,2,800026,110,245270,-1
35298.641,1,802669,110,245550,-1
