34204.817,1,189580,600,186800,1
34204.818,1,189583,1000,188800,-1
34205.497,2,189583,1000,188800,-1
34205.612,1,190264,1000,188990,-1
34207.81,1,191947,200,188230,1
34208.039,4,191947,200,188230,1
34208.26,1,192234,100,94100,1
34208.509,2,192234,100,94100,1
34208.697,1,192517,500,187200,1
34208.757,2,189580,600,186800,1
34208.77,1,192585,1000,187210,1
34209.882,2,192585,1000,187210,1
34209.895,1,193350,700,187220,1
34210.997,2,192517,500,187200,1
34212.255,2,190264,1000,188990,-1
34212.286,1,194879,800,188980,-1
34213.061,2,182563,500,189000,-1
34215.015,1,196700,500,189000,-1
34217.672,2,193350,700,187220,1
34217.708,1,198208,600,187230,1
34219.62,2,196700,500,189000,-1
34221.448,1,200163,500,188900,-1
34221.535,2,194879,800,188980,-1
34221.551,1,200214,1000,188890,-1
34221.614,5,199343,100,188000,1
34223.403,2,142866,500,186200,1
34224.118,1,201580,500,187200,1
34224.628,2,200214,1000,188890,-1
34224.661,1,201873,900,188880,-1
34224.692,2,200163,500,188900,-1
34225.193,2,201873,900,188880,-1
34225.507,1,202307,500,189500,-1
34225.614,1,202346,1000,188990,-1
34225.677,2,202307,500,189500,-1
34225.684,1,202399,500,189000,-1
34226.217,2,202399,500,189000,-1
34230.743,1,205093,500,187900,1
34231.776,1,205657,1000,188200,-1
34236.676,5,205070,100,188040,-1
34239.517,5,205659,100,188150,-1
34239.712,5,205659,143,188150,-1
34239.712,4,205657,757,188200,-1
34239.801,4,205657,200,188200,-1
34239.886,1,209846,200,189300,-1
34239.887,1,209847,300,187000,1
34240.053,4,205657,43,188200,-1
34240.916,2,198208,600,187230,1
34241.1,2,202346,1000,188990,-1
34241.602,1,210785,900,188990,-1
34241.645,2,210785,900,188990,-1
34242.603,1,211281,500,187910,1
34242.606,1,211284,1000,188990,-1
34242.635,2,211284,1000,188990,-1
34242.692,5,211174,200,188680,-1
34242.88,2,211281,500,187910,1
34243.012,1,211494,100,187900,1
34243.608,1,211767,600,187910,1
34244.488,2,211767,600,187910,1
34244.604,1,212252,400,187920,1
34244.609,1,212259,1000,188990,-1
34244.941,2,212259,1000,188990,-1
34245.055,5,212480,100,188480,-1
34245.605,1,212789,100,188800,-1
34245.652,5,212762,57,188610,-1
34245.769,5,212762,143,188610,-1
34246.442,2,212252,400,187920,1
34246.611,1,213343,300,187910,1
34247.806,1,213950,30,188630,1
34247.828,4,213950,30,188630,1
34247.83,2,212789,100,188800,-1
34250.649,1,215305,500,188200,1
34250.692,2,213343,300,187910,1
34251.773,5,215749,200,188860,1
34251.786,1,215910,100,94400,1
34251.987,2,215910,100,94400,1
34252.417,2,215305,500,188200,1
34252.608,1,216313,700,187910,1
34252.801,2,216313,700,187910,1
34253.612,1,216821,500,187910,1
34253.745,5,216748,200,188530,-1
34254.153,5,217017,200,188420,-1
34254.428,2,216821,500,187910,1
34254.6,1,217314,400,187910,1
34255.429,5,217695,200,188730,1
34255.883,1,217976,500,189300,-1
34256.439,2,217976,500,189300,-1
34259.098,2,201580,500,187200,1
34260.182,1,219930,500,187700,1
34261.174,5,220234,200,188840,-1
34261.285,2,217314,400,187910,1
34261.605,1,220697,300,187910,1
34261.82,2,220697,300,187910,1
34262.607,1,221303,400,187910,1
34263.274,4,113353,53,189000,-1
34263.394,2,221303,400,187910,1
34263.61,1,221862,300,187910,1
34263.611,1,221863,1000,189290,-1
34266.744,1,223603,500,188000,1
34266.77,2,221862,300,187910,1
34266.785,1,223621,800,188010,1
34266.931,2,223621,800,188010,1
34266.952,1,223727,1000,188300,1
34267.598,1,224033,1000,188310,1
34269.347,2,224033,1000,188310,1
34269.582,2,223727,1000,188300,1
34270.603,1,225823,1000,188010,1
34270.713,2,179177,50,184000,1
34270.971,1,226082,50,186000,1
34271.251,2,209846,200,189300,-1
34271.258,1,226199,200,189600,-1
34273.456,5,226782,100,188850,-1
34274.415,2,223603,500,188000,1
34275.777,1,228978,500,188100,1
34275.863,2,225823,1000,188010,1
34275.876,2,228978,500,188100,1
34275.888,1,229095,1000,188110,1
34276.578,1,229483,100,188500,1
34276.64,2,229095,1000,188110,1
34280.853,2,205093,500,187900,1
34281.535,1,232414,2000,188900,-1
34282.501,2,229483,100,188500,1
34282.609,1,232912,1000,187910,1
34284.004,4,232414,500,188900,-1
34285.846,1,234950,100,188900,-1
34287.745,5,235293,100,188850,-1
34287.745,4,232414,100,188900,-1
34293.453,2,166611,2000,176000,1
34293.872,1,239091,2000,184200,1
34295.587,4,232414,800,188900,-1
34296.128,1,240490,100,94200,1
34296.322,2,240490,100,94200,1
34296.411,2,221863,1000,189290,-1
34296.764,5,240491,200,188550,1
34297.707,5,241289,200,188650,1
34298.582,2,234950,100,188900,-1
34299.051,5,242063,42,188850,-1
34301.474,1,243959,500,187500,1
34302.6,1,244800,400,188890,-1
34303.3,2,244800,400,188890,-1
34304.604,1,246198,500,188890,-1
34306.091,1,247196,200,167700,1
34307.347,5,247090,100,188470,-1
34307.362,2,246198,500,188890,-1
34307.587,5,247090,100,188470,-1
34307.821,1,248089,100,188600,-1
34307.862,4,248089,100,188600,-1
34307.898,1,248127,500,188000,1
34307.988,2,232912,1000,187910,1
34308.607,1,248532,1000,188010,1
34310.05,2,248127,500,188000,1
34310.413,5,244815,100,188840,-1
34311.371,1,250201,100,188500,1
34311.409,2,248532,1000,188010,1
34311.78,4,232414,300,188900,-1
34312.12,2,219930,500,187700,1
34312.9,4,232414,100,188900,-1
34313.917,1,251592,500,189000,-1
34315.025,5,251768,100,188640,-1
34315.034,4,232414,200,188900,-1
34315.482,5,252133,358,188950,-1
34315.482,4,251592,500,189000,-1
34316.599,1,252876,1000,189490,-1
34318.58,2,252876,1000,189490,-1
34318.602,1,253925,400,188510,1
34318.605,1,253927,900,189490,-1
34318.912,2,253927,900,189490,-1
34319.426,2,250201,100,188500,1
34319.613,1,254403,1000,189490,-1
34320.189,2,253925,400,188510,1
34320.604,1,254961,1000,187910,1
34320.851,5,254879,100,188850,1
34320.959,1,255169,184,189200,-1
34321.065,2,254403,1000,189490,-1
34321.125,5,255124,100,189050,-1
34323.858,2,211494,100,187900,1
34326.161,1,258326,100,188800,1
34326.997,5,258338,158,188830,1
34327.213,1,258913,500,188900,-1
34328.565,4,258913,500,188900,-1
34329.836,1,260662,100,188900,1
34330.209,4,255169,124,189200,-1
34331.349,5,260670,316,188950,1
34331.415,5,260670,312,188950,1
34333.498,5,261613,316,189150,-1
34333.498,5,261648,184,189150,-1
34333.543,5,260670,138,188950,1
34333.687,5,260670,35,188950,1
34333.726,5,261648,128,189150,-1
34333.726,5,262910,138,189150,-1
34333.726,5,263033,35,189150,-1
34333.726,4,255169,60,189200,-1
34333.726,4,11496,50,189500,-1
34333.726,4,38884,589,189500,-1
34333.746,4,38884,400,189500,-1
34334.065,2,254961,1000,187910,1
34334.286,2,260662,100,188900,1
34334.621,2,226199,200,189600,-1
34334.624,1,263538,200,189800,-1
34334.999,1,263773,600,189490,-1
34335.487,5,263362,100,188900,1
34335.809,2,258326,100,188800,1
34336.603,1,264614,1000,188000,1
34337.57,2,263773,600,189490,-1
34338.222,1,265425,250,188800,1
34340.258,1,266492,100,94400,1
34340.457,2,266492,100,94400,1
34342.877,2,264614,1000,188000,1
34345.632,5,269542,700,189050,1
34345.632,5,269446,200,189000,1
34345.715,2,184726,1000,192000,-1
34346.124,1,269851,1000,195000,-1
34346.602,1,270077,900,189490,-1
34346.971,2,270077,900,189490,-1
34347.607,1,270624,1000,189490,-1
34350.132,1,271960,1000,189800,-1
34356.548,2,270624,1000,189490,-1
34357.614,1,276513,1000,189490,-1
34359.349,2,276513,1000,189490,-1
34359.526,5,277360,700,189150,-1
34360.599,1,277964,700,188810,1
34360.602,1,277966,1000,189490,-1
34362.158,2,277964,700,188810,1
34362.19,1,278796,500,189500,-1
34362.716,2,278796,500,189500,-1
34362.954,2,277966,1000,189490,-1
34363.465,1,279384,500,189500,-1
34364.601,1,279981,1000,189490,-1
34367.236,5,281022,500,188850,1
34368.984,1,282493,600,189300,-1
34369.649,2,279384,500,189500,-1
34369.658,1,282840,500,189300,-1
34370.102,1,283082,1000,203300,-1
34371.314,2,279981,1000,189490,-1
34371.604,1,283856,1000,189290,-1
34371.759,5,283616,300,188810,1
34371.759,4,265425,250,188800,1
34371.759,5,283724,800,188800,1
34372.066,1,284126,50,188800,-1
34372.597,1,284387,1000,187700,1
34373.59,2,282493,600,189300,-1
34374.173,2,282840,500,189300,-1
34374.902,1,285714,500,188300,1
34375.043,2,284126,50,188800,-1
34375.068,2,284387,1000,187700,1
34375.095,1,285816,1000,188310,1
34377.755,1,287230,500,188500,1
34379.038,2,285714,500,188300,1
34379.892,2,283856,1000,189290,-1
34380.062,1,288377,500,189500,-1
34380.169,1,288415,336,189100,-1
34380.636,1,288683,50,188800,-1
34380.715,4,288683,50,188800,-1
34380.727,2,288377,500,189500,-1
34383.305,5,290490,100,188850,-1
34384.193,1,291109,100,94300,1
34384.395,2,291109,100,94300,1
34386.268,2,285816,1000,188310,1
34386.603,1,292698,900,188510,1
34386.657,2,288415,336,189100,-1
34387.549,2,292698,900,188510,1
34387.609,1,293419,1000,189490,-1
34388.61,1,294108,900,188510,1
34389.941,2,294108,900,188510,1
34389.97,1,295143,700,188510,1
34390.068,2,295143,700,188510,1
34390.611,1,295598,500,188510,1
34394.318,5,298108,100,188850,1
34398.923,5,298409,500,189050,-1
34402.838,1,304009,500,188700,1
34406.305,5,298108,500,188850,1
34406.423,2,295598,500,188510,1
34406.439,1,306266,1000,188710,1
34409.126,2,293419,1000,189490,-1
34409.142,1,307936,400,189480,-1
34411.969,2,306266,1000,188710,1
34413.736,2,128362,600,186700,1
34413.942,1,310926,100,188900,1
34414.368,1,311164,600,188100,1
34417.998,2,310926,100,188900,1
34418.127,2,307936,400,189480,-1
34418.602,1,313961,1000,188710,1
34418.604,1,313962,1000,189490,-1
34420.12,2,263538,200,189800,-1
34420.138,1,315038,300,190500,-1
34420.387,1,315236,500,189500,-1
34421.032,1,315687,88,189400,1
34421.043,4,315687,88,189400,1
34424.829,1,318498,14,189400,1
34425.563,2,313962,1000,189490,-1
34426.491,1,319672,19,189400,1
34426.601,1,319748,1000,189490,-1
34426.704,2,319748,1000,189490,-1
34426.792,2,315038,100,190500,-1
34427.313,2,318498,14,189400,1
34427.788,2,319672,19,189400,1
34428.116,2,315236,500,189500,-1
34428.13,1,321056,100,94600,1
34428.328,2,321056,100,94600,1
34428.34,1,321217,700,189200,1
34430.461,2,321217,700,189200,1
34431.077,5,319016,100,189410,-1
34431.077,4,38884,11,189500,-1
34431.077,4,85804,500,189500,-1
34431.72,1,323726,14,189600,1
34432.23,4,323726,14,189600,1
34433.177,5,324058,47,189550,-1
34433.207,1,324740,500,188800,1
34433.353,2,313961,1000,188710,1
34433.601,1,325017,1000,188810,1
34433.719,1,325116,600,189400,1
34434.64,1,325771,600,189500,1
34434.784,1,325916,4000,192500,-1
34435.597,1,326384,600,189790,-1
34435.891,2,326384,600,189790,-1
34436.262,1,326889,2500,189400,1
34436.375,2,325116,600,189400,1
34436.53,2,325771,600,189500,1
34440.004,2,271960,1000,189800,-1
34440.194,2,326889,2500,189400,1
34440.419,1,329748,1000,189800,-1
34440.671,2,325017,1000,188810,1
34441.61,1,330671,1000,188810,1
34443.167,1,331849,500,189500,-1
34444.493,2,331849,500,189500,-1
34445.607,1,333654,1000,189790,-1
34445.815,2,333654,1000,189790,-1
34446.6,1,334319,1000,189790,-1
34449.308,5,335939,238,189250,1
34449.327,2,334319,1000,189790,-1
34449.342,1,336009,800,189780,-1
34449.546,2,336009,800,189780,-1
34450.658,1,336770,1000,195000,-1
34450.668,5,336094,35,189350,1
34450.703,2,330671,1000,188810,1
34451.221,2,324740,500,188800,1
34451.596,1,337358,1000,188710,1
34451.841,1,337524,100,189700,-1
34452.452,1,337856,100,189500,-1
34452.485,4,337856,100,189500,-1
34453.78,2,337358,1000,188710,1
34454.597,1,339297,1000,188710,1
34455.033,5,337908,316,189350,1
34455.114,5,337908,312,189350,1
34456.606,1,340755,1000,189690,-1
34456.92,2,340755,1000,189690,-1
34459.496,2,337524,100,189700,-1
34460.595,1,343536,1000,189790,-1
34460.706,2,343536,1000,189790,-1
34465.691,1,347136,10,189500,1
34466.889,2,304009,500,188700,1
34466.893,2,287230,500,188500,1
34467.495,1,348549,2500,189500,1
34470.003,1,350639,800,188500,1
34471.125,5,351101,400,189510,1
34471.125,4,347136,10,189500,1
34471.125,4,348549,590,189500,1
34472.205,1,352265,10,189600,1
34472.23,4,352265,10,189600,1
34472.23,4,348549,60,189500,1
34472.259,4,348549,86,189500,1
34472.593,1,352528,150,189600,-1
34472.658,1,352565,100,190000,-1
34473.438,1,353149,150,189600,-1
34475.82,4,348549,500,189500,1
34476.73,4,348549,1000,189500,1
34478.431,4,348549,10,189500,1
34479.555,4,348549,254,189500,1
34479.555,1,357628,446,189500,-1
34481.527,1,358965,500,188800,1
34481.606,2,339297,1000,188710,1
34482.605,1,359700,1000,188810,1
34485.189,2,357628,446,189500,-1
34486.329,5,359474,20,189010,1
34487.592,1,363528,1000,189590,-1
34488.638,2,363528,1000,189590,-1
34489.143,2,359700,1000,188810,1
34489.599,1,365471,1000,189590,-1
34490.275,5,365376,36,189050,1
34491.266,2,365471,1000,189590,-1
34491.597,1,367101,1000,189590,-1
34491.855,1,367419,500,189300,-1
34492.06,5,367339,10,189050,1
34492.06,1,367605,46,189000,-1
34492.091,4,367605,46,189000,-1
34493.758,1,369148,500,188900,1
34494.764,2,367101,1000,189590,-1
34495.476,2,358965,500,188800,1
34495.592,1,370792,1000,189290,-1
34496.037,1,371226,10,189100,-1
34497.294,2,370792,1000,189290,-1
34500.744,2,367419,500,189300,-1
34502.222,4,371226,10,189100,-1
34502.281,1,376366,500,189600,-1
34502.603,1,376666,1000,189590,-1
34502.676,1,376758,2500,189000,1
34503.434,2,376666,1000,189590,-1
34503.598,1,377520,700,189590,-1
34505.075,2,377520,700,189590,-1
34505.592,1,379222,400,189590,-1
34506.097,2,379222,400,189590,-1
34506.595,1,380079,1000,189590,-1
34506.622,2,376366,500,189600,-1
34506.975,1,380431,1111,190400,-1
34508.08,4,376758,500,189000,1
34514.154,2,380079,1000,189590,-1
34514.597,1,386568,700,189590,-1
34514.762,5,385986,100,189050,1
34514.762,4,376758,900,189000,1
34518.154,2,386568,700,189590,-1
34518.596,1,389548,800,189590,-1
34518.702,2,389548,800,189590,-1
34519.594,1,390402,300,189590,-1
34522.1,1,392287,700,189200,1
34522.643,5,392383,200,189250,1
34524.923,2,392287,700,189200,1
34526.158,1,395591,21,189500,1
34526.166,4,395591,21,189500,1
34527.016,2,390402,300,189590,-1
34529.525,1,398863,700,189400,1
34529.882,5,395606,36,189540,-1
34531.42,2,398863,700,189400,1
34531.56,1,400853,500,189100,1
34531.595,1,400888,300,189010,1
34531.641,5,399065,400,189450,1
34531.812,2,400888,300,189010,1
34532.602,1,401754,1000,189110,1
34533.669,2,401754,1000,189110,1
34535.12,2,400853,500,189100,1
34535.594,1,404447,1000,189010,1
34536.507,1,405243,100,189490,-1
34539.296,2,405243,100,189490,-1
34539.624,2,369148,500,188900,1
34540.664,1,408655,100,189390,-1
34544.024,1,411341,1000,189500,-1
34547.839,2,408655,100,189390,-1
34548.865,4,411341,300,189500,-1
34549.527,2,404447,1000,189010,1
34549.597,1,416448,700,189020,1
34550.151,4,411341,600,189500,-1
34550.156,4,411341,100,189500,-1
34552.918,2,352528,150,189600,-1
34553.339,1,419459,150,189500,-1
34554.643,4,419459,100,189500,-1
34555.003,1,420799,100,189500,-1
34555.978,4,419459,50,189500,-1
34555.978,4,420799,50,189500,-1
34556.168,2,416448,700,189020,1
34556.594,1,421889,800,189010,1
34557.355,2,421889,800,189010,1
34557.6,1,422615,700,189010,1
34557.732,1,422740,2500,189500,-1
34557.874,1,422855,2000,190000,-1
34560.418,2,422615,700,189010,1
34560.606,1,425236,300,189010,1
34563.629,2,425236,300,189010,1
34567.056,1,430280,500,189400,-1
34568.259,2,315038,200,190500,-1
34568.278,1,431051,300,191300,-1
34571.102,1,433151,100,189400,-1
34572.107,4,430280,500,189400,-1
34572.107,4,433151,100,189400,-1
34573.688,5,434304,35,189250,1
34573.966,5,427608,943,189450,-1
34573.966,5,435130,35,189450,-1
34573.966,4,420799,50,189500,-1
34573.966,4,422740,2500,189500,-1
34574.897,2,179139,200,191990,-1
34575.594,1,436694,1000,189010,1
34575.635,1,436748,2000,189400,-1
34575.681,4,436748,2000,189400,-1
34576.134,1,437212,500,189100,1
34576.223,2,436694,1000,189010,1
34576.345,4,353149,150,189600,-1
34576.592,1,437597,1000,189110,1
34576.643,1,437646,100,189200,1
34576.756,2,437212,500,189100,1
34576.765,1,437753,500,189200,1
34576.981,2,437597,1000,189110,1
34577.542,2,171866,200,180910,1
34577.592,1,438369,900,189790,-1
34578.59,2,438369,900,189790,-1
34581.202,1,441067,100,94700,1
34581.4,2,441067,100,94700,1
34581.569,1,441290,10,189500,1
34582.59,2,431051,300,191300,-1
34582.616,1,442112,200,190600,-1
34583.064,2,437646,100,189200,1
34583.354,1,442736,10,189600,1
34584.241,4,442736,10,189600,1
34584.873,1,443722,700,189600,-1
34586.271,2,443722,700,189600,-1
34586.595,1,445015,1000,189790,-1
34588.674,4,441290,10,189500,1
34588.674,1,446609,690,189500,-1
34588.686,4,446609,690,189500,-1
34588.722,5,446677,1000,189460,-1
34588.746,5,446677,1000,189460,-1
34589.214,2,445015,1000,189790,-1
34589.68,2,437753,500,189200,1
34589.822,1,447592,500,189100,1
34590.596,1,448122,1000,189110,1
34592.44,1,449489,1000,189500,-1
34592.509,4,449489,1000,189500,-1
34593.039,2,447592,500,189100,1
34595.757,1,451912,200,189400,1
34596.356,2,448122,1000,189110,1
34596.8,1,452819,10,189600,1
34600.172,1,455164,100,189500,1
34601.154,4,452819,10,189600,1
34601.182,5,455860,302,189550,1
34610.416,4,329748,51,189800,-1
34613.957,4,329748,36,189800,-1
34615.527,1,465857,10,189700,1
34616.009,2,442112,200,190600,-1
34616.021,1,466244,300,191300,-1
34616.802,4,329748,56,189800,-1
34617.293,4,465857,10,189700,1
34617.293,1,467272,990,189700,-1
34618.181,4,467272,990,189700,-1
34621.063,4,329748,857,189800,-1
34621.818,1,470978,10,189700,1
34622.489,4,69689,350,189900,-1
34622.891,5,471568,50,189850,-1
34625.738,1,473870,100,94800,1
34625.93,1,474027,10,189900,1
34625.94,2,473870,100,94800,1
34626.257,1,474251,500,189500,1
34627.047,2,455164,100,189500,1
34627.05,4,11495,113,190000,-1
34628.556,4,474027,10,189900,1
34628.556,1,475649,605,189900,-1
34629.329,4,475649,600,189900,-1
34630.204,2,475649,5,189900,-1
34630.329,4,11495,187,190000,-1
34630.329,4,39244,200,190000,-1
34630.329,4,40311,175,190000,-1
34630.329,4,40319,938,190000,-1
34630.94,4,40319,62,190000,-1
34630.94,4,164558,20,190000,-1
34630.94,4,166211,492,190000,-1
34630.94,4,167248,50,190000,-1
34630.94,4,352565,100,190000,-1
34630.94,4,422855,776,190000,-1
34631.538,4,422855,1224,190000,-1
34632.369,2,470978,10,189700,1
34632.509,1,478683,200,190000,-1
34632.594,1,478740,1000,189510,1
34633.096,4,478683,200,190000,-1
34635.233,2,466244,300,191300,-1
34635.247,1,480641,200,190800,-1
34638.263,5,481668,20,189850,1
34641.186,1,484787,301,167600,1
34644.59,1,486915,1000,190190,-1
34645.122,2,478740,1000,189510,1
34647.473,1,488765,500,190200,-1
34650.051,2,488765,500,190200,-1
34654.818,2,243959,500,187500,1
34655.873,2,474251,500,189500,1
34657.591,1,495523,1000,189410,1
34659.276,2,495523,1000,189410,1
34662.875,1,499407,100,190100,-1
34662.995,2,486915,1000,190190,-1
34663.595,1,499822,1000,190090,-1
34663.744,2,499407,100,190100,-1
34663.759,1,499964,100,190000,-1
34668.593,1,503043,1000,189410,1
34670.078,1,504058,100,94800,1
34670.277,2,504058,100,94800,1
34676.634,2,499822,1000,190090,-1
34678.483,2,480641,200,190800,-1
34678.5,1,509718,300,191600,-1
34680.052,4,499964,69,190000,-1
34681.06,1,511787,500,189910,-1
34682.962,4,511787,69,189910,-1
34684.544,1,514599,100,189500,1
34684.619,2,503043,1000,189410,1
34684.679,4,511787,431,189910,-1
34684.679,4,499964,31,190000,-1
34684.738,1,514841,700,190000,-1
34684.772,4,514841,700,190000,-1
34684.916,5,514798,51,190150,-1
34685.601,1,515673,1000,189510,1
34685.695,2,514599,100,189500,1
34685.711,1,515791,100,189600,1
34685.744,2,451912,200,189400,1
34685.745,2,515673,1000,189510,1
34686.138,1,516182,200,189400,1
34686.594,1,516546,1000,189610,1
34686.737,2,515791,100,189600,1
34686.755,1,516715,100,189700,1
34686.854,2,516546,1000,189610,1
34687.046,5,514798,100,190150,-1
34687.122,5,514798,121,190150,-1
34687.122,4,152247,679,190200,-1
34687.595,1,517359,1000,189710,1
34687.91,2,516715,100,189700,1
34687.93,1,517677,100,189800,1
34688.892,4,152247,500,190200,-1
34689.041,2,517359,1000,189710,1
34689.582,5,519041,100,190160,1
34689.587,1,519083,900,189810,1
34689.68,2,517677,100,189800,1
34689.695,1,519198,100,189900,1
34689.869,2,519083,900,189810,1
34690.866,4,152247,1000,190200,-1
34691.38,4,152247,1021,190200,-1
34691.463,1,520420,300,190300,-1
34691.58,1,520484,3200,190200,-1
34691.706,4,520484,3200,190200,-1
34691.928,1,520781,3200,190200,-1
34692.055,4,520781,3200,190200,-1
34692.287,1,521013,3200,190200,-1
34692.335,4,521013,3200,190200,-1
34692.625,1,521246,2200,190200,-1
34692.841,4,521246,2200,190200,-1
34692.986,2,152244,3200,177400,1
34693.391,1,521780,3200,183700,1
34693.454,1,521823,3200,196700,-1
34698.235,5,524842,100,190290,-1
34698.595,1,525644,1000,189910,1
34698.759,2,519198,100,189900,1
34698.774,1,525820,100,190000,1
34698.921,4,520420,100,190300,-1
34698.947,2,525644,1000,189910,1
34700.703,2,520420,200,190300,-1
34700.798,1,527291,100,190400,-1
34701.356,2,525820,100,190000,1
34701.428,1,527679,500,189400,1
34701.592,1,527800,1000,189410,1
34702.077,2,527291,100,190400,-1
34702.095,1,528226,100,190300,-1
34702.284,1,528388,100,189500,1
34702.338,2,527800,1000,189410,1
34702.463,2,527679,500,189400,1
34702.471,1,528554,500,189500,1
34702.563,2,528388,100,189500,1
34702.579,1,528622,100,189600,1
34702.596,1,528638,1000,189510,1
34702.625,2,528638,1000,189510,1
34702.684,2,528554,500,189500,1
34703.587,1,529374,1000,189610,1
34703.68,2,528622,100,189600,1
34703.696,1,529443,100,189700,1
34703.76,2,529374,1000,189610,1
34704.596,1,529977,1000,189710,1
34704.698,2,529443,100,189700,1
34704.712,1,530096,100,189800,1
34704.76,2,529977,1000,189710,1
34705.587,1,530688,1000,189810,1
34705.704,2,530096,100,189800,1
34705.719,1,530820,100,189900,1
34709.911,2,528226,100,190300,-1
34709.918,2,530820,100,189900,1
34710.684,1,534393,100,189900,1
34711.876,5,534555,200,190290,-1
34712.105,2,530688,1000,189810,1
34712.597,1,535886,1000,189910,1
34712.661,2,534393,100,189900,1
34712.713,1,536002,500,190400,-1
34712.917,2,535886,1000,189910,1
34713.387,1,536485,100,189400,1
34713.586,1,536613,1000,189410,1
34713.682,2,536485,100,189400,1
34713.696,1,536708,100,189500,1
34713.76,2,536613,1000,189410,1
34714.592,1,537339,1000,189510,1
34714.613,1,537359,100,95100,1
34714.718,2,536708,100,189500,1
34714.735,1,537504,100,189600,1
34714.776,2,537339,1000,189510,1
34714.811,2,537359,100,95100,1
34715.018,2,537504,100,189600,1
34715.104,1,537749,100,189600,1
34715.591,1,538110,1000,189610,1
34715.653,2,509718,300,191600,-1
34715.665,1,538179,200,191200,-1
34715.667,2,537749,100,189600,1
34715.682,1,538200,100,189700,1
34715.749,2,538110,1000,189610,1
34716.595,1,538793,1000,189710,1
34716.804,2,538200,100,189700,1
34716.823,1,539021,100,189800,1
34716.902,2,538793,1000,189710,1
34717.593,1,539583,1000,189810,1
34717.748,2,539021,100,189800,1
34717.767,1,539744,100,189900,1
34718.06,2,536002,500,190400,-1
34718.44,1,540247,100,190000,1
34718.518,2,539744,100,189900,1
34718.536,1,540335,100,190000,1
34718.602,1,540386,1000,190390,-1
34718.665,5,540303,100,190140,-1
34719.06,2,540386,1000,190390,-1
34719.079,2,539583,1000,189810,1
34720.904,2,540335,100,190000,1
34721.03,1,542729,100,190000,1
34721.591,4,540247,100,190000,1
34722.608,4,542729,100,190000,1
34723.596,1,544533,1000,189410,1
34724.594,1,545264,1000,190390,-1
34725.057,2,545264,1000,190390,-1
34727.142,1,547229,1000,200000,-1
34728.415,1,548140,500,190400,-1
34730.175,1,549417,500,190290,-1
34731.785,5,547215,500,190280,-1
34731.785,4,549417,500,190290,-1
34733.402,5,551731,100,190250,-1
34733.402,4,380431,1111,190400,-1
34733.402,4,548140,500,190400,-1
34735.331,1,553217,500,189500,1
34735.405,2,544533,1000,189410,1
34735.593,1,553396,1000,189510,1
34735.956,4,85805,500,190500,-1
34735.956,4,166879,250,190500,-1
34736.588,1,554137,1000,190990,-1
34736.889,1,554373,100,190500,1
34737.89,5,554672,100,190540,1
34738.003,2,553217,500,189500,1
34738.021,5,555101,2000,190540,1
34738.021,4,554373,100,190500,1
34739.879,5,556051,100,190550,-1
34740.134,2,554137,1000,190990,-1
34742.609,1,558411,1000,190990,-1
34743.249,2,538179,200,191200,-1
34743.263,1,558926,300,191600,-1
34743.519,1,559134,200,190100,1
34743.623,1,559214,500,191000,-1
34746.171,1,561326,2500,190100,1
34747.229,1,562195,500,190700,-1
34747.274,2,558411,1000,190990,-1
34747.305,1,562223,900,190690,-1
34747.372,2,559214,500,191000,-1
34747.379,1,562260,500,190700,-1
34747.415,2,562223,900,190690,-1
34747.947,1,562774,900,190500,-1
34749.548,2,558926,300,191600,-1
34749.551,1,564142,200,191400,-1
34752.125,5,565646,500,190300,-1
34753.231,2,562774,900,190500,-1
34753.596,1,567456,1000,190690,-1
34753.86,1,567721,100,190000,1
34755.119,1,568644,100,190300,-1
34755.258,2,567456,1000,190690,-1
34755.343,5,566996,100,190280,-1
34756.035,4,568644,100,190300,-1
34756.588,1,569690,500,190690,-1
34756.728,2,569690,500,190690,-1
34757.594,1,570427,1000,190690,-1
34758.552,1,571083,100,95100,1
34758.746,2,571083,100,95100,1
34760.488,1,572649,200,190600,-1
34760.646,2,562260,500,190700,-1
34760.655,1,572791,500,190600,-1
34760.733,2,572649,200,190600,-1
34760.749,1,572873,200,190500,-1
34762.309,2,572791,500,190600,-1
34762.93,1,574357,600,190500,-1
34763.03,2,572873,200,190500,-1
34763.044,1,574428,200,190400,-1
34763.108,1,574471,1000,195000,-1
34763.182,2,561326,2500,190100,1
34764.902,1,575985,100,190200,-1
34768.659,2,575985,100,190200,-1
34768.779,1,578967,500,190300,-1
34768.864,2,574428,200,190400,-1
34768.883,1,579044,200,190300,-1
34769.004,2,562195,500,190700,-1
34769.607,2,570427,1000,190690,-1
34770.753,5,578924,500,190110,1
34770.753,4,559134,200,190100,1
34771.918,5,580649,1000,190050,1
34772.744,1,582345,300,195500,-1
34776.358,4,567721,100,190000,1
34776.58,2,574357,600,190500,-1
34776.582,1,585428,500,190200,-1
34776.672,1,585508,500,190100,-1
34776.942,2,579044,200,190300,-1
34777.846,1,586597,13,189800,-1
34777.859,4,586597,13,189800,-1
34779.597,1,588153,500,180500,1
34781.706,1,590081,51,189700,-1
34781.744,4,590081,51,189700,-1
34781.946,5,590210,500,190000,-1
34782.391,2,585508,500,190100,-1
34782.643,1,590835,500,189600,1
34782.852,2,553396,1000,189510,1
34783.085,1,591243,1000,190000,-1
34783.138,4,591243,1000,190000,-1
34783.141,2,590835,500,189600,1
34783.273,1,591395,500,189400,1
34783.591,1,591614,1000,189410,1
34786.481,1,594425,500,189900,-1
34786.511,4,594425,500,189900,-1
34787.599,1,595436,800,190190,-1
34787.878,1,595736,10,190000,-1
34787.893,4,595736,10,190000,-1
34787.918,2,595436,800,190190,-1
34788.593,1,596311,1000,190190,-1
34788.615,1,596336,29,189700,-1
34788.654,4,596336,29,189700,-1
34788.729,2,596311,1000,190190,-1
34789.427,1,597261,2500,189800,1
34789.901,4,597261,10,189800,1
34790.337,1,598233,200,200000,-1
34790.599,1,598432,500,190190,-1
34790.663,2,598432,500,190190,-1
34791.613,1,599423,1000,190190,-1
34791.647,2,599423,1000,190190,-1
34791.947,5,599502,1000,190050,-1
34791.947,5,599792,200,190090,-1
34792.257,5,599491,100,189850,1
34792.338,2,585428,500,190200,-1
34792.34,1,600112,500,189900,-1
34792.383,4,600112,500,189900,-1
34794.568,5,601851,70,189950,1
34795.101,1,602879,200,200000,-1
34795.46,5,602467,15,189850,1
34797.262,5,604469,200,190000,-1
34800.302,1,607759,100,190000,-1
34800.326,4,607759,100,190000,-1
34800.326,5,607269,100,190000,-1
34802.275,1,609710,100,190000,-1
34802.391,2,609710,100,190000,-1
34802.886,1,610335,100,95000,1
34803.083,2,610335,100,95000,1
34803.23,1,610613,100,190000,-1
34804.031,4,610613,100,190000,-1
34804.236,1,611450,100,190000,1
34804.35,1,611549,600,190000,1
34806.114,2,611549,600,190000,1
34807.017,5,612860,92,190010,1
34808.165,1,614785,600,190000,1
34808.183,2,40357,100,177600,1
34809.373,2,578967,300,190300,-1
34810.161,2,614785,600,190000,1
34812.861,4,611450,100,190000,1
34812.861,5,611334,216,190000,1
34812.999,5,611334,312,190000,1
34813.188,1,619406,100,190000,1
34813.328,4,619406,100,190000,1
34813.328,5,611334,100,190000,1
34813.854,1,620011,100,190000,1
34813.939,4,620011,100,190000,1
34814.205,1,620263,100,190000,1
34815.359,1,621270,100,190100,-1
34817.329,5,622204,100,190050,1
34817.329,4,620263,100,190000,1
34817.329,5,611334,800,190000,1
34817.515,5,611334,1000,190000,1
34817.681,1,623222,100,190000,1
34818.773,4,623222,100,190000,1
34818.773,5,611334,138,190000,1
34818.86,5,611334,235,190000,1
34819.207,2,591395,500,189400,1
34819.218,1,624628,500,189800,1
34819.345,1,624758,100,190000,1
34819.478,1,624840,100,190000,1
34820.282,5,625024,100,190050,1
34820.282,4,624758,100,190000,1
34820.282,4,624840,100,190000,1
34820.343,1,625638,100,190000,1
34820.364,1,625661,100,190000,1
34821.965,2,624628,500,189800,1
34822.513,4,625638,100,190000,1
34822.513,4,625661,100,190000,1
34822.513,5,611334,100,190000,1
34822.619,5,611334,200,190000,1
34822.691,5,611334,1500,190000,1
34822.72,5,611334,600,190000,1
34822.733,1,627603,100,190000,1
34822.77,1,627645,100,190000,1
34822.801,4,627603,100,190000,1
34822.801,4,627645,100,190000,1
34822.801,5,611334,800,190000,1
34823.079,1,627952,100,190000,1
34823.085,4,627952,100,190000,1
34823.085,5,611334,900,190000,1
34823.099,5,611334,500,190000,1
34823.11,1,627984,100,190000,1
34823.295,1,628139,100,190000,1
34823.441,4,627984,100,190000,1
34823.441,4,628139,100,190000,1
34823.441,5,611334,800,190000,1
34823.678,5,611334,500,190000,1
34823.72,1,628531,100,190000,1
34823.732,1,628541,100,190000,1
34823.799,4,628531,100,190000,1
34823.799,4,628541,100,190000,1
34823.799,5,611334,800,190000,1
34823.811,5,611334,500,190000,1
34824.19,1,628949,100,190000,1
34824.211,1,628978,100,190000,1
34825.27,2,165147,150,175700,1
34825.271,2,165148,60,171100,1
34827.553,1,631751,200,190200,-1
34827.968,4,628949,100,190000,1
34828.298,1,632331,100,190000,1
34829.204,4,628978,80,190000,1
34829.253,1,633174,100,190000,1
34829.282,4,628978,20,190000,1
34829.282,4,632331,80,190000,1
34829.439,1,633323,100,190000,1
34833.532,4,632331,20,190000,1
34833.532,4,633174,100,190000,1
34833.532,4,633323,100,190000,1
34833.532,5,611334,4699,190000,1
34833.532,5,624844,5081,190000,1
34833.695,5,624844,100,190000,1
34833.7,5,624844,200,190000,1
34834.073,1,637500,100,190000,1
34834.167,4,637500,100,190000,1
34834.167,5,624844,400,190000,1
34834.187,5,624844,81,190000,1
34834.702,1,638036,100,190000,1
34835.947,1,639093,100,190000,1
34837.179,5,631200,100,190060,-1
34837.179,4,621270,100,190100,-1
34837.179,1,640213,300,190100,1
34837.199,4,640213,300,190100,1
34837.424,2,631751,200,190200,-1
34837.652,1,640538,800,190300,-1
34841.813,2,640538,800,190300,-1
34841.856,1,644647,1000,190400,-1
34842.665,1,645477,100,190000,1
34843.489,5,638970,100,190050,1
34845.676,5,646586,100,190050,1
34847.623,1,649826,100,95000,1
34847.828,2,649826,100,95000,1
34849.56,5,648714,300,190050,1
34850.056,5,648714,215,190050,1
34850.056,5,651138,85,190050,1
34850.439,5,651628,500,190050,1
34851.22,5,652501,100,190190,-1
34853.07,2,574471,1000,195000,-1
34853.356,1,654505,1000,195000,-1
34854.063,4,638036,100,190000,1
34854.063,4,639093,100,190000,1
34854.063,4,645477,100,190000,1
34854.063,5,624844,3038,190000,1
34854.063,5,639095,1762,190000,1
34854.358,1,655340,100,190000,1
34854.383,1,655356,100,190000,1
34854.42,4,655340,100,190000,1
34854.42,4,655356,100,190000,1
34854.42,5,639095,2400,190000,1
34854.624,5,655284,100,190150,-1
34854.655,5,655284,100,190150,-1
34854.846,1,655732,100,190000,1
34855.075,1,655920,100,190000,1
34856.063,4,655732,100,190000,1
34856.29,1,656849,100,190000,1
34865.763,5,657206,200,190050,1
34866.203,5,657206,200,190050,1
34866.698,4,655920,100,190000,1
34866.698,4,656849,100,190000,1
34866.811,1,665570,100,190000,1
34866.834,1,665587,100,190000,1
34868.792,1,667379,1000,195000,-1
34873.353,2,226082,50,186000,1
34873.768,2,578967,200,190300,-1
34873.94,1,671728,100,190400,-1
34876.221,2,665570,100,190000,1
34876.238,2,665587,100,190000,1
34877.412,2,591614,1000,189410,1
34886.292,1,682346,500,190200,-1
34888.339,2,376758,1100,189000,1
34891.008,2,682346,500,190200,-1
34891.079,1,686737,100,95000,1
34891.159,1,686805,500,190400,-1
34891.261,2,686737,100,95000,1
34891.584,1,687156,1000,190390,-1
34891.602,1,687178,600,190100,-1
34892.045,2,644647,1000,190400,-1
34892.049,1,687528,600,190100,-1
34892.31,1,687741,1000,190100,-1
34896.676,2,687178,600,190100,-1
34897.093,4,597261,1200,189800,1
34897.368,4,597261,1200,189800,1
34897.387,4,597261,90,189800,1
34897.476,1,692737,3000,189400,1
34897.589,1,692827,1000,189410,1
34898.754,2,687156,1000,190390,-1
34898.778,1,693899,1000,190090,-1
34901.347,2,693899,1000,190090,-1
34903.586,1,698149,1000,190090,-1
34904.103,2,686805,500,190400,-1
34904.118,1,698627,500,190100,-1
34904.145,2,698149,1000,190090,-1
34904.407,5,698202,200,189800,1
34904.584,1,698980,1000,190090,-1
34905.214,5,699406,100,189830,1
34906.352,2,698627,500,190100,-1
34906.358,1,700420,500,190100,-1
34908.037,1,701666,1122,189400,1
34912.322,1,705295,2000,190000,-1
34912.363,1,705324,800,189800,-1
34913.707,2,692737,3000,189400,1
34915.844,1,708042,700,189900,-1
34917.729,5,707717,100,189750,-1
34917.729,4,705324,400,189800,-1
34919.976,2,700420,500,190100,-1
34921.056,2,708042,700,189900,-1
34927.94,2,692827,1000,189410,1
34935.393,1,723049,100,94800,1
34935.593,2,723049,100,94800,1
34936.766,2,687528,600,190100,-1
34936.801,1,724202,700,189800,-1
34937.196,2,724202,700,189800,-1
34937.201,1,724553,900,190000,-1
34944.006,1,729891,2500,189500,1
34944.754,1,730529,250,190000,-1
34944.775,2,724553,900,190000,-1
34944.777,1,730558,1000,189700,-1
34947.129,4,729891,1200,189500,1
34947.136,4,729891,1200,189500,1
34948.135,4,729891,100,189500,1
34949.173,2,687741,1000,190100,-1
34949.594,1,734660,1000,189600,-1
34955.888,1,739648,1200,189900,-1
34955.901,2,730558,1000,189700,-1
34956.426,1,740201,100,189400,1
34957.669,4,516182,200,189400,1
34958.309,2,40399,3500,178800,1
34958.731,1,742123,3500,184000,1
34960.218,2,740201,100,189400,1
34960.628,4,701666,46,189400,1
34963.265,4,701666,1000,189400,1
34963.355,1,745639,3000,188500,1
34964.579,1,746626,100,189500,-1
34964.879,4,701666,76,189400,1
34965.582,1,747408,1000,188510,1
34967.697,1,749044,900,189500,-1
34973.261,2,749044,900,189500,-1
34973.505,2,746626,100,189500,-1
34974.362,2,160398,1000,157500,1
34974.782,1,754969,500,157500,1
34975.256,2,747408,1000,188510,1
34975.284,1,755379,800,188520,1
34975.606,1,755726,1100,188600,1
34975.674,2,755379,800,188520,1
34975.689,1,755815,600,188610,1
34975.728,2,745639,3000,188500,1
34975.742,1,755866,3000,188600,1
34975.784,2,698980,1000,190090,-1
34976.058,1,756110,1400,190000,-1
34976.588,1,756522,1000,189590,-1
34976.641,2,734660,1000,189600,-1
34976.776,1,756696,500,189600,-1
34977.184,1,757037,1000,190000,-1
34977.532,2,755815,600,188610,1
34977.581,1,757393,500,188610,1
34978.841,2,739648,1200,189900,-1
34978.884,1,758399,1000,189600,-1
34979.731,1,759102,100,94600,1
34979.931,2,759102,100,94600,1
34980.71,2,757393,500,188610,1
34981.043,2,755726,1100,188600,1
34981.592,1,760565,900,188610,1
34981.874,2,756696,500,189600,-1
34986.019,1,764518,9700,189200,-1
34986.174,1,764645,500,188700,1
34986.205,2,760565,900,188610,1
34986.22,1,764668,1000,188710,1
34986.991,5,764530,42,189150,-1
34994.171,2,755866,3000,188600,1
34996.269,1,772398,100,189000,1
34996.565,1,772567,200,189000,1
34997.095,2,764645,500,188700,1
34998.063,2,764668,1000,188710,1
34998.372,1,773928,500,189000,1
34998.976,2,772567,200,189000,1
34999.01,5,774258,100,189050,1
35001.272,4,772398,100,189000,1
35001.272,4,773928,500,189000,1
35001.36,2,758399,1000,189600,-1
35001.402,1,776415,800,189300,-1
35001.582,1,776564,1000,188510,1
35002.205,2,776564,1000,188510,1
35002.358,2,705324,400,189800,-1
35002.583,1,777529,900,188510,1
35002.601,1,777557,400,189500,-1
35002.722,2,777529,900,188510,1
35003.293,1,778258,3000,188500,1
35003.582,1,778483,800,188510,1
35003.907,2,778483,800,188510,1
35004.314,2,756522,1000,189590,-1
35004.582,1,779346,1000,189190,-1
35004.825,1,779589,900,189000,-1
35004.826,2,776415,800,189300,-1
35005.108,5,776445,100,188610,1
35005.108,5,779424,500,188610,1
35006.066,2,778258,3000,188500,1
35008.048,2,779589,900,189000,-1
35008.092,1,782248,700,189100,-1
35008.298,2,779346,1000,189190,-1
35009.581,1,783323,1000,189090,-1
35010.129,4,350639,200,188500,1
35010.681,4,350639,100,188500,1
35012.314,2,777557,400,189500,-1
35013.463,1,786702,500,189100,-1
35014.993,1,788106,5000,190500,-1
35017.091,5,787038,500,188540,1
35018.453,5,790057,1800,188540,1
35018.453,4,350639,500,188500,1
35018.582,1,791183,1000,188110,1
35018.59,1,791192,3000,188100,1
35021.407,2,783323,1000,189090,-1
35021.504,2,791183,1000,188110,1
35022.202,5,794501,100,188660,-1
35022.202,5,794465,500,188890,-1
35022.584,1,794917,1000,188110,1
35022.587,1,794922,1000,189090,-1
35022.617,2,794917,1000,188110,1
35022.656,2,794922,1000,189090,-1
35023.563,2,782248,700,189100,-1
35023.585,1,795800,1000,189090,-1
35023.605,1,795822,600,188700,-1
35024.278,1,796508,100,94200,1
35024.465,5,796540,100,188570,-1
35024.47,2,796508,100,94200,1
35025.017,2,795800,1000,189090,-1
35025.219,5,796578,42,188350,1
35025.254,5,797403,500,188310,1
35025.612,2,791192,3000,188100,1
35028.071,2,786702,500,189100,-1
35028.079,1,799806,500,188700,-1
35030.315,1,801697,300,188100,1
35030.784,2,795822,600,188700,-1
35031.228,1,802614,1000,188400,1
35031.312,2,799806,500,188700,-1
35032.472,4,802614,98,188400,1
35033.163,4,802614,902,188400,1
35033.465,5,800358,98,188300,1
35034.295,2,764518,9700,189200,-1
35034.436,5,805543,400,188410,1
35034.453,2,671728,100,190400,-1
35034.455,5,805543,100,188410,1
35034.471,1,805762,3000,190000,-1
35036.174,5,806939,100,188450,-1
35036.578,1,807401,1000,189400,-1
35036.624,1,807447,200,188400,1
35036.821,2,805762,3000,190000,-1
35036.842,1,807609,3000,189400,-1
35037.294,4,807447,200,188400,1
35038.373,5,808253,500,188450,-1
35044.409,1,814051,500,190600,-1
35044.994,2,807609,3000,189400,-1
35045.444,1,814969,100,190000,-1
35048.584,1,817696,1000,188110,1
35049.91,2,817696,1000,188110,1
35049.938,1,818865,900,188110,1
35050.062,2,818865,900,188110,1
35050.383,1,819182,1000,188800,-1
35050.453,2,807401,1000,189400,-1
35050.49,5,819229,100,188490,-1
35050.579,1,819302,1000,188790,-1
35050.722,5,819229,400,188490,-1
35050.953,2,819302,1000,188790,-1
35051.704,2,819182,1000,188800,-1
35051.779,1,820204,3000,190000,-1
35051.994,1,820367,500,188200,1
35052.583,1,820824,1000,189600,-1
35052.719,2,820204,3000,190000,-1
35052.74,1,820957,3000,189600,-1
35052.976,5,821096,35,188400,1
35053.058,1,821164,700,189200,-1
35053.125,2,820824,1000,189600,-1
35053.584,1,821514,1000,189190,-1
35054.149,1,822014,600,188100,1
35054.152,2,820957,3000,189600,-1
35054.657,1,822420,10,188500,1
35054.932,1,822675,400,188400,1
35060.17,2,820367,500,188200,1
35060.18,1,827109,500,188400,1
35060.97,1,827704,500,188200,1
35062.464,1,829002,10,188700,1
35063.063,2,827109,500,188400,1
35063.071,1,829493,500,189200,-1
35065.613,1,831545,2000,184000,1
35066.845,2,821164,700,189200,-1
35067.204,1,832929,200,189200,-1
35067.39,2,821514,1000,189190,-1
35067.578,1,833246,1000,189190,-1
35069.003,1,834624,100,94300,1
35069.202,2,834624,100,94300,1
35070.249,1,835837,100,188600,1
35075.011,2,822675,400,188400,1
35080.754,4,829002,10,188700,1
35080.754,4,835837,90,188600,1
35080.847,1,843647,3000,188200,1
35082.057,2,843647,3000,188200,1
35082.627,2,822014,600,188100,1
35083.285,5,845021,500,188690,-1
35083.64,1,845562,1000,188690,-1
35084.669,2,822420,10,188500,1
35085.023,4,835837,10,188600,1
35085.023,1,846704,100,188600,-1
35085.173,1,846844,90,188600,-1
35085.578,1,847150,600,188210,1
35085.663,2,845562,1000,188690,-1
35088.597,2,827704,500,188200,1
35089.732,2,829493,500,189200,-1
35090.01,2,846704,100,188600,-1
35090.089,2,169980,1000,184500,1
35090.198,2,846844,90,188600,-1
35090.557,2,801697,300,188100,1
35091.263,1,851581,3000,188200,1
35093.498,2,833246,1000,189190,-1
35093.532,1,853360,900,189190,-1
35094.905,1,854487,1000,192500,-1
35096.408,2,847150,600,188210,1
35096.547,5,848280,200,188310,1
35096.547,5,847172,600,188260,1
35096.547,5,852120,500,188260,1
35096.547,5,846797,100,188220,1
35096.943,1,856093,190,188500,-1
35097.468,2,851581,3000,188200,1
35097.577,1,856542,1000,188110,1
35097.607,1,856564,3000,188100,1
35098.316,1,857085,60,180000,1
35098.435,2,856564,3000,188100,1
35101.435,1,859811,2000,190000,-1
35101.529,2,856542,1000,188110,1
35101.561,1,859900,500,188110,1
35104.344,2,66722,3000,186400,1
35109.464,5,861722,100,188490,-1
35112.94,1,869381,100,94200,1
35113.137,2,869381,100,94200,1
35113.61,2,832929,200,189200,-1
35113.649,1,869939,1200,188800,-1
35119.671,2,859900,500,188110,1
35119.702,1,875085,400,188110,1
35125.703,2,869939,1200,188800,-1
35125.889,5,879112,100,188430,1
35125.889,5,880013,100,188420,1
35126.187,2,875085,400,188110,1
35126.217,1,880441,300,188110,1
35126.938,1,881044,1000,188800,-1
35127.049,5,880460,100,188150,1
35127.049,5,860006,300,188140,1
35129.281,2,881044,1000,188800,-1
35131.276,1,884365,900,188800,-1
35133.874,2,880441,300,188110,1
35134.41,2,814051,500,190600,-1
35134.592,1,886797,500,190600,-1
35140.578,1,891434,1000,188110,1
35141.373,2,891434,1000,188110,1
35142.494,1,893057,500,188400,1
35144.307,5,894054,100,188420,1
35144.307,4,893057,500,188400,1
35144.584,1,894599,1000,188110,1
35145.405,2,894599,1000,188110,1
35148.577,1,897399,1000,188110,1
35149.023,4,856093,100,188500,-1
35149.347,4,856093,90,188500,-1
35149.405,2,853360,900,189190,-1
35149.578,1,898125,1000,188790,-1
35149.607,2,898125,1000,188790,-1
35149.99,5,892064,10,188590,-1
35150.213,5,892064,190,188590,-1
35150.213,5,898552,700,188650,-1
35150.213,5,898049,10,188760,-1
35150.223,5,898049,200,188760,-1
35150.339,2,884365,900,188800,-1
35150.427,1,898746,3000,190000,-1
35150.578,1,898847,1000,189800,-1
35150.707,2,898746,3000,190000,-1
35150.721,1,898991,3000,189800,-1
35154.947,2,38910,532,182500,1
35155.158,2,38911,532,182500,1
35155.331,1,902025,3000,188100,1
35155.383,1,902058,532,184000,1
35155.42,1,902084,400,188500,1
35155.586,1,902195,532,184000,1
35156.675,1,902984,100,94300,1
35156.873,2,902984,100,94300,1
35160.579,2,902084,400,188500,1
35162.171,1,906616,400,188400,1
35165.546,2,897399,1000,188110,1
35165.579,1,909529,1000,188410,1
35167.737,2,898991,3000,189800,-1
35167.983,2,909529,1000,188410,1
35169.579,1,912517,1000,188410,1
35170.161,5,911341,38,188720,1
35170.191,1,913081,100,190500,-1
35170.259,5,911341,35,188720,1
35171.243,1,913964,100,194600,-1
35171.577,2,912517,1000,188410,1
35172.43,5,909594,16,188700,1
35172.504,5,909594,12,188700,1
35175.356,2,906616,400,188400,1
35175.58,1,917471,1000,188110,1
35176.372,1,918051,2000,189000,-1
35176.405,2,898847,1000,189800,-1
35176.578,1,918196,800,188990,-1
35178.248,2,918196,800,188990,-1
35178.58,1,919891,700,188990,-1
35178.857,2,919891,700,188990,-1
35179.283,1,920469,100,188670,-1
35179.374,2,920469,100,188670,-1
35179.595,1,920835,1000,188990,-1
35182.03,2,920835,1000,188990,-1
35182.06,1,923053,900,188990,-1
35185.544,1,926151,900,188800,-1
35185.638,2,923053,900,188990,-1
35185.672,1,926272,1000,188790,-1
35186.56,2,926272,1000,188790,-1
35187.622,2,926151,900,188800,-1
35188.576,1,928658,800,188990,-1
35190.795,1,930272,100,188300,1
35192.316,2,930272,100,188300,1
35194.044,2,928658,800,188990,-1
35194.06,1,932631,700,188980,-1
35194.691,1,933095,2500,188500,-1
35195.216,2,902025,3000,188100,1
35197.22,5,933388,300,188450,-1
35197.22,5,934213,900,188460,-1
35197.824,1,935622,1100,188800,-1
35199.887,5,934213,100,188460,-1
35200.023,5,934213,100,188460,-1
35200.408,1,938080,100,94200,1
35200.609,2,938080,100,94200,1
35200.68,2,38912,137,182500,1
35200.688,2,38913,137,182500,1
35201.211,5,934213,100,188460,-1
35201.218,1,938837,137,184000,1
35201.307,1,938922,137,184000,1
35201.826,2,917471,1000,188110,1
35202.913,2,933095,2500,188500,-1
35202.996,2,932631,700,188980,-1
35203.127,1,940705,2500,188400,-1
35220.214,2,940705,2500,188400,-1
35220.575,1,955635,1000,188790,-1
35221.407,4,311164,78,188100,1
35221.699,4,311164,500,188100,1
35221.79,1,956633,3000,187000,1
35221.914,4,311164,22,188100,1
35222.575,1,957189,1000,187010,1
35243.741,1,974611,300,188100,1
35243.943,1,974785,100,94000,1
35244.144,2,974785,100,94000,1
35245.539,2,974611,300,188100,1
35245.949,2,955635,1000,188790,-1
35245.967,1,976221,800,188780,-1
35246.746,2,976221,800,188780,-1
35246.776,1,976829,700,188770,-1
35247.293,2,976829,700,188770,-1
35247.58,1,977440,600,188790,-1
35258.79,5,986486,500,188010,1
35269.101,1,994523,2000,188000,1
35272.745,1,997343,1100,187700,1
35273.942,5,995218,100,188050,1
35273.942,4,994523,278,188000,1
35274.304,1,998922,200,188100,-1
35275.841,5,998829,300,188010,1
35275.92,5,998829,200,188010,1
35280.275,1,1004046,100,188100,-1
35282.266,1,1005677,100,188100,-1
35284.893,2,997343,1100,187700,1
35285.12,4,994523,500,188000,1
35286.879,1,1010019,100,94000,1
35287.019,2,1010019,100,94000,1
35287.701,4,994523,500,188000,1
35290.428,4,994523,12,188000,1
35290.555,4,994523,710,188000,1
35291.486,2,935622,1100,188800,-1
35291.531,1,1014004,1000,188400,-1
35293.708,1,1016171,2500,188100,-1
35294.512,2,1014004,1000,188400,-1
35294.968,2,1016171,2500,188100,-1
35295.176,1,1017429,2500,188000,-1
35295.899,2,1017429,2500,188000,-1
35296.229,1,1018199,2500,187900,-1
35297.086,1,1018921,1000,187500,1
35297.135,2,957189,1000,187010,1
35297.15,1,1018974,1000,187510,1
35299.361,1,1020681,2500,188000,-1
35300.277,2,1004046,100,188100,-1
35301.295,2,1018974,1000,187510,1
35301.549,2,1018199,2500,187900,-1
35301.825,2,1018921,1000,187500,1
35301.895,1,1023178,2500,187800,-1
35302.267,2,1005677,100,188100,-1
35302.582,1,1023912,1000,187010,1
35302.963,1,1024310,1000,187400,1
35303.073,2,1023912,1000,187010,1
35303.574,1,1024892,1000,187410,1
35303.902,2,1024892,1000,187410,1
35304.682,2,1024310,1000,187400,1
35304.899,2,1023178,2500,187800,-1
35304.948,2,977440,600,188790,-1
35305.281,1,1026331,2500,187700,-1
35305.573,1,1026579,1000,187010,1
35306.098,2,1026331,2500,187700,-1
35306.338,1,1027246,2500,187600,-1
35309.293,1,1029679,900,187200,1
35309.355,2,1026579,1000,187010,1
35309.579,1,1029901,1000,187210,1
35310.375,4,1027246,1000,187600,-1
35311.643,4,1027246,1000,187600,-1
35315.057,2,1020681,2500,188000,-1
35317.907,1,1037115,10,187500,-1
35318.621,2,1029901,1000,187210,1
35318.939,2,1027246,500,187600,-1
35318.978,4,1037115,10,187500,-1
35319.193,1,1038147,500,187500,-1
35319.218,4,1038147,500,187500,-1
35319.495,5,1038242,200,187590,-1
35319.572,1,1038413,1000,188090,-1
35324.685,2,1029679,900,187200,1
35325.591,1,1043392,1000,187010,1
35326.129,1,1043845,6000,187200,1
35327.198,2,1043392,1000,187010,1
35327.22,1,1044733,1000,187210,1
35327.277,1,1044773,1200,187100,1
35329.549,1,1046320,500,187600,1
35330.412,1,1047050,100,93800,1
35330.613,2,1047050,100,93800,1
35331.707,5,1046981,2,187610,1
35332.712,2,1044733,1000,187210,1
35335.989,4,1046320,500,187600,1
35336.585,1,1052290,800,187210,1
35340.053,1,1055266,100,187600,1
35343.25,5,1057731,100,187640,1
35343.274,5,1057731,200,187640,1
35343.421,5,1057731,700,187640,1
35344.956,5,1057731,150,187640,1
35346.759,2,1052290,800,187210,1
35351.746,1,1065845,200,187600,1
35354.246,1,1067777,10,187700,-1
35360.829,4,1067777,10,187700,-1
35361.159,1,1074210,100,188000,-1
35361.317,1,1074394,500,187700,1
35362.047,1,1075291,300,187800,1
35362.074,2,1038413,1000,188090,-1
35362.204,4,1074210,57,188000,-1
35362.238,2,1044773,1200,187100,1
35362.242,2,1074210,43,188000,-1
35362.286,1,1075587,500,187500,1
35363.476,1,1077059,100,188000,-1
35363.714,2,1074394,500,187700,1
35363.919,4,1077059,100,188000,-1
35364.634,5,1076605,200,188050,-1
35364.689,5,1076605,200,188050,-1
35365.732,1,1079706,100,188100,-1
35366.287,2,1075291,300,187800,1
35366.479,2,1065845,200,187600,1
35366.582,1,1080435,1000,187610,1
35368.587,2,1080435,1000,187610,1
35369.577,1,1083274,500,187610,1
35369.977,2,1083274,500,187610,1
35370.582,1,1084157,700,187610,1
35370.696,2,1084157,700,187610,1
35371.019,2,51904,300,186000,1
35371.439,1,1084869,300,185000,1
35371.577,1,1084965,400,187610,1
35372.812,2,1079706,100,188100,-1
35372.962,2,1084965,400,187610,1
35373.32,5,1086489,100,188050,-1
35373.579,1,1086740,1000,187610,1
35374.112,1,1087281,100,94000,1
35374.258,2,1087281,100,94000,1
35374.963,4,998922,69,188100,-1
35375.98,4,998922,100,188100,-1
35376.109,1,1089108,3000,189000,-1
35377.322,2,1089108,3000,189000,-1
35378.015,4,998922,31,188100,-1
35378.307,1,1091126,100,188000,1
35378.42,2,1055266,100,187600,1
35378.423,1,1091231,100,188000,1
35378.578,1,1091346,1000,188990,-1
35379.899,2,1086740,1000,187610,1
35380.903,1,1093839,73,188300,1
35380.949,4,1093839,73,188300,1
35382.637,1,1095637,400,188100,1
35382.861,4,1095637,400,188100,1
35382.861,1,1095944,100,188100,-1
35386.338,1,1099464,900,188400,-1
35388.037,2,1095944,100,188100,-1
35388.07,2,1091346,1000,188990,-1
35388.578,1,1101631,1000,188390,-1
35391.262,1,1103975,100,188000,1
35394.898,2,1101631,1000,188390,-1
35395.231,5,1106930,100,188150,-1
35395.273,2,1103975,100,188000,1
35395.749,2,1099464,900,188400,-1
35395.903,1,1107969,500,187000,1
35396.576,1,1108494,1000,188990,-1
35397.326,1,1109235,1500,190000,-1
35398.573,1,1110359,200,188600,-1
35398.601,2,1108494,1000,188990,-1
35399.407,1,1111085,100,188500,-1
35399.594,1,1111259,1000,188490,-1
35400.148,2,1111259,1000,188490,-1
35400.285,1,1111948,100,188200,-1
35401.278,1,1113003,100,188180,-1
35401.535,5,1113144,100,188130,-1
35402.258,1,1113936,100,188160,-1
35405.562,5,1107719,200,188100,1
35406.108,5,1116727,100,188100,1
35406.394,2,1111948,100,188200,-1
35406.398,2,1113003,100,188180,-1
35406.414,2,1113936,100,188160,-1
35406.576,1,1117541,1000,188490,-1
35409.359,1,1119951,3000,188100,1
35409.407,4,1119951,3000,188100,1
35411.539,2,1110359,200,188600,-1
35411.542,1,1122083,600,188300,-1
35415.004,1,1125231,500,188200,-1
35415.163,1,1125356,500,187000,1
35416.173,4,1091126,35,188000,1
35416.777,1,1127007,100,94000,1
35416.937,2,1122083,600,188300,-1
35416.976,2,1127007,100,94000,1
35417.376,5,1126755,238,188050,1
35417.745,4,1125231,400,188200,-1
35420.288,2,1117541,1000,188490,-1
35423.03,1,1132430,1000,188500,-1
35429.132,4,1091126,65,188000,1
35429.132,4,1091231,35,188000,1
35429.225,2,956633,3000,187000,1
35429.243,1,1137400,3000,187500,1
35429.244,1,1137401,100,188100,-1
35430.129,4,1091231,65,188000,1
35430.577,1,1138435,1000,187510,1
35430.599,2,1138435,1000,187510,1
35431.569,1,1139154,800,187510,1
35432.24,1,1139604,100,188050,-1
35432.276,1,1139632,100,188050,-1
35432.333,2,1139604,100,188050,-1
35432.895,2,1137400,3000,187500,1
35432.936,2,1111085,100,188500,-1
35433.194,2,1139154,800,187510,1
35434.132,1,1140799,500,188000,-1
35436.38,2,1125231,100,188200,-1
35437.568,1,1143254,1000,187510,1
35439.631,2,1143254,1000,187510,1
35442.579,1,1147670,1000,187510,1
35444.216,4,1140799,500,188000,-1
35444.321,5,1138914,100,188000,-1
35445.111,2,918051,2000,189000,-1
35446.38,2,1147670,1000,187510,1
35447.569,1,1151834,1000,187510,1
35448.017,1,1152269,3000,187500,1
35448.391,2,1043845,6000,187200,1
35448.619,1,1152782,300,188700,-1
35452.281,2,1139632,100,188050,-1
35454.267,2,1152269,3000,187500,1
35454.27,1,1157609,100,188070,-1
35454.273,1,1157613,100,188070,-1
35454.352,2,1157609,100,188070,-1
35454.353,2,1157613,100,188070,-1
35456.031,1,1158859,500,187800,1
35459.242,2,1137401,100,188100,-1
35459.57,1,1161367,1000,188490,-1
35460.916,1,1162316,100,94000,1
35461.11,2,1162316,100,94000,1
35469.989,2,1151834,1000,187510,1
35471.067,2,1161367,1000,188490,-1
35471.581,1,1170178,900,188490,-1
35472.146,2,1170178,900,188490,-1
35472.569,1,1170989,800,188490,-1
35474.413,2,1170989,800,188490,-1
35474.582,1,1172825,800,188490,-1
35475.117,2,1172825,800,188490,-1
35477.323,2,1158859,500,187800,1
35477.479,1,1175279,3000,187500,1
35477.578,1,1175390,1000,187510,1
35477.581,1,1175394,1000,188490,-1
35477.958,2,1175390,1000,187510,1
35478.422,2,1132430,1000,188500,-1
35478.571,1,1176265,1000,187510,1
35478.871,2,1175394,1000,188490,-1
35479.576,1,1177079,1000,188690,-1
35479.804,1,1177326,400,188700,-1
35480.101,2,1176265,1000,187510,1
35480.49,2,1177079,1000,188690,-1
35480.574,1,1178014,1000,187510,1
35480.577,1,1178016,900,188690,-1
35481.318,2,1178014,1000,187510,1
35481.585,1,1179071,500,187510,1
35487.396,2,1178016,900,188690,-1
35488.534,2,1177326,400,188700,-1
35488.577,1,1185608,800,188800,-1
35496.406,2,602879,200,200000,-1
35496.902,1,1192749,200,195000,-1
35505.566,1,1199706,100,94200,1
35505.749,2,1199706,100,94200,1
35517.694,1,1209032,100,188420,1
35518.46,2,1209032,100,188420,1
35518.476,1,1209684,100,188410,1
35518.569,1,1209771,200,188500,1
35518.591,2,1209684,100,188410,1
35518.611,1,1209821,100,188500,1
35520.356,5,1209862,729,188540,1
35520.356,4,1209771,200,188500,1
35520.356,4,1209821,71,188500,1
35520.373,1,1211451,300,188600,-1
35520.385,2,1209821,29,188500,1
35520.393,2,1211451,300,188600,-1
35520.403,1,1211484,100,188500,1
35520.422,1,1211502,300,188600,-1
35520.429,2,1211484,100,188500,1
35520.437,2,1211502,300,188600,-1
35520.45,1,1211524,100,188500,1
35520.463,1,1211542,300,188600,-1
35520.471,2,1211524,100,188500,1
35520.476,2,1211542,300,188600,-1
35520.486,1,1211556,100,188500,1
35520.499,1,1211567,300,188600,-1
35520.507,2,1211556,100,188500,1
35520.514,2,1211567,300,188600,-1
35520.529,1,1211593,100,188500,1
35520.558,1,1211620,300,188700,-1
35520.561,2,1211593,100,188500,1
35520.733,1,1211823,100,188430,1
35521.173,2,1211823,100,188430,1
35521.173,5,1211891,92,188690,-1
35521.173,4,1152782,97,188700,-1
35521.196,1,1212266,100,188500,1
35521.43,4,1152782,203,188700,-1
35521.43,4,1211620,97,188700,-1
35521.544,1,1212598,1000,188600,1
35521.564,2,1212266,100,188500,1
35521.669,1,1212733,100,188600,1
35522.566,4,1211620,203,188700,-1
35522.566,1,1213504,797,188700,1
35522.584,2,1212733,100,188600,1
35522.599,4,1213504,300,188700,1
35522.646,1,1213592,100,188700,1
35522.659,4,1213504,300,188700,1
35522.723,1,1213688,800,188900,-1
35522.743,2,1185608,800,188800,-1
35522.995,4,1213504,197,188700,1
35522.995,4,1213592,100,188700,1
35522.995,1,1213911,3,188690,-1
35523.168,2,1212598,1000,188600,1
35523.201,1,1214092,100,188600,1
35523.211,2,1213911,3,188690,-1
35523.231,1,1214110,300,188690,-1
35523.291,2,1214110,300,188690,-1
35523.297,2,564142,200,191400,-1
35523.3,1,1214167,200,189300,-1
35523.473,1,1214327,300,188700,-1
35524.563,2,1214327,300,188700,-1
35524.579,1,1215384,300,188690,-1
35525.172,2,1215384,300,188690,-1
35525.19,1,1216026,300,188700,-1
35525.305,5,1215639,58,188610,1
35525.937,2,1216026,300,188700,-1
35525.955,1,1216866,300,188690,-1
35526.224,4,1214092,58,188600,1
35526.247,2,1214092,42,188600,1
35526.266,1,1217129,100,188600,1
35526.291,5,1217136,500,188650,-1
35526.521,4,1216866,59,188690,-1
35526.616,2,1216866,241,188690,-1
35526.631,1,1217467,300,188700,-1
35528.092,4,1217129,100,188600,1
35528.18,1,1218872,100,188600,1
35528.201,2,1218872,100,188600,1
35528.222,1,1218910,100,188400,1
35528.254,1,1218931,100,188700,-1
35528.28,1,1218960,100,188700,-1
35528.34,2,1218931,100,188700,-1
35528.433,2,1218960,100,188700,-1
35529.256,2,1217467,300,188700,-1
35529.306,1,1219871,300,188690,-1
35529.472,1,1220035,1000,188600,-1
35529.515,2,1219871,300,188690,-1
35529.532,1,1220074,300,188700,-1
35529.571,2,1220074,300,188700,-1
35529.594,1,1220138,300,188600,-1
35531.227,4,1218910,100,188400,1
35531.241,1,1221424,100,188600,-1
35531.242,1,1221425,100,188600,-1
35531.244,1,1221426,100,188580,-1
35531.248,1,1221428,100,188400,1
35531.272,2,1220138,300,188600,-1
35531.314,4,1221428,100,188400,1
35531.323,2,1221424,100,188600,-1
35531.327,2,1221425,100,188600,-1
35531.339,1,1221497,300,188580,-1
35531.363,1,1221515,100,188400,1
35531.378,2,1221497,300,188580,-1
35531.561,1,1221643,300,188600,-1
35532.308,2,1221643,300,188600,-1
35532.352,1,1222306,300,188590,-1
35532.422,1,1222356,2000,189000,-1
35532.482,5,1221468,100,188530,-1
35532.482,5,1221746,900,188530,-1
35532.495,2,1221515,100,188400,1
35532.495,5,1221746,200,188530,-1
35532.503,5,1220460,100,188540,-1
35532.503,5,1221510,400,188540,-1
35532.543,1,1222459,100,188500,1
35532.78,2,1222306,300,188590,-1
35532.806,1,1222690,300,188600,-1
35532.98,2,1222690,300,188600,-1
35533.002,1,1222839,300,188570,-1
35533.075,4,1222839,300,188570,-1
35533.075,5,1222092,500,188570,-1
35533.075,4,1221426,100,188580,-1
35533.094,5,1222909,500,188530,-1
35533.178,1,1222991,300,188570,-1
35533.25,5,1223040,100,188530,-1
35533.298,4,1222459,16,188500,1
35533.53,2,1222459,84,188500,1
35533.554,1,1223365,100,188500,1
35533.57,4,1223365,12,188500,1
35533.596,2,1223365,88,188500,1
35533.622,1,1223412,100,188500,1
35533.842,4,1223412,100,188500,1
35533.842,1,1223605,900,188500,-1
35533.904,2,1222991,300,188570,-1
35533.919,4,1223605,100,188500,-1
35533.947,1,1223708,300,188500,-1
35533.967,4,1223605,100,188500,-1
35534.196,4,1223605,100,188500,-1
35534.405,5,1223989,100,188490,-1
35534.68,1,1224331,100,188400,1
35535.02,5,1224152,500,188460,-1
35535.02,4,1223605,500,188500,-1
35535.154,4,1223605,100,188500,-1
35535.154,4,1223708,300,188500,-1
35535.154,5,1224625,600,188500,-1
35535.188,1,1224740,300,188500,-1
35535.299,2,1220035,1000,188600,-1
35535.322,2,1224740,300,188500,-1
35535.483,1,1224980,1000,190500,-1
35535.505,1,1224998,300,188560,-1
35535.56,2,1224998,300,188560,-1
35535.567,1,1225041,1000,188890,-1
35535.721,1,1225191,300,188590,-1
35535.92,2,1225191,300,188590,-1
35536.054,1,1225485,300,188600,-1
35536.278,1,1225639,100,188500,-1
35536.28,1,1225642,100,188600,-1
35536.293,2,1225485,300,188600,-1
35536.335,2,1225639,100,188500,-1
35536.338,2,1225642,100,188600,-1
35536.505,1,1225813,300,188600,-1
35536.529,2,1225813,300,188600,-1
35536.551,1,1225846,300,188580,-1
35536.566,2,1225846,300,188580,-1
35536.584,1,1225883,300,188500,-1
35537.134,4,1225883,300,188500,-1
35537.157,1,1226295,300,188500,-1
35537.175,2,1225041,1000,188890,-1
35537.186,4,1226295,300,188500,-1
35537.535,1,1226544,300,188700,-1
35537.54,2,1224331,100,188400,1
35537.554,2,1226544,300,188700,-1
35537.565,1,1226576,100,188410,1
35537.568,1,1226578,1000,188890,-1
35537.586,1,1226591,300,188590,-1
35537.716,2,1226591,300,188590,-1
35537.839,2,1226576,100,188410,1
35537.851,1,1226849,300,188500,-1
35537.875,1,1226865,100,188400,1
35537.883,4,1226849,300,188500,-1
35538.195,1,1227119,300,188600,-1
35538.243,2,1226865,100,188400,1
35538.263,1,1227163,100,188410,1
35538.362,2,1227163,100,188410,1
35538.503,1,1227347,100,188400,1
35538.563,2,1227119,300,188600,-1
35538.711,1,1227518,300,188600,-1
35538.753,2,1226578,1000,188890,-1
35538.836,2,1227347,100,188400,1
35539.251,2,1227518,300,188600,-1
35539.282,1,1227931,100,188410,1
35539.304,1,1227940,300,188600,-1
35539.652,2,1227931,100,188410,1
35539.89,1,1228325,100,188400,1
35540.257,1,1228574,100,188370,1
35541.694,2,1228325,100,188400,1
35541.713,1,1229759,100,188410,1
35543.326,2,1229759,100,188410,1
35543.489,1,1231189,100,188500,1
35543.607,2,1227940,300,188600,-1
35543.626,1,1231310,300,188700,-1
35543.871,2,1231189,100,188500,1
35543.893,1,1231535,100,188510,1
35545.139,1,1232521,700,188600,1
35545.171,2,1231535,100,188510,1
35545.209,1,1232579,100,188600,1
35545.87,5,1232550,500,188640,1
35546.597,2,1232579,100,188600,1
35546.622,1,1233772,100,188610,1
35547.267,2,1233772,100,188610,1
35547.285,1,1234260,100,188620,1
35547.826,1,1234660,1000,187600,1
35548.786,1,1235354,100,94300,1
35548.99,2,1235354,100,94300,1
35549.196,2,1232521,700,188600,1
35551.977,4,1231310,300,188700,-1
35552.013,1,1238154,300,188700,-1
35552.052,4,1238154,300,188700,-1
35552.172,1,1238307,300,188700,-1
35552.195,2,1213688,800,188900,-1
35552.238,1,1238348,1100,189000,-1
35552.398,2,1238307,300,188700,-1
35552.564,1,1238656,300,188800,-1
35552.81,1,1238921,700,188700,1
35552.828,2,1234260,100,188620,1
35552.85,1,1238959,100,188700,1
35553.997,4,1238656,300,188800,-1
35553.997,1,1239974,400,188800,1
35554.027,2,1238959,100,188700,1
35554.047,4,1239974,300,188800,1
35554.056,1,1240032,100,188800,1
35554.211,4,1239974,100,188800,1
35554.211,4,1240032,100,188800,1
35554.211,1,1240178,100,188800,-1
35554.253,4,1240178,100,188800,-1
35554.267,1,1240217,100,188700,1
35554.277,1,1240222,300,188800,-1
35554.53,2,1240217,100,188700,1
35554.55,1,1240479,100,188710,1
35554.678,4,1240222,300,188800,-1
35554.889,2,1238348,1100,189000,-1
35554.89,1,1240830,300,188900,-1
35554.926,4,1240830,300,188900,-1
35554.932,1,1240868,200,189100,-1
35554.988,1,1240916,300,188900,-1
35554.999,2,1240479,100,188710,1
35555.035,1,1240962,100,188700,1
35555.081,4,1240916,300,188900,-1
35555.186,2,1240962,100,188700,1
35555.212,1,1241148,300,188900,-1
35555.228,1,1241166,100,188810,1
35555.301,2,1238921,700,188700,1
35555.502,2,1241166,100,188810,1
35555.519,1,1241400,100,188700,1
35555.676,2,1241400,100,188700,1
35555.681,2,1214167,200,189300,-1
35555.684,1,1241546,200,189700,-1
35555.694,1,1241554,100,188630,1
35555.75,2,1241554,100,188630,1
35555.758,2,1175279,3000,187500,1
35555.766,1,1241642,100,188810,1
35555.772,1,1241645,3000,188300,1
35556.814,2,1241642,100,188810,1
35556.831,1,1242587,100,188800,1
35557.001,2,1242587,100,188800,1
35557.04,1,1242753,700,188890,-1
35557.05,2,1179071,500,187510,1
35557.064,2,1241148,300,188900,-1
35557.07,1,1242765,100,188820,1
35557.093,1,1242779,300,188890,-1
35557.638,2,1242765,100,188820,1
35557.81,1,1243362,100,188800,1
35557.891,2,1243362,100,188800,1
35557.906,1,1243442,100,188810,1
35559.24,1,1244560,100,188890,-1
35559.275,1,1244579,100,188890,-1
35559.291,2,1243442,100,188810,1
35559.306,1,1244610,100,188820,1
35559.879,2,1244610,100,188820,1
35559.897,1,1245000,100,188810,1
35560.089,2,1245000,100,188810,1
35560.107,1,1245176,100,188800,1
35560.27,1,1245303,100,188890,-1
35560.271,1,1245304,100,188890,-1
35561.278,1,1246113,100,188900,-1
35561.281,1,1246118,100,188900,-1
35562.063,4,1245176,100,188800,1
35562.087,1,1246744,100,188800,1
35562.163,4,1246744,100,188800,1
35562.413,1,1246977,100,188700,1
35562.831,2,1246113,100,188900,-1
35562.843,2,1245304,100,188890,-1
35562.845,2,1245303,100,188890,-1
35562.865,2,1246118,100,188900,-1
35562.916,2,1242779,300,188890,-1
35562.934,1,1247322,300,188880,-1
35564.252,1,1248237,100,188900,-1
35564.253,1,1248238,100,188900,-1
35564.477,4,1246977,100,188700,1
35564.497,1,1248432,100,188700,1
35564.521,4,1248432,100,188700,1
35564.707,1,1248589,100,188700,1
35565.16,4,1248589,100,188700,1
35565.192,1,1248933,100,188700,1
35565.337,2,1247322,300,188880,-1
35565.403,4,1248933,100,188700,1
35565.445,1,1249132,300,188800,-1
35565.467,1,1249149,100,188700,1
35565.594,4,1249149,100,188700,1
35565.691,1,1249345,100,188700,1
35565.958,2,1242753,700,188890,-1
35566.297,2,1249132,300,188800,-1
35566.311,1,1249778,300,188790,-1
35567.197,2,1249345,100,188700,1
35567.328,1,1250473,100,188600,1
35568.237,1,1251083,100,188760,-1
35568.239,1,1251085,100,188760,-1
35568.248,2,1249778,300,188790,-1
35568.278,1,1251119,300,188760,-1
35568.289,2,1251119,300,188760,-1
35568.302,1,1251127,300,188760,-1
35568.313,2,1251127,300,188760,-1
35568.321,2,1251083,100,188760,-1
35568.325,2,1251085,100,188760,-1
35568.327,1,1251142,300,188760,-1
35568.348,2,1251142,300,188760,-1
35568.369,1,1251176,300,188760,-1
35568.381,2,1251176,300,188760,-1
35568.397,1,1251193,300,188780,-1
35568.408,2,1251193,300,188780,-1
35568.428,1,1251214,300,188780,-1
35568.51,2,1251214,300,188780,-1
35568.524,1,1251288,300,188790,-1
35568.574,2,1251288,300,188790,-1
35568.596,1,1251338,300,188780,-1
35568.608,2,1251338,300,188780,-1
35568.638,1,1251362,300,188790,-1
35568.853,2,1251362,300,188790,-1
35568.87,1,1251531,300,188700,-1
35569.183,2,1251531,300,188700,-1
35569.199,1,1251773,300,188700,-1
35569.257,1,1251803,100,188760,-1
35569.259,1,1251804,100,188760,-1
35569.318,2,1251803,100,188760,-1
35569.319,2,1251804,100,188760,-1
35569.419,2,1250473,100,188600,1
35569.44,5,1251872,100,188690,-1
35569.534,1,1251946,1000,188380,1
35569.622,4,1251773,100,188700,-1
35569.707,2,1251773,200,188700,-1
35569.726,5,1251491,100,188700,-1
35569.738,1,1252070,300,188790,-1
35569.749,5,1251491,100,188700,-1
35569.932,2,1241645,3000,188300,1
35569.953,1,1252212,100,188700,1
35569.963,4,1252212,100,188700,1
35569.967,2,1252070,300,188790,-1
35569.984,1,1252244,100,188700,1
35569.994,1,1252250,300,188800,-1
35570.242,2,1252250,300,188800,-1
35570.245,4,1252244,100,188700,1
35570.247,1,1252400,100,188700,-1
35570.255,2,1228574,100,188370,1
35570.263,1,1252409,300,188690,-1
35570.277,4,1252409,100,188690,-1
35570.377,4,1252409,100,188690,-1
35570.409,2,1252409,100,188690,-1
35570.425,4,1252400,100,188700,-1
35570.438,1,1252522,300,188700,-1
35570.449,4,1252522,100,188700,-1
35570.464,2,1252522,200,188700,-1
35570.485,1,1252558,100,188700,1
35570.498,4,1252558,100,188700,1
35570.498,1,1252573,200,188700,-1
35570.581,2,1252573,200,188700,-1
35570.588,1,1252627,100,188700,1
35570.623,1,1252656,300,188800,-1
35570.821,2,1252656,300,188800,-1
35570.844,4,1252627,100,188700,1
35570.844,1,1252875,200,188700,-1
35571.058,4,1252875,100,188700,-1
35571.102,4,1252875,100,188700,-1
35571.27,1,1253105,300,188700,-1
35571.295,4,1253105,100,188700,-1
35571.367,4,1253105,100,188700,-1
35571.43,4,1253105,100,188700,-1
35571.457,1,1253219,300,188700,-1
35571.48,4,1253219,100,188700,-1
35571.508,2,1253219,200,188700,-1
35571.545,1,1253270,100,188700,1
35571.568,1,1253291,300,188800,-1
35571.67,2,1253270,100,188700,1
35571.721,2,1251946,1000,188380,1
35571.809,1,1253477,3000,187600,1
35571.819,1,1253490,100,188600,1
35571.933,2,1253291,300,188800,-1
35571.954,1,1253592,300,188700,-1
35571.966,2,1253592,300,188700,-1
35571.99,1,1253633,300,188690,-1
35572.259,1,1253829,100,188760,-1
35572.261,1,1253833,100,188760,-1
35572.311,2,1253829,100,188760,-1
35572.313,2,1253833,100,188760,-1
35572.412,2,1253633,300,188690,-1
35572.424,1,1253957,300,188700,-1
35573.959,4,1253490,100,188600,1
35573.999,1,1255170,100,188600,1
35574.125,2,1255170,100,188600,1
35574.143,1,1255270,100,188410,1
35574.431,2,1253957,300,188700,-1
35574.452,1,1255589,300,188690,-1
35574.637,2,1255589,300,188690,-1
35574.765,1,1255860,300,188700,-1
35574.877,2,1255270,100,188410,1
35574.896,1,1255966,100,188500,1
35575.092,2,1255860,300,188700,-1
35575.105,1,1256118,300,188690,-1
35575.261,1,1256231,100,188670,-1
35575.263,1,1256234,100,188670,-1
35575.276,2,1256118,300,188690,-1
35575.291,1,1256249,300,188670,-1
35575.303,2,1256249,300,188670,-1
35575.326,1,1256272,300,188670,-1
35575.336,2,1256231,100,188670,-1
35575.338,2,1256234,100,188670,-1
35575.355,2,1256272,300,188670,-1
35575.368,1,1256297,300,188670,-1
35575.381,2,1256297,300,188670,-1
35575.397,1,1256332,300,188670,-1
35575.41,2,1256332,300,188670,-1
35575.427,1,1256351,300,188670,-1
35575.455,2,1256351,300,188670,-1
35575.47,1,1256383,300,188670,-1
35575.48,2,1256383,300,188670,-1
35575.493,1,1256397,300,188700,-1
35575.504,2,1256397,300,188700,-1
35575.519,1,1256418,300,188700,-1
35575.613,1,1256485,500,187500,1
35575.725,4,1255966,65,188500,1
35575.753,2,1255966,35,188500,1
35575.769,1,1256676,100,188500,1
35575.795,2,1256418,300,188700,-1
35575.81,1,1256711,300,188660,-1
35576.232,1,1257101,100,188700,-1
35576.255,1,1257118,100,188700,-1
35576.292,2,1257101,100,188700,-1
35576.323,2,1257118,100,188700,-1
35577.492,2,1256711,300,188660,-1
35577.516,1,1258128,300,188600,-1
35577.6,1,1258215,100,188800,-1
35577.964,2,1258128,300,188600,-1
35577.988,1,1258509,300,188700,-1
35578.234,2,1258509,300,188700,-1
35578.253,1,1258706,300,188690,-1
35578.677,2,1258706,300,188690,-1
35578.695,1,1259111,300,188600,-1
35578.918,2,1256676,100,188500,1
35578.934,1,1259263,100,188510,1
35578.949,2,1259111,300,188600,-1
35578.963,1,1259291,300,188700,-1
35579.149,2,1259263,100,188510,1
35579.171,1,1259439,100,188500,1
35579.246,2,1244560,100,188890,-1
35579.264,1,1259506,100,188700,-1
35579.265,1,1259508,100,188700,-1
35579.276,2,1244579,100,188890,-1
35579.349,2,1259508,100,188700,-1
35579.357,2,1259439,100,188500,1
35579.376,1,1259583,100,188520,1
35579.774,2,1259291,300,188700,-1
35579.908,1,1260058,300,188600,-1
35580.02,2,1260058,300,188600,-1
35580.075,2,1259583,100,188520,1
35580.099,1,1260223,300,188700,-1
35580.114,1,1260238,100,188600,1
35580.184,5,1259717,200,188640,-1
35581.056,2,1260238,100,188600,1
35581.081,1,1261048,100,188650,1
35581.937,5,1261346,100,188670,-1
35581.937,4,1259506,100,188700,-1
35581.937,4,1260223,300,188700,-1
35582.097,1,1261952,300,188700,-1
35582.168,2,1261952,300,188700,-1
35582.276,4,1261048,100,188650,1
35582.321,1,1262099,300,188690,-1
35582.342,4,1262099,300,188690,-1
35582.344,1,1262117,100,188650,1
35582.365,1,1262127,300,188690,-1
35582.53,2,1262127,300,188690,-1
35582.554,1,1262283,300,188700,-1
35582.576,4,1262283,300,188700,-1
35582.752,1,1262499,244,188700,-1
35583.082,4,1262499,244,188700,-1
35584.257,2,1248237,100,188900,-1
35584.26,2,1248238,100,188900,-1
35585.099,4,1262117,55,188650,1
35585.132,2,1262117,45,188650,1
35585.147,1,1264857,100,188650,1
35585.782,2,1264857,100,188650,1
35585.798,1,1265548,100,188700,1
35586.512,5,1265219,100,188750,-1
35586.512,5,1265723,500,188790,-1
35586.512,4,1258215,100,188800,-1
35588.022,4,1265548,58,188700,1
35588.053,2,1265548,42,188700,1
35588.075,1,1267631,100,188700,1
35589.849,1,1269296,5000,188800,-1
35590.251,1,1269622,100,188800,-1
35590.268,1,1269636,100,188800,-1
35591.256,1,1270540,100,188800,-1
35591.258,1,1270543,100,188800,-1
35591.877,2,1267631,100,188700,1
35591.908,5,1271143,100,188760,-1
35592.056,5,1271143,100,188760,-1
35592.188,5,1271143,100,188760,-1
35592.218,5,1271143,100,188760,-1
35592.386,5,1271143,100,188760,-1
35592.534,1,1271693,1000,187800,1
35592.599,5,1271143,100,188760,-1
35592.67,2,1253477,3000,187600,1
35592.685,1,1271834,3000,187800,1
35592.816,5,1271143,100,188760,-1
35593.019,1,1272093,100,94400,1
35593.034,5,1271143,100,188760,-1
35593.217,2,1272093,100,94400,1
35593.25,5,1271143,100,188760,-1
35593.47,2,1270543,100,188800,-1
35593.472,2,1269636,100,188800,-1
35593.498,2,1270540,100,188800,-1
35593.5,2,1269622,100,188800,-1
35593.664,1,1272560,65,188700,1
35594.865,4,1272560,65,188700,1
35600.14,1,1277130,1200,188700,1
35600.199,4,1277130,1200,188700,1
35613.123,2,814969,100,190000,-1
35621.783,2,1271693,1000,187800,1
35622.281,1,1292160,300,188600,-1
35622.535,1,1292352,900,187810,1
35622.829,2,1292352,900,187810,1
35623.534,1,1293131,800,187810,1
35625.224,2,1240868,200,189100,-1
35625.269,1,1294417,100,188800,-1
35625.533,2,1241546,200,189700,-1
35625.535,2,209847,300,187000,1
35625.553,1,1294663,100,188800,-1
35625.555,1,1294667,300,185400,1
35626.492,2,1292160,300,188600,-1
35627.534,1,1296128,1000,188790,-1
35629.029,2,1294663,100,188800,-1
35629.047,1,1297121,200,188900,-1
35636.366,1,1302155,100,94200,1
35636.552,2,1302155,100,94200,1
35650.25,1,1311749,100,188370,1
35650.501,2,1294417,100,188800,-1
35651.691,2,1296128,1000,188790,-1
35652.581,1,1313510,500,188500,-1
35652.593,4,1313510,500,188500,-1
35653.263,1,1314002,100,188800,-1
35653.265,1,1314004,100,188800,-1
35654.244,1,1314680,100,188800,-1
35654.245,1,1314682,100,188800,-1
35654.289,2,757037,1000,190000,-1
35654.763,2,1297121,200,188900,-1
35654.766,1,1315101,200,189200,-1
35654.872,2,1314682,100,188800,-1
35654.874,2,1314680,100,188800,-1
35654.953,1,1315180,900,189000,-1
35656.255,1,1316063,100,188700,-1
35656.256,1,1316064,100,188700,-1
35656.328,2,1316063,100,188700,-1
35656.329,2,1316064,100,188700,-1
35657.278,1,1316749,100,188670,-1
35657.28,1,1316752,100,188670,-1
35658.3,1,1317492,100,188650,-1
35658.303,1,1317495,100,188650,-1
35659.261,2,1316749,100,188670,-1
35659.266,2,1317492,100,188650,-1
35659.289,2,1316752,100,188670,-1
35659.293,2,1317495,100,188650,-1
35660.648,2,1315180,900,189000,-1
35664.389,2,1271834,3000,187800,1
35664.404,1,1322624,3000,188300,1
35665.836,1,1323865,1100,189000,-1
35667.351,4,1269296,5000,188800,-1
35667.351,4,1314002,100,188800,-1
35667.351,4,1314004,100,188800,-1
35667.633,2,1323865,1100,189000,-1
35668.032,1,1325622,1100,189200,-1
35668.255,5,1325731,400,188850,-1
35668.541,2,1293131,800,187810,1
35669.31,5,1325945,38,188950,-1
35669.31,4,1222356,562,189000,-1
35669.537,1,1326747,1000,188380,1
35670.402,5,1326774,500,188990,-1
35670.402,4,1222356,400,189000,-1
35670.416,4,1222356,1000,189000,-1
35670.456,4,1222356,38,189000,-1
35670.569,2,1325622,1100,189200,-1
35670.615,1,1327500,1000,189300,-1
35670.618,1,1327502,100,189100,-1
35672.625,2,1327500,1000,189300,-1
35672.766,2,1315101,200,189200,-1
35672.769,1,1329241,200,189400,-1
35676.32,2,1294667,300,185400,1
35676.333,1,1332323,300,181800,1
35677.15,1,1333057,200,189000,-1
35678.705,2,1329241,200,189400,-1
35678.714,1,1334384,100,189000,-1
35679.182,4,1333057,200,189000,-1
35679.182,4,1334384,100,189000,-1
35679.509,1,1334931,100,188900,1
35680.248,2,1311749,100,188370,1
35680.29,1,1335539,100,94500,1
35680.494,2,1335539,100,94500,1
35681.258,1,1336359,100,189100,-1
35681.285,1,1336383,100,189100,-1
35681.682,1,1336639,900,189400,-1
35682.608,2,857085,60,180000,1
35682.747,4,1327502,100,189100,-1
35682.747,4,1336359,100,189100,-1
35682.747,4,1336383,100,189100,-1
35683.161,1,1337900,200,189600,-1
35683.269,1,1337998,50,188500,1
35683.68,2,1336639,900,189400,-1
35684.536,1,1338890,1000,189590,-1
35685.017,1,1339234,900,189600,-1
35686.095,2,1326747,1000,188380,1
35686.125,1,1340060,800,188910,1
35686.313,2,1338890,1000,189590,-1
35687.0,2,1339234,900,189600,-1
35687.045,1,1340855,900,189700,-1
35687.487,2,1340060,800,188910,1
35687.818,2,1322624,3000,188300,1
35687.832,1,1341548,3000,188900,1
35688.074,2,1337900,200,189600,-1
35688.083,1,1341798,200,189900,-1
35688.534,1,1342251,1000,188910,1
35688.539,1,1342257,1000,189690,-1
35689.522,2,1341798,200,189900,-1
35689.526,1,1343257,300,190300,-1
35690.101,2,1340855,900,189700,-1
35690.672,2,1342257,1000,189690,-1
35690.683,2,1334931,100,188900,1
35691.336,1,1344912,900,189800,-1
35691.358,1,1344945,80,189700,1
35691.367,4,1344945,80,189700,1
35691.536,1,1345170,1000,189790,-1
35691.597,2,1332323,300,181800,1
35691.64,1,1345316,300,187600,1
35692.216,2,1343257,300,190300,-1
35692.26,1,1346064,300,191100,-1
35692.388,2,1344912,900,189800,-1
35693.564,2,1345170,1000,189790,-1
35694.534,1,1348807,1000,189990,-1
35695.244,1,1349654,100,189700,-1
35697.163,1,1351779,1000,189900,-1
35697.358,1,1351974,600,189600,-1
35700.721,4,1351974,300,189600,-1
35701.273,4,1351974,300,189600,-1
35704.303,1,1359250,100,189680,-1
35704.307,1,1359253,100,189680,-1
35704.445,2,1359250,100,189680,-1
35704.446,2,1359253,100,189680,-1
35705.253,1,1360121,100,189700,-1
35705.255,1,1360124,100,189700,-1
35705.315,2,1360121,100,189700,-1
35705.318,2,1360124,100,189700,-1
35708.136,1,1362867,900,189500,-1
35709.597,1,1364063,2500,189500,-1
35711.492,2,1364063,2500,189500,-1
35712.486,5,1345664,100,189400,1
35712.486,5,1346589,100,189400,1
35713.094,2,1342251,1000,188910,1
35713.125,1,1367026,800,188920,1
35714.683,5,1368188,300,189400,-1
35715.249,2,1349654,100,189700,-1
35717.57,1,1370631,2500,189500,-1
35721.387,5,1372047,100,189450,-1
35721.387,4,1362867,900,189500,-1
35721.387,4,1370631,200,189500,-1
35724.039,1,1375879,100,94700,1
35724.224,2,1375879,100,94700,1
35724.258,1,1376045,200,189370,1
35725.268,1,1376857,100,189390,1
35725.27,1,1376859,100,189390,1
35727.233,2,1376857,100,189390,1
35727.238,2,1376859,100,189390,1
35728.207,4,1376045,58,189370,1
35730.255,1,1380637,100,189470,-1
35731.259,1,1381414,100,189500,-1
35731.292,1,1381446,100,189500,-1
35731.317,2,1381414,100,189500,-1
35732.267,1,1382169,100,189500,-1
35732.294,1,1382189,100,189500,-1
35733.28,1,1382869,100,189500,-1
35733.288,1,1382875,100,189500,-1
35733.787,1,1383249,300,198000,-1
35733.934,4,1376045,125,189370,1
35737.244,4,1376045,17,189370,1
35742.965,2,1346064,300,191100,-1
35742.968,1,1391049,200,190400,-1
35745.765,2,1367026,800,188920,1
35746.531,1,1393785,1000,188910,1
35751.291,2,1381446,100,189500,-1
35752.27,2,1382169,100,189500,-1
35752.3,2,1382189,100,189500,-1
35753.28,2,1382869,100,189500,-1
35753.291,2,1382875,100,189500,-1
35754.803,5,1400693,200,189250,1
35755.108,2,1393785,1000,188910,1
35755.999,2,1341548,3000,188900,1
35756.234,1,1401907,3000,187600,1
35756.53,1,1402137,1000,188510,1
35756.621,2,1401907,3000,187600,1
35756.638,1,1402241,3000,188500,1
35758.817,2,79867,1000,184900,1
35759.359,1,1404670,4433,189400,-1
35760.261,2,1380637,100,189470,-1
35760.816,2,654505,1000,195000,-1
35763.864,5,1407851,300,189150,1
35765.81,1,1409278,500,189300,-1
35769.56,2,1404670,4433,189400,-1
35778.671,2,1409278,500,189300,-1
35778.764,2,1348807,1000,189990,-1
35778.78,1,1418911,900,189490,-1
35778.951,2,1418911,900,189490,-1
35779.529,1,1419386,1000,189490,-1
35780.483,2,1419386,1000,189490,-1
35780.529,1,1420090,800,189490,-1
35780.733,2,1420090,800,189490,-1
35781.53,1,1420773,800,189490,-1
35781.748,2,1420773,800,189490,-1
35782.533,1,1421481,1000,189490,-1
35788.107,2,1421481,1000,189490,-1
35788.531,1,1426034,900,189490,-1
35788.904,2,1426034,900,189490,-1
35790.284,1,1427229,100,189400,-1
35790.289,1,1427236,100,189400,-1
35790.825,2,1427229,100,189400,-1
35790.853,2,1427236,100,189400,-1
35791.047,5,1427297,500,189110,1
35793.173,2,1351779,1000,189900,-1
35793.216,1,1429085,1100,189600,-1
35793.53,1,1429221,1000,189490,-1
35796.311,2,1429221,1000,189490,-1
35796.53,1,1430999,900,189490,-1
35806.865,1,1437785,500,189500,-1
35806.871,1,1437794,500,188600,1
35806.904,2,1402137,1000,188510,1
35806.919,1,1437900,1000,188610,1
35807.125,2,1402241,3000,188500,1
35807.188,1,1438346,3000,188600,1
35820.405,2,1437794,500,188600,1
35829.935,1,1454552,800,189100,-1
35831.278,2,1075587,500,187500,1
35831.279,2,1429085,1100,189600,-1
35831.881,2,1438346,3000,188600,1
35844.146,2,1437785,500,189500,-1
35845.371,4,1454552,300,189100,-1
35846.963,1,1465430,3000,188600,1
35847.083,1,1465539,400,189000,1
35850.332,2,1465539,400,189000,1
35856.097,1,1471980,500,188700,1
35856.184,2,1437900,1000,188610,1
35856.215,1,1472079,1000,188710,1
35859.136,4,1454552,400,189100,-1
35862.079,2,1465430,3000,188600,1
35862.095,1,1476026,3000,188700,1
35864.196,1,1477284,700,189010,1
35864.939,4,1477284,700,189010,1
35866.903,2,1472079,1000,188710,1
35867.398,2,1476026,3000,188700,1
35867.912,2,1471980,500,188700,1
35868.063,1,1479872,3000,187600,1
35868.2,1,1479968,500,189500,-1
35868.261,1,1480023,500,187700,1
35868.475,2,1480023,500,187700,1
35868.531,1,1480211,1000,188510,1
35868.564,2,1480211,1000,188510,1
35868.616,2,1479872,3000,187600,1
35868.638,1,1480296,3000,188500,1
35869.129,1,1480613,500,189000,-1
35869.514,2,1480296,3000,188500,1
35869.53,1,1480923,400,188510,1
35869.575,2,1480923,400,188510,1
35869.72,1,1481042,3000,187600,1
35870.529,1,1481494,400,188510,1
35870.663,2,1481042,3000,187600,1
35870.685,1,1481603,3000,188500,1
35871.235,1,1481954,100,188880,-1
35871.438,1,1482070,100,188880,-1
35871.546,2,1481603,3000,188500,1
35872.385,2,1480613,500,189000,-1
35872.554,2,1481494,400,188510,1
35872.573,2,1482070,100,188880,-1
35872.603,2,1481954,100,188880,-1
35872.637,1,1482917,3000,187600,1
35872.966,5,1482962,200,188800,-1
35872.993,5,1482081,100,188870,-1
35873.564,2,1430999,900,189490,-1
35874.032,1,1484059,500,189100,-1
35874.243,2,1484059,500,189100,-1
35874.528,1,1484484,1000,189090,-1
35874.668,2,1484484,1000,189090,-1
35875.527,1,1485411,1000,189090,-1
35875.624,2,1256485,500,187500,1
35875.981,2,1485411,1000,189090,-1
35876.534,1,1486317,800,189090,-1
35876.543,2,1486317,800,189090,-1
35877.028,1,1486802,1000,190500,-1
35877.53,1,1487191,1000,189090,-1
35878.177,1,1487662,100,188800,-1
35880.204,2,269851,1000,195000,-1
35880.624,1,1489315,1000,193800,-1
35884.199,2,1487191,1000,189090,-1
35885.013,4,1487662,100,188800,-1
35885.529,1,1492862,400,189090,-1
35887.866,2,1492862,400,189090,-1
35890.529,1,1496228,1000,188510,1
35891.169,2,1482917,3000,187600,1
35891.185,1,1496758,3000,188500,1
35891.538,5,1496558,138,188820,1
35891.61,5,1496558,135,188820,1
35892.648,2,1479968,500,189500,-1
35893.026,2,1496228,1000,188510,1
35893.528,1,1498305,300,188510,1
35895.672,2,1192749,200,195000,-1
35896.033,2,1496758,3000,188500,1
35896.307,1,1499951,200,192000,-1
35897.562,2,1370631,2300,189500,-1
35897.964,2,1498305,300,188510,1
35898.02,1,1501076,3000,187600,1
35898.028,1,1501080,500,187700,1
35898.418,1,1501315,400,188900,-1
35899.04,2,1501080,500,187700,1
35901.581,2,1501315,400,188900,-1
35902.528,1,1504060,1000,189090,-1
35903.957,1,1505033,4433,188800,-1
35903.999,1,1505055,500,189100,-1
35905.81,1,1506120,10,188700,-1
35907.419,5,1506859,10,188620,1
35907.62,2,1506120,10,188700,-1
35911.02,1,1509697,1000,180000,1
35914.251,1,1512023,10,188700,-1
35919.772,2,1454552,100,189100,-1
35920.049,1,1516329,100,188800,-1
35920.464,1,1516603,100,188600,1
35921.809,5,1513891,88,188690,-1
35923.247,5,1513891,100,188690,-1
35927.985,5,1520674,15,188670,-1
35928.761,1,1522775,200,189000,-1
35931.059,2,1512023,10,188700,-1
35933.482,2,1505055,500,189100,-1
35935.134,2,1505033,4433,188800,-1
35936.421,5,1527202,700,188700,-1
35936.454,2,1499951,200,192000,-1
35936.874,1,1527970,200,190000,-1
35946.911,2,1516603,100,188600,1
35951.782,5,1537550,73,188670,-1
35956.961,1,1541655,100,188500,1
35961.237,1,1544297,100,188580,1
35966.037,1,1547343,100,188700,1
35966.753,1,1547735,100,188600,1
35966.774,2,1516329,100,188800,-1
35967.552,2,1547343,100,188700,1
35967.673,5,1548198,100,188760,-1
35967.943,2,1541655,100,188500,1
35979.565,2,1504060,1000,189090,-1
35980.455,2,1547735,100,188600,1
35980.595,2,1501076,3000,187600,1
35980.61,1,1556239,3000,188500,1
35985.918,1,1560381,19,188900,1
35986.247,1,1560635,100,188830,1
35986.269,1,1560652,100,188830,1
35990.244,2,1560635,100,188830,1
35990.245,2,1560652,100,188830,1
35991.237,2,1544297,100,188580,1
35992.566,2,1556239,3000,188500,1
35992.719,1,1564829,3000,187600,1
35992.726,1,1564836,500,187700,1
35992.936,4,1560381,19,188900,1
35992.936,5,1564685,500,188750,1
35992.936,4,1337998,50,188500,1
35992.968,1,1565047,41,188400,-1
35993.003,4,1565047,41,188400,-1
35993.453,1,1565479,600,188900,-1
35993.525,1,1565544,1000,187710,1
35993.662,2,1564829,3000,187600,1
35993.679,1,1565712,3000,187700,1
35993.723,1,1565751,31,188400,-1
35994.069,2,1564836,500,187700,1
35994.972,5,1566394,58,188390,1
35995.025,5,1566394,442,188390,1
35995.401,2,1565544,1000,187710,1
35995.533,4,1565712,3000,187700,1
35996.443,4,1234660,1000,187600,1
35996.443,4,1345316,300,187600,1
35996.512,2,1565751,31,188400,-1
35996.581,1,1568554,3000,187000,1
35996.762,1,1568765,31,187600,-1
35997.363,1,1569307,500,188900,-1
35997.524,1,1569452,1000,187010,1
35997.644,5,1569411,31,187560,-1
35997.749,4,1568765,31,187600,-1
35998.304,2,1565479,600,188900,-1
35998.525,1,1570339,500,188890,-1
35999.311,2,1569452,1000,187010,1
35999.524,1,1571155,600,187010,1
35999.562,2,1571155,600,187010,1
35999.926,5,1570960,200,187510,1
35999.926,4,1107969,500,187000,1
35999.926,4,1125356,500,187000,1
35999.926,4,1568554,3000,187000,1
36000.495,5,1571818,500,187730,1
36000.524,1,1571952,1000,186610,1
36002.542,2,1569307,500,188900,-1
36002.552,1,1573646,3000,188900,-1
36002.555,1,1573650,100,187700,1
36002.762,4,1573650,100,187700,1
36002.875,1,1574040,1400,186600,1
36003.012,5,1573731,89,187910,-1
36003.887,5,1574474,200,187990,-1
36003.958,1,1575315,79,187200,1
36003.978,2,1571952,1000,186610,1
36003.992,1,1575361,1000,187210,1
36004.055,2,1575361,1000,187210,1
36004.49,5,1575107,89,187650,1
36004.49,1,1575946,11,187300,-1
36004.669,4,1575946,11,187300,-1
36004.861,5,1576148,100,187610,1
36005.524,1,1577363,1000,187210,1
36006.164,2,1577363,1000,187210,1
36006.524,1,1578830,1000,187210,1
36007.78,1,1580631,79,187600,1
36007.804,1,1580673,41,188200,1
36007.821,2,1578830,1000,187210,1
36007.836,1,1580723,1000,187610,1
36008.139,2,1575315,79,187200,1
36008.447,1,1581473,100,188320,1
36008.453,1,1581478,100,188320,1
36008.684,2,1580631,79,187600,1
36008.907,2,1580673,41,188200,1
36009.411,5,1581603,100,188360,1
36009.446,2,1570339,500,188890,-1
36009.519,1,1582935,100,188300,1
36009.57,1,1582990,300,187300,1
36010.34,5,1583026,100,188370,1
36010.34,5,1581714,216,188360,1
36010.442,5,1584038,100,188370,1
36010.442,5,1581714,212,188360,1
36010.53,1,1584171,1000,188890,-1
36010.595,2,1581473,100,188320,1
36010.599,2,1581478,100,188320,1
36011.73,5,1584404,200,188550,-1
36012.053,5,1584734,42,188600,-1
36012.476,2,1580723,1000,187610,1
36012.524,1,1586535,100,188600,-1
36012.565,1,1586583,100,188600,-1
36012.678,2,1573646,3000,188900,-1
36012.701,1,1586793,3000,188600,-1
36013.381,2,1586535,100,188600,-1
36013.474,2,1586583,100,188600,-1
36013.499,5,1587182,69,188550,-1
36014.526,2,1582935,100,188300,1
36015.011,1,1589611,6000,187500,1
36015.172,5,1589543,100,188550,-1
36015.462,1,1590171,100,188550,-1
36015.466,1,1590179,100,188550,-1
36015.542,1,1590274,1000,187510,1
36016.025,5,1590185,26,188500,-1
36017.418,1,1592648,200,188100,1
36017.483,1,1592722,100,188500,-1
36017.499,1,1592751,100,188500,-1
36017.723,5,1592454,100,188250,-1
36018.788,1,1594390,79,188200,1
36019.008,4,1594390,79,188200,1
36019.117,2,1584171,1000,188890,-1
36019.148,1,1594838,600,188490,-1
36019.565,2,1592648,200,188100,1
36019.578,2,1582990,300,187300,1
36019.585,1,1595343,300,186200,1
36019.94,2,1592722,100,188500,-1
36019.97,2,1592751,100,188500,-1
36020.148,5,1594414,100,188110,1
36022.324,1,1598404,200,188000,1
36022.324,2,1586793,3000,188600,-1
36022.341,1,1598415,3000,188500,-1
36022.399,4,1598404,100,188000,1
36022.454,4,1598404,100,188000,1
36023.096,2,1598415,3000,188500,-1
36023.273,1,1599457,100,187740,1
36023.336,2,1590274,1000,187510,1
36023.371,1,1599552,700,187750,1
36023.712,2,1599552,700,187750,1
36027.335,2,1574040,1400,186600,1
36027.356,1,1603615,900,187700,1
36028.267,2,1391049,200,190400,-1
36028.271,1,1604511,100,189200,-1
36028.315,2,1595343,300,186200,1
36028.323,1,1604568,300,182700,1
36032.084,1,1608081,100,187800,1
36035.27,2,1603615,900,187700,1
36035.459,2,1590171,100,188550,-1
36035.469,2,1590179,100,188550,-1
36037.526,1,1612970,1000,187810,1
36037.601,2,1612970,1000,187810,1
36038.526,1,1614044,1000,187810,1
36040.541,2,1594838,600,188490,-1
36040.577,1,1616241,1000,188990,-1
36040.706,1,1616381,3000,189000,-1
36041.19,5,1616358,100,188200,1
36041.826,1,1617565,1000,188200,1
36041.876,5,1617601,121,188240,1
36042.376,2,1604511,100,189200,-1
36042.381,1,1618098,200,189300,-1
36042.903,2,1617565,1000,188200,1
36043.018,5,1618037,100,188250,1
36043.018,5,1617604,200,188210,1
36043.6,2,1614044,1000,187810,1
36043.616,1,1619426,700,187820,1
36051.754,2,1616381,3000,189000,-1
36052.317,2,1608081,100,187800,1
36053.2,1,1628097,900,187800,1
36053.279,2,1599457,100,187740,1
36053.912,1,1628777,500,187900,1
36054.022,2,1619426,700,187820,1
36054.038,1,1628892,1000,187910,1
36054.28,2,1628097,900,187800,1
36054.298,1,1629112,900,187900,1
36055.008,2,1618098,200,189300,-1
36055.011,1,1629879,200,189900,-1
36055.944,2,1628892,1000,187910,1
36055.963,1,1630768,1000,187920,1
36057.134,2,1628777,500,187900,1
36057.351,2,1604568,300,182700,1
36057.354,1,1631933,300,187300,1
36059.209,2,1630768,1000,187920,1
36059.525,1,1633811,900,187910,1
36059.834,1,1634151,100,188500,1
36059.878,4,1634151,100,188500,1
36063.539,2,1631933,300,187300,1
36063.559,1,1637676,300,185900,1
36064.164,2,1633811,900,187910,1
36064.194,1,1638526,800,187910,1
36065.195,2,1638526,800,187910,1
36065.528,1,1640320,300,187910,1
36065.758,2,1640320,300,187910,1
36066.81,1,1642085,500,188200,-1
36067.173,2,1629112,900,187900,1
36067.353,1,1642820,900,187600,1
36067.523,1,1643072,1000,187610,1
36069.463,2,1643072,1000,187610,1
36069.523,1,1644929,600,187610,1
36069.85,2,1644929,600,187610,1
36071.07,1,1647120,39,187700,-1
36071.317,2,1647120,39,187700,-1
36071.78,5,1643559,418,187660,1
36072.29,2,1642820,900,187600,1
36072.414,1,1648858,900,187500,1
36072.476,5,1648104,100,187650,1
36073.497,2,1648858,900,187500,1
36073.525,1,1650387,500,187510,1
36073.535,1,1650396,500,188000,-1
36073.602,2,1650387,500,187510,1
36074.522,1,1651452,1000,187510,1
36074.674,1,1651628,44,187600,-1
36075.212,1,1652302,39,187600,-1
36075.334,2,1651452,1000,187510,1
36075.527,1,1652685,600,187510,1
36076.11,2,1651628,44,187600,-1
36076.35,2,1652685,600,187510,1
36076.403,2,1652302,39,187600,-1
36076.528,1,1653803,300,187510,1
36076.899,2,1629879,200,189900,-1
36076.93,1,1654267,100,188800,-1
36077.71,2,1653803,300,187510,1
36078.215,5,1653811,100,187560,1
36078.236,1,1655714,500,187800,-1
36078.285,5,1653811,89,187560,1
36078.385,5,1653811,200,187560,1
36078.576,5,1653811,6,187560,1
36078.576,4,1589611,94,187500,1
36079.043,4,1589611,200,187500,1
36079.23,4,1589611,500,187500,1
36079.416,1,1657157,100,187800,-1
36079.419,1,1657163,100,187800,-1
36080.168,4,1589611,100,187500,1
36080.416,4,1589611,44,187500,1
36080.621,2,1637676,300,185900,1
36080.629,1,1658826,300,184500,1
36081.72,1,1660079,500,187700,-1
36082.633,2,1650396,500,188000,-1
36082.661,2,1655714,500,187800,-1
36082.663,2,1660079,500,187700,-1
36083.052,2,1616241,1000,188990,-1
36083.292,1,1661709,100,187600,-1
36083.293,1,1661713,100,187600,-1
36084.491,2,1642085,500,188200,-1
36084.595,4,1589611,600,187500,1
36085.27,1,1663884,100,187480,1
36085.823,4,1589611,2500,187500,1
36086.699,4,1589611,15,187500,1
36087.354,4,1661709,100,187600,-1
36087.354,4,1661713,100,187600,-1
36087.354,5,1661361,200,187600,-1
36087.408,2,1654267,100,188800,-1
36087.415,1,1666443,200,188800,-1
36088.866,4,1589611,1300,187500,1
36090.068,5,1668933,200,187600,-1
36091.16,5,1670333,200,187600,-1
36099.421,2,1657157,100,187800,-1
36099.423,2,1657163,100,187800,-1
36099.525,1,1679312,1000,188600,-1
36099.632,1,1679436,500,188700,-1
36099.636,1,1679442,3000,188800,-1
36099.698,2,1679442,3000,188800,-1
36099.714,1,1679526,3000,188600,-1
36099.75,2,1679436,500,188700,-1
36099.758,1,1679575,500,188600,-1
36100.07,2,1679575,500,188600,-1
36100.071,1,1679887,500,188600,-1
36107.761,2,1679526,3000,188600,-1
36109.013,1,1688450,200,189000,-1
36109.056,1,1688512,300,186800,1
36110.209,5,1689769,1000,187750,-1
36110.36,1,1690045,1000,187200,1
36110.385,5,1689920,200,187890,-1
36112.21,2,1679312,1000,188600,-1
36112.521,1,1692420,1000,188590,-1
36114.522,1,1694553,1000,187510,1
36114.802,2,1694553,1000,187510,1
36115.056,5,1692343,100,187900,-1
36115.271,2,1663884,100,187480,1
36117.524,1,1697405,700,187510,1
36118.364,2,1697405,700,187510,1
36118.833,2,1692420,1000,188590,-1
36119.52,1,1699161,700,187510,1
36119.524,1,1699166,1000,188590,-1
36119.786,2,1699161,700,187510,1
36120.522,1,1700029,500,187510,1
36120.88,1,1700389,1000,187800,1
36121.239,2,1700029,500,187510,1
36121.247,5,1700594,400,187860,1
36121.247,4,1700389,100,187800,1
36121.818,4,1700389,900,187800,1
36132.231,1,1710807,1000,187900,1
36132.463,4,1710807,35,187900,1
36132.56,4,1710807,38,187900,1
36132.653,1,1711214,800,187500,1
36132.657,2,1690045,1000,187200,1
36133.219,2,1710807,927,187900,1
36133.296,5,1711279,200,187950,1
36133.52,1,1711957,1000,187510,1
36133.739,2,1711957,1000,187510,1
36133.895,2,1699166,1000,188590,-1
36134.521,1,1712726,600,187510,1
36134.522,1,1712729,1000,188590,-1
36134.677,2,1712726,600,187510,1
36135.521,1,1713486,1000,187510,1
36135.677,2,1713486,1000,187510,1
36135.865,1,1713831,500,187600,1
36137.82,2,1712729,1000,188590,-1
36137.978,2,1711214,800,187500,1
36137.98,1,1715617,900,188400,-1
36138.058,2,1679887,500,188600,-1
36138.066,1,1715698,500,188400,-1
36138.076,5,1714946,100,187990,-1
36138.522,1,1716120,1000,188390,-1
36138.563,1,1716153,1000,188100,-1
36138.578,2,1713831,500,187600,1
36140.817,2,1716120,1000,188390,-1
36142.386,1,1720067,500,187600,1
36143.341,1,1721281,23,187800,-1
36143.378,4,1721281,23,187800,-1
36143.382,2,1688450,200,189000,-1
36143.397,1,1721337,200,188300,-1
36143.419,2,1688512,300,186800,1
36143.437,1,1721375,300,185900,1
36143.949,1,1721968,900,187600,1
36144.032,2,1721968,900,187600,1
36145.524,1,1723657,1000,187610,1
36145.763,1,1723962,14,187800,-1
36145.806,4,1723962,14,187800,-1
36146.412,5,1724090,100,187990,-1
36146.86,2,1720067,500,187600,1
36148.411,2,1723657,1000,187610,1
36148.52,1,1726967,1000,187510,1
36148.534,1,1726983,900,187500,1
36148.629,2,1726967,1000,187510,1
36148.667,2,1715617,900,188400,-1
36149.521,1,1728027,1000,187510,1
36149.645,2,1728027,1000,187510,1
36150.261,1,1728795,15,187800,-1
36150.371,4,1728795,15,187800,-1
36150.371,5,1728870,985,187800,-1
36150.494,1,1729032,1000,188400,-1
36152.422,1,1731229,10,188000,-1
36152.439,4,1731229,10,188000,-1
36152.499,1,1731297,78,187800,-1
36152.535,4,1731297,78,187800,-1
36152.546,1,1731350,1000,187400,1
36154.872,2,1721337,200,188300,-1
36154.907,1,1734199,200,188500,-1
36155.528,1,1734837,1000,187510,1
36156.106,2,1729032,1000,188400,-1
36158.941,2,1734837,1000,187510,1
36159.319,2,1726983,900,187500,1
36159.52,1,1739254,900,187510,1
36165.552,2,1739254,900,187510,1
36166.52,1,1746072,400,187510,1
36167.523,1,1747108,100,187800,1
36168.598,2,1746072,400,187510,1
36170.881,1,1750561,1000,188000,-1
36171.51,4,1747108,73,187800,1
36171.732,2,1731350,1000,187400,1
36171.771,2,1734199,200,188500,-1
36171.799,1,1751615,200,188100,-1
36172.064,4,1747108,27,187800,1
36172.608,1,1752570,100,187900,-1
36172.82,2,1715698,500,188400,-1
36174.242,5,1753621,73,187750,1
36179.178,1,1758436,4000,199500,-1
36180.774,2,1751615,200,188100,-1
36180.798,1,1759993,200,188300,-1
36183.385,2,1752570,100,187900,-1
36183.526,1,1762808,1000,187990,-1
36186.378,2,1762808,1000,187990,-1
36189.518,1,1768765,1000,187700,1
36189.523,1,1768770,1000,187990,-1
36190.145,2,1768770,1000,187990,-1
36194.062,1,1773702,200,194500,-1
36199.05,4,1750561,1000,188000,-1
36200.522,1,1779419,1000,188090,-1
36201.678,1,1780453,600,188100,-1
36202.316,2,1779419,1000,188090,-1
36203.521,1,1782029,1000,188090,-1
36208.47,2,1759993,200,188300,-1
36208.478,1,1786639,200,188600,-1
36210.644,2,1782029,1000,188090,-1
36211.719,1,1790118,1000,187900,1
36212.802,2,1780453,600,188100,-1
36219.467,2,1786639,200,188600,-1
36219.47,1,1797526,200,189000,-1
36220.323,4,1716153,200,188100,-1
36221.045,4,1716153,800,188100,-1
36221.045,1,1799082,200,188100,1
36221.483,1,1799459,500,188800,-1
36221.52,1,1799487,1000,188790,-1
36222.268,1,1800300,100,188140,1
36222.298,1,1800325,100,188140,1
36224.146,2,1799082,200,188100,1
36225.262,2,1800300,100,188140,1
36225.265,2,1800325,100,188140,1
36225.523,1,1803307,1000,187910,1
36227.182,2,1799459,500,188800,-1
36227.832,2,1803307,1000,187910,1
36228.521,1,1806209,1000,187910,1
36229.635,1,1807244,1000,188600,-1
36229.66,2,1799487,1000,188790,-1
36229.693,1,1807310,1000,188590,-1
36230.707,2,1806209,1000,187910,1
36231.613,1,1809271,500,188600,-1
36234.091,2,1797526,200,189000,-1
36234.104,1,1811554,200,188400,-1
36235.176,2,1809271,500,188600,-1
36235.193,1,1812527,500,188400,-1
36237.661,2,1812527,500,188400,-1
36240.239,2,1666443,200,188800,-1
36240.26,1,1816442,200,188400,-1
36240.593,2,1811554,200,188400,-1
36240.625,1,1816824,100,188300,-1
36240.786,1,1817025,100,188300,-1
36241.033,2,1817025,100,188300,-1
36241.251,5,1815588,69,188050,1
36243.303,1,1819301,1000,188200,-1
36245.849,1,1821763,440,188000,1
36246.829,2,1816442,200,188400,-1
36246.833,1,1822581,200,188300,-1
36250.257,2,1816824,100,188300,-1
36250.266,1,1825606,100,188200,-1
36250.495,4,1821763,12,188000,1
36251.232,1,1826472,100,188200,-1
36253.861,4,1821763,35,188000,1
36254.458,2,1768765,1000,187700,1
36254.461,1,1829583,500,186200,1
36255.256,1,1830425,100,188160,-1
36255.511,1,1830672,500,185700,1
36255.77,1,1830945,500,185200,1
36255.847,2,1830425,100,188160,-1
36255.956,1,1831117,500,184700,1
36256.045,1,1831181,500,184200,1
36256.844,2,1825606,100,188200,-1
36256.861,1,1832051,100,188100,-1
36257.604,4,1821763,300,188000,1
36258.588,2,1822581,200,188300,-1
36258.592,1,1833718,200,188200,-1
36259.034,4,1821763,31,188000,1
36262.88,4,1821763,62,188000,1
36263.329,5,1838907,200,187950,1
36263.5,2,1807244,1000,188600,-1
36263.548,1,1839549,1100,188300,-1
36263.953,4,1790118,1000,187900,1
36264.049,1,1840204,500,187600,1
36265.245,1,1841702,100,187950,-1
36265.271,1,1841728,100,187950,-1
36265.857,1,1842598,200,187900,-1
36266.435,2,1832051,100,188100,-1
36266.441,1,1843328,100,188000,-1
36267.205,2,1840204,500,187600,1
36267.481,2,1833718,200,188200,-1
36267.508,1,1844650,100,188000,-1
36267.521,1,1844666,1000,187510,1
36267.737,2,1844666,1000,187510,1
36268.518,5,1843144,100,187850,-1
36268.518,5,1845488,600,187850,-1
36268.518,5,1843232,42,187880,-1
36268.518,4,1842598,200,187900,-1
36268.518,5,1843030,100,187900,-1
36268.518,5,1843034,958,187900,-1
36268.545,5,1844432,100,187900,-1
36268.635,5,1845937,57,187860,-1
36268.635,5,1846001,100,187890,-1
36268.635,5,1845917,100,187900,-1
36268.823,5,1846032,143,187860,-1
36269.131,5,1846032,300,187860,-1
36269.514,5,1845512,38,187650,1
36269.793,5,1845512,100,187650,1
36270.058,4,1589611,600,187500,1
36270.151,1,1847735,900,186600,1
36270.266,1,1847864,100,187500,1
36270.486,2,1807310,1000,188590,-1
36270.522,1,1848191,1000,187940,-1
36271.236,2,1826472,100,188200,-1
36272.221,4,1589611,47,187500,1
36272.221,4,1847864,11,187500,1
36272.276,4,1847864,89,187500,1
36272.521,1,1850508,1000,186610,1
36272.643,2,1848191,1000,187940,-1
36273.149,1,1851246,84,187700,-1
36273.203,4,1851246,84,187700,-1
36273.285,1,1851393,100,187400,1
36274.062,1,1852315,400,187500,-1
36274.062,1,1852317,1000,187600,-1
36274.093,4,1852315,316,187500,-1
36274.23,2,1851393,100,187400,1
36274.275,4,1852315,84,187500,-1
36274.275,1,1852573,16,187500,1
36274.304,2,1852317,1000,187600,-1
36274.383,2,1852573,16,187500,1
36274.518,1,1852846,300,187940,-1
36275.22,2,1852846,300,187940,-1
36275.273,1,1853555,900,187600,1
36275.379,4,1853555,800,187600,1
36275.44,4,1853555,100,187600,1
