34200.436,4,166746,461,205000,-1
34200.436,4,167536,539,205000,-1
34200.971,4,167536,300,205000,-1
34201.101,4,167536,2,205000,-1
34201.13,4,167536,7,205000,-1
34201.13,4,177044,90,205000,-1
34204.085,5,185995,200,205050,1
34204.444,1,186286,400,204000,1
34204.448,1,186290,300,205490,-1
34204.517,2,177999,500,202500,1
34204.645,2,186286,400,204000,1
34204.67,2,186290,300,205490,-1
34204.824,1,186609,1000,204200,1
34205.638,5,187159,200,205300,-1
34206.05,1,187591,2000,120000,1
34206.111,2,186609,1000,204200,1
34206.169,1,187664,500,204300,1
34206.359,5,187753,200,205100,1
34206.359,5,187755,300,205100,1
34206.361,2,187664,500,204300,1
34206.465,5,187409,88,205300,-1
34206.519,1,187936,900,204200,1
34206.816,2,187936,900,204200,1
34206.838,1,188145,85,205200,1
34207.053,1,188272,900,205490,-1
34207.218,5,188109,300,205400,-1
34207.218,5,186302,200,205440,-1
34207.258,4,188272,3,205490,-1
34207.415,2,188272,897,205490,-1
34208.122,4,188145,85,205200,1
34208.122,5,188475,200,205200,1
34208.122,5,188803,300,205200,1
34208.122,5,188384,500,205150,1
34208.122,5,188970,15,205120,1
34208.213,5,188970,900,205120,1
34208.276,5,188970,85,205120,1
34208.276,5,189089,115,205100,1
34208.717,5,189078,29,205400,-1
34208.729,5,189448,300,205380,-1
34208.864,5,189448,100,205380,-1
34209.137,5,189640,3,205250,-1
34209.31,5,189640,497,205250,-1
34209.31,5,189860,71,205300,-1
34209.456,1,189948,800,203900,1
34210.379,2,189948,800,203900,1
34210.42,1,190515,400,204000,1
34211.222,2,190515,400,204000,1
34211.278,1,191012,700,204010,1
34212.07,5,189448,40,205380,-1
34214.743,2,191012,700,204010,1
34214.786,1,193167,300,204020,1
34215.178,1,193377,1000,205490,-1
34215.893,2,193377,1000,205490,-1
34215.95,1,193998,500,205480,-1
34216.639,1,194679,82,205100,1
34219.551,2,194679,82,205100,1
34222.878,1,199285,500,205300,-1
34222.915,2,193998,500,205480,-1
34223.091,1,199434,1000,205290,-1
34225.968,1,201321,2100,205000,-1
34226.098,5,199604,171,204900,1
34228.289,1,202581,5000,205000,-1
34229.456,1,203161,4000,194900,1
34229.506,1,203197,4000,209500,-1
34230.077,5,202218,200,204980,-1
34230.823,2,76793,1000,200000,1
34231.882,2,181755,930,201100,1
34231.89,1,204359,930,202100,1
34236.806,5,206021,100,204900,1
34239.001,2,199285,500,205300,-1
34240.829,1,209042,100,204900,-1
34241.235,1,209309,226,204800,-1
34241.852,4,209309,226,204800,-1
34241.852,5,209064,274,204890,-1
34243.868,2,193167,300,204020,1
34243.941,1,210944,100,204030,1
34244.129,1,211060,583,175500,1
34245.357,5,211702,15,204700,-1
34245.357,5,209064,126,204890,-1
34245.357,4,209042,100,204900,-1
34245.357,5,210973,15,204900,-1
34245.718,1,211992,100,204900,-1
34246.307,4,211992,15,204900,-1
34247.284,1,212802,100,204900,-1
34250.612,2,210944,100,204030,1
34250.661,1,214599,1000,203400,1
34252.081,5,210581,200,204600,1
34252.081,5,213208,300,204600,1
34252.618,1,215576,500,203500,1
34252.701,2,214599,1000,203400,1
34252.767,1,215653,700,203510,1
34252.946,2,215653,700,203510,1
34252.997,1,215805,1000,203520,1
34253.293,2,199434,1000,205290,-1
34253.582,2,215805,1000,203520,1
34253.789,1,216157,500,203510,1
34253.814,2,216157,500,203510,1
34253.841,1,216183,500,204890,-1
34254.009,1,216251,1000,203510,1
34254.199,1,216351,1000,204700,-1
34254.413,2,216251,1000,203510,1
34254.456,1,216450,500,203520,1
34254.803,1,216627,100,204100,1
34254.844,2,216450,500,203520,1
34255.985,2,216183,500,204890,-1
34256.144,1,217302,400,204690,-1
34256.673,2,217302,400,204690,-1
34258.61,2,216351,1000,204700,-1
34258.883,1,218686,700,204890,-1
34260.291,2,202581,5000,205000,-1
34261.688,1,220296,50,209500,-1
34266.837,2,218686,700,204890,-1
34266.879,1,223321,1000,204890,-1
34269.076,1,224601,100,204200,1
34269.487,2,223321,1000,204890,-1
34269.548,2,224601,100,204200,1
34269.552,1,224962,100,204300,1
34269.581,1,224982,500,204890,-1
34272.762,5,224924,1000,204350,1
34273.189,5,224977,200,204350,1
34273.189,5,224979,200,204340,1
34273.189,5,226157,400,204320,1
34273.189,1,227013,200,204310,-1
34273.906,4,224962,100,204300,1
34274.294,1,227734,300,204110,1
34274.937,1,228094,100,204600,-1
34275.091,2,211992,85,204900,-1
34276.135,2,224982,500,204890,-1
34276.16,2,227734,300,204110,1
34276.19,2,227013,200,204310,-1
34276.542,1,228960,1000,204310,-1
34278.391,2,179592,45,195000,1
34278.539,2,228960,1000,204310,-1
34278.624,5,227229,300,204400,-1
34278.649,5,227233,100,204400,-1
34278.81,1,230428,5000,204500,-1
34278.86,1,230449,45,204000,1
34279.51,2,215576,500,203500,1
34279.518,1,230808,500,204100,1
34279.639,2,230808,500,204100,1
34280.477,1,231359,400,204110,1
34284.604,1,233601,85,204500,-1
34287.715,5,230868,500,204450,-1
34287.715,5,230307,89,204480,-1
34287.715,5,230440,200,204480,-1
34287.715,5,230441,200,204490,-1
34287.715,4,230428,4096,204500,-1
34287.744,4,230428,15,204500,-1
34287.981,1,235272,100,206500,-1
34288.127,4,230428,800,204500,-1
34288.49,4,230428,89,204500,-1
34288.49,4,233601,85,204500,-1
34288.821,2,231359,400,204110,1
34288.865,1,235678,1000,204110,1
34289.661,2,235678,1000,204110,1
34289.948,4,228094,100,204600,-1
34289.991,1,236181,1000,204110,1
34290.019,1,236192,400,204890,-1
34291.675,2,236181,1000,204110,1
34291.724,1,237076,100,204110,1
34291.814,2,237076,100,204110,1
34291.96,1,237232,1000,204110,1
34292.59,2,212802,100,204900,-1
34292.619,2,216627,100,204100,1
34292.891,2,236192,400,204890,-1
34292.95,1,237714,400,204990,-1
34297.355,2,237714,400,204990,-1
34297.502,1,240131,600,204990,-1
34297.726,2,240131,600,204990,-1
34297.894,1,240323,600,204990,-1
34298.226,2,240323,600,204990,-1
34298.287,1,240487,800,204990,-1
34305.27,1,243913,200,205000,-1
34307.151,5,241683,100,204600,1
34310.134,1,246470,500,204200,1
34310.258,2,237232,1000,204110,1
34310.304,1,246555,900,204210,1
34311.377,2,240487,800,204990,-1
34311.419,1,247171,500,204990,-1
34313.969,2,246555,900,204210,1
34314.168,1,248582,500,204210,1
34318.118,1,250509,100,202500,1
34321.219,2,247171,500,204990,-1
34321.249,2,248582,500,204210,1
34321.274,1,251719,900,204990,-1
34321.382,1,251780,200,204210,1
34321.658,2,251780,200,204210,1
34321.86,1,251950,500,204220,1
34321.954,2,251950,500,204220,1
34322.148,1,252105,200,204210,1
34325.194,1,254241,200,204700,-1
34327.11,2,252105,200,204210,1
34328.418,1,255911,1000,204210,1
34329.548,2,255911,1000,204210,1
34329.619,1,256491,300,204210,1
34335.089,2,256491,300,204210,1
34335.138,1,259300,1000,204210,1
34335.151,2,254241,200,204700,-1
34335.32,2,251719,900,204990,-1
34340.54,2,259300,1000,204210,1
34340.581,1,262413,200,204220,1
34340.652,2,246470,500,204200,1
34341.937,1,263210,200,204900,-1
34341.984,2,262413,200,204220,1
34342.019,1,263277,700,204230,1
34342.133,1,263347,200,204870,-1
34342.141,2,263210,200,204900,-1
34342.954,1,263735,200,204800,-1
34342.959,2,263347,200,204870,-1
34343.111,2,263277,700,204230,1
34343.153,1,263877,200,204010,1
34343.904,2,263735,200,204800,-1
34344.176,1,264394,200,204870,-1
34346.156,1,265373,200,204800,-1
34346.243,2,264394,200,204870,-1
34346.442,1,265536,200,204790,-1
34346.532,2,265373,200,204800,-1
34347.768,2,263877,200,204010,1
34347.801,1,266151,800,204010,1
34347.958,1,266197,100,204600,1
34347.999,1,266217,200,204780,-1
34348.094,2,265536,200,204790,-1
34348.367,1,266376,200,204770,-1
34348.46,2,266217,200,204780,-1
34351.696,4,266197,100,204600,1
34352.617,1,268325,200,204700,-1
34352.627,2,266151,800,204010,1
34352.661,1,268358,200,204010,1
34352.711,2,266376,200,204770,-1
34352.776,1,268448,100,204800,-1
34352.927,1,268515,100,204600,-1
34353.724,1,268933,200,204680,-1
34353.734,2,268325,200,204700,-1
34354.012,1,269071,200,204590,-1
34354.021,2,268933,200,204680,-1
34354.259,2,268515,100,204600,-1
34355.232,1,269655,200,204580,-1
34355.235,2,269071,200,204590,-1
34355.724,2,183049,2800,203000,1
34355.793,1,269930,200,204570,-1
34355.797,2,269655,200,204580,-1
34356.788,1,270519,200,204500,-1
34356.793,2,269930,200,204570,-1
34356.967,1,270593,200,204490,-1
34357.056,2,270519,200,204500,-1
34357.228,2,270593,200,204490,-1
34357.259,1,270722,500,204800,-1
34357.439,2,268358,200,204010,1
34357.486,1,270842,200,204510,-1
34357.509,2,270722,500,204800,-1
34357.517,1,270850,500,204600,-1
34357.584,1,270866,300,204010,1
34357.777,1,270957,200,204500,-1
34357.783,2,270842,200,204510,-1
34358.047,2,270866,300,204010,1
34358.081,1,271087,600,204010,1
34358.329,2,271087,600,204010,1
34359.3,2,270850,500,204600,-1
34359.303,1,271644,600,204010,1
34359.309,1,271652,500,204500,-1
34359.423,2,271652,500,204500,-1
34359.44,1,271726,2700,204800,-1
34359.441,2,271644,600,204010,1
34359.488,1,271762,300,204010,1
34359.675,1,271857,200,204400,-1
34359.801,2,270957,200,204500,-1
34360.127,2,271762,300,204010,1
34360.184,2,271857,200,204400,-1
34360.355,1,272254,600,204790,-1
34360.382,1,272275,400,204010,1
34360.408,1,272291,200,204500,-1
34360.595,2,272275,400,204010,1
34360.649,1,272402,200,204010,1
34360.672,1,272409,200,204400,-1
34360.681,2,272291,200,204500,-1
34360.736,2,272402,200,204010,1
34360.906,2,272409,200,204400,-1
34361.19,1,272708,200,204500,-1
34361.361,2,272708,200,204500,-1
34362.252,2,272254,600,204790,-1
34362.455,1,273250,1000,204790,-1
34364.327,1,274399,100,204400,-1
34367.785,5,276194,900,204350,-1
34367.785,4,274399,100,204400,-1
34367.836,5,276005,400,204400,-1
34367.836,5,276010,100,204400,-1
34367.851,1,276501,200,204010,1
34368.142,2,273250,1000,204790,-1
34368.193,1,276750,600,204790,-1
34368.669,2,276501,200,204010,1
34368.719,1,277018,600,204010,1
34369.673,2,276750,600,204790,-1
34370.094,2,277018,600,204010,1
34370.121,1,277643,500,203200,1
34370.175,1,277671,700,204010,1
34370.193,2,277643,500,203200,1
34370.202,1,277682,500,204000,1
34372.588,1,278801,100,204300,1
34372.638,2,277671,700,204010,1
34375.228,2,278801,100,204300,1
34375.269,1,279958,600,204010,1
34376.328,2,279958,600,204010,1
34376.381,1,280468,900,204010,1
34380.062,2,280468,900,204010,1
34380.121,1,282508,500,204010,1
34380.919,2,282508,500,204010,1
34380.957,1,283228,900,204020,1
34382.531,1,284512,500,209500,-1
34382.832,1,284762,400,204790,-1
34383.315,2,284762,400,204790,-1
34383.544,1,285294,700,204790,-1
34383.752,2,285294,700,204790,-1
34383.941,1,285569,400,204790,-1
34384.017,2,283228,900,204020,1
34384.162,1,285748,600,204010,1
34384.36,2,268448,100,204800,-1
34385.478,5,278322,100,204320,1
34385.478,5,279897,100,204320,1
34385.877,2,285569,400,204790,-1
34385.995,1,286942,600,204790,-1
34386.267,5,286684,200,204350,1
34386.267,2,286942,600,204790,-1
34386.302,1,287277,400,204790,-1
34386.554,2,287277,400,204790,-1
34387.031,2,285748,600,204010,1
34387.081,1,287919,1000,204010,1
34387.27,1,288052,1000,204790,-1
34387.673,2,287919,1000,204010,1
34387.706,1,288422,600,204020,1
34388.188,2,288422,600,204020,1
34388.253,1,288864,1000,204010,1
34388.384,1,289030,200,204600,-1
34388.606,2,289030,200,204600,-1
34388.741,1,289320,500,204800,-1
34388.832,2,288864,1000,204010,1
34388.865,1,289413,600,204020,1
34389.88,2,289413,600,204020,1
34389.918,1,290189,1000,204010,1
34392.671,2,290189,1000,204010,1
34392.722,1,292361,600,204010,1
34392.917,2,292361,600,204010,1
34392.957,1,292548,1000,204020,1
34419.793,2,243913,200,205000,-1
34420.079,2,289320,500,204800,-1
34420.109,2,292548,1000,204020,1
34420.143,1,312983,1000,204010,1
34420.391,2,312983,1000,204010,1
34420.585,1,313297,700,204010,1
34422.476,1,314633,100,204300,1
34423.833,2,314633,100,204300,1
34423.876,2,313297,700,204010,1
34424.326,1,316139,200,204500,-1
34424.482,1,316330,100,204200,1
34424.899,2,316139,200,204500,-1
34424.9,1,316665,200,204490,-1
34426.323,1,317751,200,204480,-1
34426.416,2,316665,200,204490,-1
34426.624,2,317751,200,204480,-1
34427.475,1,318440,200,204490,-1
34430.852,1,320859,200,204480,-1
34430.927,2,318440,200,204490,-1
34432.06,2,316330,100,204200,1
34432.26,1,321790,900,204010,1
34432.418,2,321790,900,204010,1
34432.936,5,316347,200,204210,1
34433.447,1,322567,100,204200,1
34434.801,5,316347,400,204210,1
34434.801,5,322571,600,204210,1
34434.841,2,320859,200,204480,-1
34439.612,1,327512,100,204300,-1
34439.712,2,322567,100,204200,1
34442.374,2,277682,500,204000,1
34442.391,1,329203,500,203100,1
34442.609,1,329342,200,204400,-1
34443.447,1,329919,1000,204300,-1
34444.837,4,327512,100,204300,-1
34446.354,2,329342,200,204400,-1
34450.362,1,336386,1000,204010,1
34450.393,2,329203,500,203100,1
34450.4,1,336416,500,204000,1
34450.772,4,329919,1000,204300,-1
34450.802,1,336737,500,204800,-1
34454.076,2,201321,2100,205000,-1
34455.542,2,336386,1000,204010,1
34455.581,1,340620,700,204010,1
34455.75,2,336416,500,204000,1
34456.245,2,340620,700,204010,1
34456.344,1,341313,1000,204010,1
34456.399,2,336737,500,204800,-1
34456.525,1,341493,500,204800,-1
34459.885,2,341313,1000,204010,1
34460.26,1,344371,1000,204010,1
34460.393,2,344371,1000,204010,1
34461.396,1,345323,200,204400,-1
34461.732,1,345624,100,204200,1
34462.062,1,345920,200,204390,-1
34462.156,2,345323,200,204400,-1
34462.324,2,345920,200,204390,-1
34462.739,2,345624,100,204200,1
34464.25,1,347501,200,204400,-1
34464.849,1,347994,200,204390,-1
34464.962,2,347501,200,204400,-1
34465.348,2,341493,500,204800,-1
34465.355,1,348352,500,204400,-1
34465.634,1,348535,200,204300,-1
34465.709,2,347994,200,204390,-1
34465.922,2,348352,500,204400,-1
34465.93,1,348748,500,204300,-1
34466.293,1,348992,200,204220,-1
34466.397,2,348535,200,204300,-1
34466.413,2,348748,500,204300,-1
34466.695,1,349293,200,204210,-1
34466.785,2,348992,200,204220,-1
34466.878,2,349293,200,204210,-1
34466.904,1,349454,500,204800,-1
34467.423,1,349866,200,204390,-1
34467.441,2,349454,500,204800,-1
34467.455,1,349883,500,204400,-1
34467.79,1,350112,200,204230,-1
34467.794,2,349866,200,204390,-1
34467.814,2,349883,500,204400,-1
34467.822,1,350137,500,204300,-1
34468.067,1,350281,200,204220,-1
34468.15,2,350112,200,204230,-1
34468.258,2,350281,200,204220,-1
34468.528,1,350579,200,204250,-1
34468.901,1,350857,200,204230,-1
34468.903,2,350579,200,204250,-1
34469.654,1,351454,200,204200,-1
34469.669,2,350857,200,204230,-1
34470.514,2,350137,500,204300,-1
34471.684,4,230449,45,204000,1
34471.721,1,352728,1000,203000,1
34472.464,2,284512,500,209500,-1
34472.761,1,353349,500,209500,-1
34475.448,1,355155,200,204190,-1
34475.532,2,351454,200,204200,-1
34476.856,5,356220,445,204100,1
34478.721,1,357512,200,204000,-1
34478.81,2,357512,200,204000,-1
34478.816,2,355155,200,204190,-1
34479.296,5,357671,100,203800,-1
34481.433,1,359593,100,203900,-1
34483.869,5,359613,400,203890,-1
34483.87,4,359593,100,203900,-1
34485.277,1,362126,550,204010,-1
34485.874,1,362548,500,203100,1
34485.897,2,362548,500,203100,1
34485.922,2,352728,1000,203000,1
34485.957,1,362602,1000,203010,1
34488.276,2,362126,550,204010,-1
34496.079,1,370061,200,204200,-1
34496.327,2,370061,200,204200,-1
34496.467,1,370382,200,204010,-1
34499.458,1,372782,200,203600,1
34499.467,2,370382,200,204010,-1
34499.59,1,372876,200,203800,-1
34499.642,2,372782,200,203600,1
34503.093,5,371606,100,203720,1
34503.246,5,371606,400,203720,1
34505.705,2,271726,2700,204800,-1
34513.772,1,383950,100,203600,1
34515.593,5,383973,500,203640,1
34515.593,5,383979,200,203620,1
34515.593,5,383981,200,203610,1
34515.607,4,383950,100,203600,1
34515.98,1,385496,500,203100,1
34516.03,2,362602,1000,203010,1
34516.087,1,385568,1000,203110,1
34516.094,2,385496,500,203100,1
34524.917,1,391426,200,203700,-1
34531.53,1,396455,200,203600,-1
34534.422,2,396455,200,203600,-1
34539.283,2,391426,200,203700,-1
34540.432,1,403609,2000,203600,-1
34548.154,2,403609,2000,203600,-1
34550.701,2,288052,1000,204790,-1
34550.736,1,411794,1000,203790,-1
34551.423,1,412357,200,203600,-1
34552.218,2,412357,200,203600,-1
34552.244,1,412886,500,203800,-1
34552.437,2,385568,1000,203110,1
34552.473,1,413082,500,202600,1
34552.561,2,413082,500,202600,1
34552.635,1,413166,1000,202510,1
34555.016,2,411794,1000,203790,-1
34555.048,1,414844,700,203790,-1
34555.313,2,414844,700,203790,-1
34555.442,1,415048,900,203790,-1
34556.118,2,415048,900,203790,-1
34556.171,1,415565,600,203790,-1
34556.24,5,415435,300,203300,1
34556.24,5,415597,100,203300,1
34556.327,2,412886,500,203800,-1
34556.705,2,415565,600,203790,-1
34556.753,1,416026,1000,203790,-1
34560.211,5,417842,1000,203120,1
34560.959,5,417842,500,203120,1
34562.92,2,416026,1000,203790,-1
34562.954,1,420258,700,203780,-1
34563.656,2,420258,700,203780,-1
34563.689,1,420776,1000,203770,-1
34565.771,2,420776,1000,203770,-1
34565.814,1,422267,800,203790,-1
34567.592,2,413166,1000,202510,1
34567.807,1,424265,800,202510,1
34567.873,2,424265,800,202510,1
34568.047,1,424473,900,202510,1
34568.072,2,424473,900,202510,1
34568.151,1,424550,600,202510,1
34568.672,2,424550,600,202510,1
34568.723,1,425000,1000,202510,1
34568.979,2,425000,1000,202510,1
34569.112,1,425328,700,202510,1
34570.807,1,426470,100,202600,1
34570.858,2,425328,700,202510,1
34571.084,1,426665,400,202610,1
34571.798,2,426665,400,202610,1
34574.612,1,429022,800,202610,1
34574.619,2,426470,100,202600,1
34574.688,2,429022,800,202610,1
34574.735,1,429081,700,202510,1
34574.849,5,429117,300,203000,1
34575.547,2,429081,700,202510,1
34575.58,1,429578,400,202520,1
34575.712,5,429619,100,202800,1
34576.079,2,429578,400,202520,1
34576.128,1,429931,800,202510,1
34576.264,2,429931,800,202510,1
34576.415,1,430160,900,202510,1
34576.554,2,430160,900,202510,1
34577.923,2,250509,100,202500,1
34578.781,5,431648,100,202700,-1
34578.781,1,431746,200,202700,1
34579.41,2,431746,200,202700,1
34581.351,1,433395,100,202600,1
34581.556,5,433441,900,202650,1
34581.556,5,433446,200,202630,1
34581.556,5,433401,100,202610,1
34581.571,5,433401,300,202610,1
34581.571,4,433395,100,202600,1
34581.581,5,433303,300,202550,1
34581.581,4,106055,500,202500,1
34581.872,5,433528,900,202550,1
34581.872,4,106055,62,202500,1
34581.872,5,433339,38,202500,1
34581.92,1,433757,1000,202110,1
34582.287,1,433945,500,202200,1
34582.326,2,433757,1000,202110,1
34582.361,1,433987,1000,202210,1
34582.362,2,433945,500,202200,1
34582.528,1,434117,1000,202700,-1
34583.564,2,434117,1000,202700,-1
34583.566,1,434749,1000,202600,-1
34583.97,2,434749,1000,202600,-1
34583.972,1,435025,1000,202500,-1
34584.157,1,435163,700,202400,1
34584.739,4,435025,200,202500,-1
34584.898,4,435025,100,202500,-1
34585.315,4,435025,50,202500,-1
34585.661,4,435025,148,202500,-1
34586.72,2,435025,502,202500,-1
34586.723,1,436825,502,202600,-1
34587.086,1,437064,100,202500,1
34587.533,2,436825,502,202600,-1
34587.555,1,437337,500,203600,-1
34587.584,2,437337,500,203600,-1
34587.597,2,422267,800,203790,-1
34587.752,1,437481,1000,203590,-1
34588.05,1,437642,100,202500,1
34589.421,5,437977,100,202700,-1
34589.488,2,437642,100,202500,1
34590.305,2,435163,700,202400,1
34590.639,1,439252,100,202610,1
34592.328,4,439252,100,202610,1
34592.424,1,440488,400,202620,1
34592.616,4,440488,100,202620,1
34592.76,4,440488,300,202620,1
34592.791,5,438594,60,202520,1
34593.45,2,433987,1000,202210,1
34594.403,2,437064,100,202500,1
34597.665,1,443959,1000,200000,1
34601.68,1,446454,60,202900,-1
34601.718,2,437481,1000,203590,-1
34601.769,1,446514,1000,202890,-1
34603.603,1,447588,1000,202300,1
34603.959,4,447588,1000,202300,1
34604.099,5,447709,100,202200,1
34604.099,4,204359,800,202100,1
34604.878,4,204359,100,202100,1
34606.207,2,204359,30,202100,1
34606.347,2,446454,60,202900,-1
34608.343,1,451227,100,202100,1
34609.332,1,451897,500,202100,1
34612.176,4,451227,100,202100,1
34612.176,4,451897,500,202100,1
34613.993,1,454431,600,202000,1
34616.738,1,456024,500,202900,-1
34616.762,1,456042,100,202100,1
34616.793,2,456024,500,202900,-1
34617.037,4,456042,100,202100,1
34617.037,1,456246,100,202100,-1
34617.087,1,456267,4250,195100,1
34617.728,2,454431,600,202000,1
34617.749,5,456639,100,202080,-1
34618.176,5,456639,100,202080,-1
34618.482,2,446514,1000,202890,-1
34618.526,1,457223,600,202000,1
34618.624,4,456246,100,202100,-1
34618.835,1,457423,1000,203100,-1
34619.798,1,458300,100,202100,1
34620.464,5,458332,200,202150,1
34620.464,4,458300,100,202100,1
34622.309,1,460099,500,201710,1
34622.349,1,460126,100,202100,1
34622.421,2,457423,1000,203100,-1
34622.461,1,460169,900,203300,-1
34623.386,4,460126,70,202100,1
34623.509,4,460126,30,202100,1
34623.509,5,460641,1000,202100,1
34624.018,2,460099,500,201710,1
34624.046,1,461160,500,202010,1
34625.425,1,462226,100,202200,1
34625.916,4,462226,100,202200,1
34626.722,1,463311,100,202100,-1
34626.74,2,457223,600,202000,1
34626.746,4,463311,62,202100,-1
34628.133,1,464668,500,202000,1
34628.334,1,464851,200,202220,-1
34628.369,4,463311,38,202100,-1
34628.369,1,464888,62,202100,1
34628.433,2,461160,500,202010,1
34628.581,2,464851,200,202220,-1
34630.363,1,466496,200,202230,-1
34631.032,2,466496,200,202230,-1
34635.963,1,470496,7500,200200,1
34636.012,1,470551,100,202100,1
34636.557,1,470948,200,202260,-1
34636.653,2,464668,500,202000,1
34644.011,1,475922,200,202240,-1
34644.099,2,470948,200,202260,-1
34644.227,1,476065,1000,202100,1
34646.171,4,464888,62,202100,1
34646.171,4,470551,100,202100,1
34646.171,4,476065,1000,202100,1
34647.253,2,475922,200,202240,-1
34647.296,1,477935,500,203100,-1
34647.35,2,460169,900,203300,-1
34647.405,1,478007,1000,203090,-1
34648.146,4,76890,500,202000,1
34648.176,1,478475,300,200500,1
34648.187,1,478480,1000,201010,1
34648.209,2,478475,300,200500,1
34648.227,1,478511,300,201000,1
34648.245,2,478511,300,201000,1
34648.264,1,478528,300,201100,1
34648.412,2,478480,1000,201010,1
34648.463,1,478650,1000,201110,1
34648.479,2,478528,300,201100,1
34648.506,1,478692,300,201100,1
34648.548,2,478692,300,201100,1
34648.566,1,478726,300,201200,1
34648.628,2,478650,1000,201110,1
34648.672,1,478800,1000,201210,1
34648.692,2,478726,300,201200,1
34648.724,1,478832,300,201200,1
34648.748,2,478832,300,201200,1
34648.764,1,478854,300,201300,1
34648.845,2,478800,1000,201210,1
34648.881,1,478941,1000,201310,1
34648.918,2,478854,300,201300,1
34648.934,1,478970,300,201400,1
34648.972,1,478993,200,202140,-1
34648.982,2,478941,1000,201310,1
34648.994,2,477935,500,203100,-1
34649.002,1,479012,500,202200,-1
34649.015,1,479020,1000,201410,1
34649.033,2,478970,300,201400,1
34649.054,1,479035,300,201400,1
34649.075,2,479035,300,201400,1
34649.093,1,479068,300,201500,1
34649.122,1,479086,2100,202100,-1
34649.149,2,478993,200,202140,-1
34649.173,2,479020,1000,201410,1
34649.204,1,479149,1000,201510,1
34649.23,2,479068,300,201500,1
34649.251,1,479186,300,201600,1
34649.411,2,479149,1000,201510,1
34649.455,1,479310,1000,201610,1
34649.476,2,479186,300,201600,1
34649.496,1,479344,300,201600,1
34649.537,2,479344,300,201600,1
34649.556,1,479389,300,201700,1
34649.611,2,479310,1000,201610,1
34649.643,1,479452,1000,201710,1
34650.181,5,479109,100,202060,-1
34650.774,2,372876,200,203800,-1
34651.37,2,220296,50,209500,-1
34651.42,1,480771,500,202000,-1
34651.52,5,480817,100,201980,-1
34652.156,5,480817,48,201980,-1
34652.876,5,480817,52,201980,-1
34652.876,5,480819,48,201990,-1
34655.642,5,480819,152,201990,-1
34655.642,4,480771,48,202000,-1
34656.599,4,480771,100,202000,-1
34657.247,4,480771,200,202000,-1
34657.367,2,470496,7500,200200,1
34657.985,4,480771,152,202000,-1
34659.338,1,486913,200,202100,-1
34660.69,1,487994,400,202000,1
34660.711,2,479012,500,202200,-1
34663.166,4,487994,200,202000,1
34663.983,4,487994,200,202000,1
34664.842,2,486913,200,202100,-1
34666.646,2,479086,2100,202100,-1
34668.659,1,493645,100,202000,1
34672.648,5,493659,200,202050,1
34673.137,2,493645,100,202000,1
34673.601,2,479452,1000,201710,1
34673.64,1,497441,500,201710,1
34673.702,2,497441,500,201710,1
34675.281,1,498755,100,202000,-1
34675.87,2,479389,300,201700,1
34675.933,1,499188,1000,201010,1
34676.738,1,499653,500,201100,1
34676.785,2,499653,500,201100,1
34676.808,2,499188,1000,201010,1
34676.843,1,499727,1000,201020,1
34677.449,5,496629,200,201760,1
34677.449,5,498932,500,201700,1
34677.449,5,499013,100,201700,1
34677.66,2,498755,100,202000,-1
34679.285,1,501332,200,202100,-1
34679.377,2,501332,200,202100,-1
34680.211,1,502196,100,201200,1
34680.273,2,499727,1000,201020,1
34680.307,1,502286,1000,201210,1
34680.558,1,502512,100,201700,-1
34680.825,1,502743,500,201100,1
34681.703,2,502512,100,201700,-1
34689.084,1,509163,100,201500,1
34689.282,1,509298,300,204000,-1
34689.287,1,509306,200,200800,1
34689.35,5,509180,200,201540,1
34689.35,5,509175,400,201510,1
34689.35,4,509163,100,201500,1
34689.544,2,502286,1000,201210,1
34689.596,1,509587,700,201210,1
34689.654,2,509587,700,201210,1
34690.1,1,510003,90,201500,-1
34690.711,1,510409,500,202500,-1
34694.093,2,509298,300,204000,-1
34694.098,1,512504,200,203900,-1
34701.125,2,510409,500,202500,-1
34701.77,2,502743,500,201100,1
34701.851,1,518110,5000,201000,1
34702.831,1,518807,100,201300,1
34702.897,5,515316,600,201450,-1
34703.114,5,515316,200,201450,-1
34703.415,1,519189,100,201300,1
34704.008,2,519189,100,201300,1
34704.412,1,519862,500,201400,1
34704.491,1,519931,100,201400,1
34705.177,4,510003,90,201500,-1
34706.31,2,519931,100,201400,1
34706.962,5,520484,10,201500,-1
34708.798,5,520484,90,201500,-1
34708.798,1,522898,410,201500,1
34709.146,1,523101,100,201500,1
34711.563,2,518807,100,201300,1
34711.99,2,523101,100,201500,1
34712.336,1,525252,400,20120000,-1
34712.771,2,519862,500,201400,1
34713.416,4,522898,100,201500,1
34714.496,2,522898,310,201500,1
34714.535,1,526937,400,201200,1
34715.58,2,509306,200,200800,1
34715.584,1,527924,200,200300,1
34715.91,1,528153,100,201400,1
34718.178,1,530098,5000,201500,1
34722.791,4,530098,2102,201500,1
34723.687,1,534495,300,201600,-1
34724.762,4,534495,100,201600,-1
34725.23,4,534495,200,201600,-1
34725.23,5,529585,100,201600,-1
34726.63,5,535651,100,201540,1
34726.63,4,530098,900,201500,1
34727.068,1,536911,100,201600,1
34728.066,4,536911,100,201600,1
34729.342,2,528153,100,201400,1
34730.776,1,539739,1000,201000,1
34731.036,1,539898,500,202600,-1
34731.074,2,478007,1000,203090,-1
34731.109,1,539937,1000,202590,-1
34732.578,4,530098,1998,201500,1
34732.627,1,540793,1000,201210,1
34733.044,2,540793,1000,201210,1
34733.852,1,541564,100,201570,-1
34735.19,5,541581,82,201530,-1
34737.778,2,525252,400,20120000,-1
34739.948,1,545953,600,201210,1
34740.28,2,545953,600,201210,1
34740.343,1,546235,1000,201210,1
34740.393,1,546267,500,201200,1
34745.175,1,550176,100,201500,1
34745.84,2,546235,1000,201210,1
34745.925,1,550811,100,201510,-1
34748.923,2,550811,100,201510,-1
34749.787,4,550176,100,201500,1
34749.828,1,554201,1000,201210,1
34752.31,2,554201,1000,201210,1
34752.321,2,546267,500,201200,1
34752.952,2,512504,200,203900,-1
34752.957,2,527924,200,200300,1
34753.733,1,557761,3500,201200,1
34756.628,2,526937,400,201200,1
34756.662,1,560527,400,201300,1
34759.459,2,560527,400,201300,1
34761.211,2,539898,500,202600,-1
34761.219,1,563891,500,201600,-1
34762.006,2,563891,500,201600,-1
34762.216,1,564707,200,201500,-1
34762.811,1,565324,200,201400,-1
34762.829,2,564707,200,201500,-1
34763.7,4,502196,100,201200,1
34763.7,4,557761,1890,201200,1
34763.81,2,565324,200,201400,-1
34763.911,4,557761,500,201200,1
34764.033,4,557761,100,201200,1
34764.066,4,557761,500,201200,1
34764.191,4,557761,500,201200,1
34764.342,4,557761,10,201200,1
34764.944,2,541564,100,201570,-1
34765.109,1,567347,200,201400,-1
34765.221,1,567431,200,201380,-1
34765.227,2,567347,200,201400,-1
34765.429,1,567604,1000,201290,1
34765.464,4,567604,200,201290,1
34765.775,4,567604,120,201290,1
34765.79,4,567604,200,201290,1
34765.871,1,567943,200,201370,-1
34765.906,4,567604,480,201290,1
34766.025,2,567431,200,201380,-1
34766.21,2,567943,200,201370,-1
34766.895,1,568774,100,201290,-1
34767.854,2,568774,100,201290,-1
34769.237,1,570800,100,201280,-1
34770.483,1,571948,200,220000,-1
34771.238,2,570800,100,201280,-1
34772.074,1,573278,100,201200,-1
34772.836,1,574017,91,201100,-1
34772.884,2,353349,500,209500,-1
34773.18,4,27605,50,201000,1
34773.18,4,518110,111,201000,1
34773.443,4,518110,3000,201000,1
34773.504,2,573278,100,201200,-1
34773.776,4,518110,900,201000,1
34773.808,4,518110,14,201000,1
34774.227,1,575327,2000,382500,-1
34774.29,1,575370,100,201100,-1
34776.819,1,577943,400,201010,-1
34777.55,4,577943,100,201010,-1
34777.803,4,518110,14,201000,1
34777.861,4,518110,900,201000,1
34777.877,4,518110,61,201000,1
34777.877,4,539739,139,201000,1
34779.496,2,575370,100,201100,-1
34779.825,2,577943,300,201010,-1
34779.953,1,580934,300,201010,-1
34780.274,2,539937,1000,202590,-1
34781.955,2,580934,300,201010,-1
34785.886,1,586652,200,201100,-1
34785.904,4,539739,400,201000,1
34786.422,1,587179,100,201100,-1
34786.938,4,539739,461,201000,1
34787.549,1,588209,2000,200000,1
34788.168,2,587179,100,201100,-1
34788.221,2,586652,200,201100,-1
34788.745,1,589190,400,200500,1
34789.807,1,590110,100,200990,-1
34791.114,5,590894,100,200950,-1
34791.12,2,589190,400,200500,1
34791.31,1,591234,400,200500,1
34792.074,1,591757,100,200900,-1
34792.411,2,590110,100,200990,-1
34793.598,2,591234,400,200500,1
34797.185,1,595962,20,200700,1
34797.514,1,596252,1500,200900,-1
34798.152,2,574017,91,201100,-1
34798.486,4,595962,20,200700,1
34798.486,5,596469,71,200650,1
34799.158,2,588209,2000,200000,1
34799.627,2,596252,1500,200900,-1
34799.63,1,597836,1500,200700,-1
34802.02,2,591757,100,200900,-1
34807.204,5,603558,900,200670,-1
34807.204,5,597868,200,200690,-1
34807.204,4,597836,100,200700,-1
34808.726,1,605041,35,200600,-1
34808.844,1,605134,2000,201000,-1
34811.936,1,607924,200,202200,-1
34811.942,1,607933,300,199100,1
34812.781,1,608670,100,200600,-1
34813.122,2,443959,1000,200000,1
34813.733,2,597836,1400,200700,-1
34813.735,1,609454,1400,200600,-1
34814.073,4,605041,35,200600,-1
34814.073,4,608670,100,200600,-1
34814.073,4,609454,65,200600,-1
34814.366,4,609454,1335,200600,-1
34814.5,1,610171,500,201000,-1
34814.798,1,610402,100,200600,1
34815.164,1,610726,200,200730,-1
34815.257,2,610726,200,200730,-1
34816.088,1,611634,25,200690,1
34816.526,2,610171,500,201000,-1
34816.853,1,612249,500,200700,1
34816.994,1,612367,500,200700,1
34817.37,2,607933,300,199100,1
34817.39,1,612673,200,199700,1
34817.607,1,612839,200,203400,-1
34817.888,1,613077,200,200820,-1
34817.976,1,613127,200,200810,-1
34818.067,2,613077,200,200820,-1
34818.472,2,613127,200,200810,-1
34819.085,2,611634,25,200690,1
34821.529,1,616191,100,200700,1
34822.125,2,616191,100,200700,1
34822.974,1,617452,100,200810,1
34824.393,4,617452,100,200810,1
34824.702,2,610402,100,200600,1
34832.807,1,625732,1000,201500,-1
34836.195,2,575327,2000,382500,-1
34837.551,1,629975,200,200900,-1
34838.019,1,630414,200,200880,-1
34838.028,2,629975,200,200900,-1
34840.026,5,619839,500,200710,1
34840.714,5,619839,100,200710,1
34840.902,2,630414,200,200880,-1
34851.759,1,641699,100,203000,-1
34857.359,1,646770,100,200700,1
34859.354,2,607924,200,202200,-1
34859.38,1,648672,300,204000,-1
34862.269,1,651970,100,200800,1
34863.166,4,605134,100,201000,-1
34863.428,4,605134,100,201000,-1
34863.832,4,605134,100,201000,-1
34863.888,4,605134,200,201000,-1
34864.026,4,605134,1000,201000,-1
34864.52,4,605134,500,201000,-1
34864.557,1,653972,500,201500,-1
34864.594,1,653997,1000,201490,-1
34866.956,5,654488,200,201000,1
34867.022,1,656248,100,200800,1
34867.145,2,651970,100,200800,1
34867.553,2,656248,100,200800,1
34867.59,1,656804,3000,200700,1
34868.308,1,657373,100,200800,1
34870.846,1,660138,50,200900,1
34872.076,2,657373,100,200800,1
34872.28,2,646770,100,200700,1
34873.216,2,653997,1000,201490,-1
34873.254,1,662758,700,201480,-1
34873.469,2,662758,700,201480,-1
34873.54,1,663006,1000,201490,-1
34873.717,2,663006,1000,201490,-1
34873.779,1,663265,600,201480,-1
34873.884,1,663367,100,200910,1
34873.932,2,656804,3000,200700,1
34873.94,1,663432,1000,200700,1
34874.505,2,663265,600,201480,-1
34874.546,1,663979,300,201470,-1
34875.308,2,653972,500,201500,-1
34875.507,2,663979,300,201470,-1
34875.728,1,665101,600,201460,-1
34875.754,2,665101,600,201460,-1
34875.919,1,665318,300,201490,-1
34876.314,2,663367,100,200910,1
34876.549,2,660138,50,200900,1
34876.599,1,665900,1000,200710,1
34876.627,2,665318,300,201490,-1
34876.884,1,666169,100,201000,1
34877.478,1,666654,600,201490,-1
34878.103,2,666654,600,201490,-1
34878.321,1,667403,500,201490,-1
34878.468,2,667403,500,201490,-1
34878.746,1,667830,100,201100,1
34880.202,1,669103,1000,201490,-1
34880.362,5,665026,50,201190,-1
34880.627,2,625732,1000,201500,-1
34881.164,2,669103,1000,201490,-1
34881.189,1,669947,3000,203000,-1
34881.282,1,670035,1000,202200,-1
34883.079,5,669997,200,201150,1
34883.079,5,670000,20,201140,1
34883.509,2,667830,100,201100,1
34884.025,2,663432,1000,200700,1
34884.047,1,672545,1000,201000,1
34884.487,1,672931,1000,201000,1
34885.894,2,648672,300,204000,-1
34885.899,2,612673,200,199700,1
34885.926,1,674348,300,206200,-1
34885.93,1,674349,100,200500,1
34889.258,2,674348,300,206200,-1
34889.26,2,674349,100,200500,1
34889.588,2,666169,100,201000,1
34889.925,2,672545,1000,201000,1
34896.088,5,678025,100,201180,-1
34897.785,1,683434,100,201200,-1
34898.912,4,683434,100,201200,-1
34899.248,1,684703,200,201300,-1
34899.527,5,684785,500,201200,1
34899.612,1,685025,100,201100,1
34899.851,2,670035,1000,202200,-1
34900.476,2,684703,200,201300,-1
34900.516,1,685828,1000,202190,-1
34901.095,5,685820,100,201140,1
34901.284,1,686558,200,201200,-1
34901.453,4,685025,100,201100,1
34901.453,1,686678,400,201100,-1
34901.572,2,612367,500,200700,1
34901.579,2,612249,500,200700,1
34901.835,2,686558,200,201200,-1
34902.747,1,687955,200,201100,-1
34902.858,2,687955,200,201100,-1
34903.243,1,688403,200,201190,-1
34903.367,1,688529,100,201000,1
34903.427,5,686722,318,201060,-1
34903.427,4,686678,182,201100,-1
34903.842,4,686678,218,201100,-1
34903.842,5,688606,282,201100,-1
34904.111,1,689247,200,201100,-1
34904.194,2,688403,200,201190,-1
34905.341,2,685828,1000,202190,-1
34905.468,2,688529,100,201000,1
34908.059,1,692793,9000,200900,1
34909.16,4,672931,1000,201000,1
34909.893,2,692793,9000,200900,1
34909.927,1,694266,1000,200700,1
34911.848,2,665900,1000,200710,1
34912.992,1,696808,200,201090,-1
34913.129,2,689247,200,201100,-1
34913.705,1,697512,200,201000,-1
34913.836,2,696808,200,201090,-1
34914.966,2,694266,1000,200700,1
34914.992,1,698715,1000,200500,1
34915.014,1,698747,1000,200510,1
34915.895,5,698773,200,200980,-1
34916.751,2,697512,200,201000,-1
34916.771,1,700173,500,202000,-1
34916.795,1,700193,1000,202000,-1
34916.95,1,700324,200,201090,-1
34917.166,2,700193,1000,202000,-1
34917.224,2,700173,500,202000,-1
34917.519,2,700324,200,201090,-1
34917.577,1,700793,600,202000,-1
34917.838,2,700793,600,202000,-1
34917.862,1,700990,200,201100,-1
34917.912,1,701028,800,202100,-1
34920.242,2,700990,200,201100,-1
34920.261,2,669947,3000,203000,-1
34920.278,1,703110,3000,202100,-1
34920.316,2,701028,800,202100,-1
34920.37,1,703210,400,202090,-1
34920.545,1,703394,1000,200100,1
34920.58,2,703210,400,202090,-1
34920.624,1,703478,800,202080,-1
34922.955,2,703110,3000,202100,-1
34924.021,1,706782,100,201000,1
34924.557,2,698747,1000,200510,1
34924.593,5,704934,500,201280,-1
34924.937,1,707771,500,201390,1
34925.623,1,708334,100,201500,1
34925.643,1,708353,100,201400,1
34926.625,5,708352,200,201550,1
34926.625,5,708975,500,201540,1
34926.625,4,708334,100,201500,1
34926.754,2,708353,100,201400,1
34926.878,5,709149,100,201500,-1
34927.007,1,709494,200,201600,-1
34927.825,2,709494,200,201600,-1
34927.923,1,710377,100,201510,1
34927.939,2,707771,500,201390,1
34928.211,1,710637,200,201700,-1
34930.811,2,710637,200,201700,-1
34931.412,2,710377,100,201510,1
34931.438,2,698715,1000,200500,1
34931.455,1,713760,1000,201000,1
34931.466,1,713775,1000,201010,1
34931.608,1,713890,100,201600,-1
34932.312,1,714647,200,201700,-1
34935.758,1,717475,500,201100,1
34935.781,2,713760,1000,201000,1
34935.8,1,717509,1000,201100,1
34935.883,2,713775,1000,201010,1
34935.921,1,717620,1000,201110,1
34936.141,5,717541,100,201580,-1
34936.604,5,710434,400,201500,1
34936.604,5,717964,100,201500,1
34936.716,5,718134,500,201500,-1
34939.399,1,720448,1000,200000,1
34940.108,2,26882,200,207000,-1
34941.822,5,717541,100,201580,-1
34942.815,5,717541,700,201580,-1
34942.874,5,717541,1000,201580,-1
34942.998,2,703478,800,202080,-1
34943.275,2,706782,100,201000,1
34943.392,5,717646,200,201580,-1
34943.392,5,717649,120,201590,-1
34943.392,4,713890,100,201600,-1
34944.156,5,714641,200,201690,-1
34944.156,4,714647,200,201700,-1
34944.194,1,723902,3000,203000,-1
34944.2,1,723907,900,202690,-1
34944.592,1,724159,200,201790,-1
34944.723,2,724159,200,201790,-1
34945.102,1,724559,200,201800,-1
34945.211,1,724659,200,201790,-1
34945.308,2,724559,200,201800,-1
34946.006,2,724659,200,201790,-1
34946.225,1,725552,200,201890,-1
34946.348,1,725633,100,201600,1
34946.407,2,725552,200,201890,-1
34946.728,1,725987,200,201890,-1
34947.295,1,726462,200,201500,1
34947.42,2,725987,200,201890,-1
34947.464,1,726606,500,202700,-1
34947.728,1,726823,200,201520,1
34948.376,2,726462,200,201500,1
34948.624,2,726606,500,202700,-1
34949.054,1,727870,200,201620,1
34949.065,2,726823,200,201520,1
34949.158,2,725633,100,201600,1
34949.393,2,727870,200,201620,1
34949.616,5,725581,100,201900,-1
34950.488,2,717475,500,201100,1
34951.094,1,729724,200,202100,-1
34951.954,2,723902,3000,203000,-1
34953.415,1,732011,200,201600,1
34953.424,2,729724,200,202100,-1
34953.436,2,717509,1000,201100,1
34953.469,1,732072,1000,201600,1
34954.279,1,733080,200,201700,1
34954.353,2,732011,200,201600,1
34955.282,1,734147,39,201900,-1
34955.413,1,734289,200,201710,1
34955.543,2,733080,200,201700,1
34955.557,2,734289,200,201710,1
34957.143,1,735824,200,202000,-1
34957.406,2,717620,1000,201110,1
34957.41,4,734147,39,201900,-1
34957.451,1,736109,1000,201610,1
34958.023,2,735824,200,202000,-1
34958.155,2,736109,1000,201610,1
34958.187,1,736716,500,201620,1
34958.298,1,736794,100,198500,1
34958.32,5,736651,100,201910,1
34958.436,1,736885,200,202100,-1
34958.697,2,736716,500,201620,1
34958.755,1,737167,900,201610,1
34959.215,2,736885,200,202100,-1
34959.507,1,737793,200,202200,-1
34960.284,2,737167,900,201610,1
34960.325,1,738378,600,201610,1
34960.815,1,738770,500,202100,-1
34961.307,2,738378,600,201610,1
34961.437,1,739333,900,201610,1
34962.397,2,737793,200,202200,-1
34964.554,1,742081,200,201900,1
34965.33,4,738770,500,202100,-1
34965.835,2,742081,200,201900,1
34969.161,1,746161,200,202020,1
34969.345,2,720448,1000,200000,1
34970.559,1,747171,100,202110,1
34970.918,2,723907,900,202690,-1
34970.959,1,747531,1000,202990,-1
34971.427,2,746161,200,202020,1
34971.471,1,747830,200,202300,-1
34971.888,5,747829,200,202290,-1
34971.888,4,747830,100,202300,-1
34972.135,2,747531,1000,202990,-1
34972.382,2,747830,100,202300,-1
34972.436,1,748629,1000,202990,-1
34972.512,2,747171,100,202110,1
34972.802,1,748936,200,202400,-1
34973.82,1,749715,300,204800,-1
34973.824,1,749717,200,200900,1
34975.447,1,750878,100,202210,1
34975.636,2,748629,1000,202990,-1
34976.328,2,748936,200,202400,-1
34976.374,1,751527,1000,202990,-1
34976.552,1,751648,200,202500,-1
34978.676,5,751679,100,202230,1
34979.115,5,751679,100,202230,1
34979.237,1,753833,200,202490,-1
34979.31,2,751648,200,202500,-1
34980.542,5,751681,100,202220,1
34980.948,1,755286,200,202400,-1
34981.043,1,755388,200,202480,-1
34981.108,2,753833,200,202490,-1
34981.793,1,756064,200,202470,-1
34981.805,2,755388,200,202480,-1
34983.022,2,750878,100,202210,1
34983.052,1,757234,500,201700,1
34983.075,2,732072,1000,201600,1
34983.104,1,757275,1000,201700,1
34983.108,2,739333,900,201610,1
34983.157,1,757322,1000,201710,1
34983.537,2,757234,500,201700,1
34983.721,5,757290,200,202350,-1
34983.721,5,755392,218,202360,-1
34983.721,5,757292,100,202360,-1
34983.721,5,753515,1000,202380,-1
34983.721,5,754355,50,202390,-1
34983.721,1,757757,4232,202390,1
34983.749,4,757757,500,202390,1
34983.752,4,757757,500,202390,1
34983.784,4,757757,500,202390,1
34983.894,4,757757,400,202390,1
34983.986,2,756064,200,202470,-1
34985.386,1,759213,100,202310,1
34985.401,4,755286,200,202400,-1
34985.425,1,759249,500,203000,-1
34986.311,2,759213,100,202310,1
34986.721,2,757757,2332,202390,1
34987.423,2,751527,1000,202990,-1
34987.905,2,759249,500,203000,-1
34988.309,1,761705,100,202310,1
34988.508,1,761881,200,202500,-1
34989.041,2,761881,200,202500,-1
34989.56,1,762830,200,202600,-1
34991.332,2,761705,100,202310,1
34991.383,1,764612,500,203100,-1
34991.568,1,764824,500,203100,-1
34991.792,1,765053,500,203100,-1
34992.142,1,765484,200,202590,-1
34992.146,2,762830,200,202600,-1
34992.204,2,765484,200,202590,-1
34992.263,1,765617,600,202990,-1
34992.951,2,765053,500,203100,-1
34992.953,2,764824,500,203100,-1
34992.955,2,764612,500,203100,-1
34993.102,2,765617,600,202990,-1
34993.159,1,766551,1000,202980,-1
34993.571,1,766915,500,203500,-1
34993.905,2,766551,1000,202980,-1
34993.941,1,767261,600,202970,-1
34997.2,2,767261,600,202970,-1
34997.233,1,770166,900,202990,-1
34997.729,1,770609,200,202590,-1
35000.386,5,771074,2100,202480,-1
35001.403,2,770609,200,202590,-1
35002.262,1,774134,1100,202800,-1
35002.323,2,770166,900,202990,-1
35002.357,1,774218,800,202790,-1
35002.565,2,766915,500,203500,-1
35002.776,2,757322,1000,201710,1
35002.803,2,774218,800,202790,-1
35002.834,1,774525,600,201710,1
35002.866,1,774549,400,202790,-1
35002.949,2,774525,600,201710,1
35003.08,1,774703,200,202500,-1
35003.15,1,774757,900,201720,1
35003.177,2,774549,400,202790,-1
35003.504,1,774969,200,202490,-1
35003.607,2,774703,200,202500,-1
35005.238,1,776275,500,202400,-1
35007.308,2,774757,900,201720,1
35007.341,1,777932,600,201730,1
35009.478,5,776298,150,202350,-1
35010.431,1,780231,500,205000,-1
35012.103,2,777932,600,201730,1
35012.154,1,781369,1000,201710,1
35012.383,1,781519,200,202480,-1
35012.388,2,774969,200,202490,-1
35012.755,1,781748,200,202470,-1
35012.759,2,781519,200,202480,-1
35012.941,1,781877,500,201800,1
35012.96,2,757275,1000,201700,1
35012.979,1,781903,1000,201800,1
35012.981,2,781369,1000,201710,1
35012.992,1,781907,200,183700,1
35013.014,1,781924,1000,201810,1
35016.106,5,776298,50,202350,-1
35016.106,4,776275,450,202400,-1
35016.166,1,784178,900,202000,1
35016.195,2,781903,1000,201800,1
35016.203,2,781877,500,201800,1
35016.211,1,784227,500,202000,1
35016.22,1,784233,1000,202000,1
35016.274,2,781924,1000,201810,1
35016.318,1,784305,1000,202010,1
35016.335,2,784233,1000,202000,1
35016.365,1,784371,1000,202000,1
35016.388,2,784371,1000,202000,1
35016.404,1,784414,1000,202100,1
35016.431,2,784227,500,202000,1
35016.448,1,784465,500,202100,1
35017.033,2,784305,1000,202010,1
35017.063,2,776275,50,202400,-1
35017.116,2,784465,500,202100,1
35021.77,2,749715,300,204800,-1
35021.774,2,749717,200,200900,1
35021.964,1,789829,100,202700,-1
35021.966,1,789830,300,196900,1
35022.329,2,781748,200,202470,-1
35022.372,1,790184,600,202690,-1
35022.597,1,790413,200,202480,-1
35024.298,1,791733,5000,202400,-1
35024.577,2,790184,600,202690,-1
35028.239,2,789829,100,202700,-1
35028.249,1,794764,200,204200,-1
35029.477,2,784178,900,202000,1
35029.532,1,795619,1000,202400,-1
35031.131,2,789830,300,196900,1
35031.147,1,796872,200,200700,1
35031.704,4,791733,300,202400,-1
35036.618,2,790413,200,202480,-1
35037.289,1,801291,200,202500,-1
35037.923,4,791733,4700,202400,-1
35037.923,4,795619,100,202400,-1
35039.571,2,796872,200,200700,1
35039.609,1,803205,300,197300,1
35040.251,2,794764,200,204200,-1
35040.283,1,803828,100,203000,-1
35041.111,4,795619,900,202400,-1
35042.419,1,805601,1000,202110,1
35042.446,2,801291,200,202500,-1
35042.476,1,805646,500,202800,-1
35042.483,1,805650,1000,202790,-1
35042.58,5,805373,500,202320,1
35042.58,5,805439,500,202320,1
35042.58,5,788535,2300,202310,1
35042.737,1,805815,200,202600,-1
35043.921,1,806557,200,202580,-1
35044.01,2,805815,200,202600,-1
35044.294,2,805650,1000,202790,-1
35044.617,1,807007,200,202570,-1
35044.622,2,806557,200,202580,-1
35045.815,2,805646,500,202800,-1
35046.873,2,803828,100,203000,-1
35046.878,1,808622,200,204000,-1
35047.916,2,805601,1000,202110,1
35048.18,2,803205,300,197300,1
35048.218,1,810060,200,200600,1
35048.543,1,810393,1000,202500,-1
35048.573,1,810424,1000,202110,1
35049.32,1,810994,200,202500,-1
35049.329,2,807007,200,202570,-1
35049.347,2,810994,200,202500,-1
35049.715,1,811332,200,202590,-1
35049.914,1,811493,200,202580,-1
35050.08,2,811332,200,202590,-1
35052.707,2,810424,1000,202110,1
35052.746,1,813779,500,202120,1
35053.188,2,813779,500,202120,1
35053.232,1,814171,900,202110,1
35054.571,1,815184,161,202400,1
35057.688,2,811493,200,202580,-1
35059.171,5,773301,50,202490,-1
35059.171,4,810393,850,202500,-1
35060.327,4,810393,100,202500,-1
35061.787,1,820682,1000,202500,-1
35063.075,4,810393,50,202500,-1
35063.075,4,820682,950,202500,-1
35063.965,4,820682,50,202500,-1
35064.181,1,822799,400,202790,-1
35066.874,1,824656,1000,202600,-1
35069.189,5,825799,33,202560,-1
35071.698,2,822799,400,202790,-1
35074.355,1,830366,1000,202500,-1
35075.875,2,815184,161,202400,1
35076.145,2,814171,900,202110,1
35076.202,1,831845,500,202110,1
35076.243,1,831880,200,202590,-1
35076.445,5,831807,1,202470,-1
35076.644,1,832204,200,202580,-1
35076.654,2,831880,200,202590,-1
35077.489,1,832810,200,202570,-1
35077.571,2,832204,200,202580,-1
35082.645,2,784414,1000,202100,1
35087.147,4,830366,22,202500,-1
35087.254,1,840330,200,202400,1
35087.395,4,840330,200,202400,1
35088.426,2,774134,1100,202800,-1
35091.075,1,843205,900,202800,-1
35091.571,2,831845,500,202110,1
35091.605,1,843756,1000,200600,1
35091.609,1,843765,1000,201400,1
35091.616,1,843774,500,200600,1
35091.653,2,843756,1000,200600,1
35091.662,2,843774,500,200600,1
35091.669,1,843835,500,201400,1
35091.678,1,843852,1000,201400,1
35092.925,1,845064,100,202490,1
35093.406,2,832810,200,202570,-1
35094.199,4,830366,978,202500,-1
35095.022,1,846905,100,202500,1
35095.359,4,846905,100,202500,1
35095.359,1,847175,4900,202500,-1
35095.422,4,845064,100,202490,1
35095.451,2,843835,500,201400,1
35096.419,4,847175,500,202500,-1
35096.604,4,847175,22,202500,-1
35097.606,4,847175,1300,202500,-1
35102.164,1,852696,200,202580,-1
35103.51,2,852696,200,202580,-1
35107.256,5,856121,300,202490,-1
35109.97,5,846943,100,202410,1
35109.97,1,858197,300,202400,-1
35110.355,4,858197,100,202400,-1
35111.437,4,858197,15,202400,-1
35116.049,2,858197,185,202400,-1
35117.332,1,863673,100,201300,1
35123.654,4,847175,500,202500,-1
35125.0,1,869637,500,201500,1
35125.056,2,843852,1000,201400,1
35125.09,1,869701,1000,201500,1
35125.235,2,843765,1000,201400,1
35125.41,1,869954,1000,201510,1
35125.921,1,870403,1000,202500,-1
35126.41,4,847175,1000,202500,-1
35128.283,1,872067,200,202590,-1
35128.728,4,847175,1000,202500,-1
35128.791,2,824656,1000,202600,-1
35131.332,2,843205,900,202800,-1
35131.451,4,847175,500,202500,-1
35131.588,1,874791,100,202410,-1
35132.007,2,872067,200,202590,-1
35132.318,1,875455,200,202510,-1
35132.446,2,875455,200,202510,-1
35133.129,4,874791,100,202410,-1
35135.088,4,847175,78,202500,-1
35135.088,4,870403,922,202500,-1
35135.114,1,877989,500,203000,-1
35135.515,1,878350,900,202800,-1
35135.539,2,877989,500,203000,-1
35135.546,1,878380,500,202800,-1
35136.404,2,878380,500,202800,-1
35136.707,1,879238,500,202800,-1
35137.161,2,879238,500,202800,-1
35137.381,1,879779,500,202800,-1
35137.441,2,879779,500,202800,-1
35138.383,1,880510,500,202800,-1
35139.923,2,869637,500,201500,1
35141.383,2,880510,500,202800,-1
35141.484,1,882655,500,202800,-1
35142.281,2,869954,1000,201510,1
35142.324,1,883315,600,201510,1
35142.359,2,883315,600,201510,1
35142.42,1,883409,900,201510,1
35142.451,2,883409,900,201510,1
35142.496,1,883469,600,201510,1
35142.506,2,882655,500,202800,-1
35142.526,1,883504,500,202800,-1
35142.948,1,883838,200,202600,-1
35143.04,1,883907,200,202590,-1
35143.284,2,883469,600,201510,1
35143.364,2,883838,200,202600,-1
35143.437,1,884236,1000,201510,1
35143.462,2,883907,200,202590,-1
35143.816,1,884512,200,202580,-1
35144.622,1,885042,10000,203700,-1
35144.679,1,885086,185,202400,-1
35145.309,2,884512,200,202580,-1
35147.105,1,887326,200,202490,-1
35157.419,1,893479,600,202400,-1
35157.84,2,893479,600,202400,-1
35157.843,1,893718,600,202300,-1
35158.253,2,887326,200,202490,-1
35158.945,1,894226,100,202290,-1
35159.238,1,894388,200,202390,-1
35159.508,2,884236,1000,201510,1
35159.542,1,894556,700,201510,1
35160.121,2,894556,700,201510,1
35160.203,1,894918,1000,201510,1
35160.462,2,894918,1000,201510,1
35160.52,1,895101,400,201510,1
35160.549,2,895101,400,201510,1
35160.73,1,895238,700,201510,1
35160.877,2,894226,100,202290,-1
35160.98,2,895238,700,201510,1
35161.012,1,895413,400,201510,1
35161.323,2,895413,400,201510,1
35161.36,1,895699,1000,201510,1
35161.705,1,895882,507,201600,1
35161.731,2,869701,1000,201500,1
35161.744,2,895699,1000,201510,1
35161.768,1,895924,1000,201600,1
35161.777,1,895930,1000,201610,1
35162.203,2,885086,185,202400,-1
35163.589,1,897041,200,202380,-1
35163.594,2,894388,200,202390,-1
35165.938,5,896541,100,202110,1
35166.341,2,895930,1000,201610,1
35166.377,1,898623,600,201610,1
35166.517,1,898681,200,202370,-1
35166.599,2,897041,200,202380,-1
35168.601,1,899937,185,202200,-1
35168.883,2,898623,600,201610,1
35169.028,2,898681,200,202370,-1
35169.035,1,900272,900,201610,1
35169.459,2,893718,600,202300,-1
35169.461,1,900589,600,202200,-1
35169.793,1,900792,500,201700,1
35169.813,2,895924,1000,201600,1
35169.821,2,900272,900,201610,1
35169.829,1,900813,1000,201700,1
35169.86,1,900840,900,201710,1
35170.028,2,900840,900,201710,1
35170.083,1,900994,600,201710,1
35170.169,2,899937,185,202200,-1
35172.525,2,900994,600,201710,1
35172.56,1,902716,1000,201710,1
35172.848,2,900792,500,201700,1
35173.369,1,903291,500,201800,1
35173.393,2,900813,1000,201700,1
35173.405,2,902716,1000,201710,1
35173.417,1,903318,1000,201800,1
35173.436,1,903326,1000,201810,1
35174.512,1,904072,800,202500,-1
35174.514,1,904073,100,202100,1
35174.53,2,878350,900,202800,-1
35175.599,4,900589,600,202200,-1
35175.637,1,904822,400,202490,-1
35175.805,2,883504,500,202800,-1
35175.813,1,904952,500,202500,-1
35175.821,2,904822,400,202490,-1
35175.861,1,905011,700,202490,-1
35176.278,2,904952,500,202500,-1
35176.283,2,905011,700,202490,-1
35176.325,1,905384,400,202490,-1
35177.07,2,904073,100,202100,1
35177.524,2,905384,400,202490,-1
35178.739,1,907146,100,202200,1
35178.842,2,904072,800,202500,-1
35179.009,1,907317,1100,202700,-1
35179.033,5,904831,100,202440,-1
35182.726,1,910014,1000,202800,-1
35182.76,2,907317,1100,202700,-1
35182.844,2,903291,500,201800,1
35182.851,1,910079,500,202200,1
35183.99,2,910014,1000,202800,-1
35184.441,1,911319,800,202800,-1
35190.148,1,915927,100,202420,1
35192.122,2,915927,100,202420,1
35202.852,2,903326,1000,201810,1
35202.91,1,923024,700,202210,1
35203.863,2,910079,500,202200,1
35203.899,2,923024,700,202210,1
35203.957,1,923706,300,202210,1
35205.163,2,923706,300,202210,1
35205.345,1,924648,600,202210,1
35214.774,2,924648,600,202210,1
35214.826,1,931785,900,202210,1
35215.866,2,703394,1000,200100,1
35215.946,2,931785,900,202210,1
35215.98,1,932616,400,202210,1
35216.292,1,932819,1000,196000,1
35221.453,2,911319,800,202800,-1
35221.566,1,936718,500,203000,-1
35223.672,2,168317,200,197400,1
35232.867,2,932616,400,202210,1
35234.059,2,936718,500,203000,-1
35236.631,1,946593,200,202600,-1
35237.515,2,946593,200,202600,-1
35239.347,1,948513,200,202600,-1
35240.192,1,949083,200,202590,-1
35240.298,2,948513,200,202600,-1
35243.562,1,951409,1000,202500,-1
35244.77,2,907146,100,202200,1
35244.796,1,952428,500,201900,1
35244.808,1,952436,1000,201810,1
35244.812,2,903318,1000,201800,1
35244.827,1,952445,1000,201900,1
35244.885,2,952428,500,201900,1
35244.94,2,952436,1000,201810,1
35244.979,1,952575,800,201910,1
35246.444,1,953727,500,202000,1
35246.466,2,952445,1000,201900,1
35246.477,2,952575,800,201910,1
35246.483,1,953746,1000,202000,1
35246.539,1,953791,1000,202010,1
35251.718,2,808622,200,204000,-1
35251.724,2,810060,200,200600,1
35251.792,1,957623,300,205900,-1
35251.813,1,957644,100,201900,1
35252.596,2,181622,500,196000,1
35252.827,1,958563,200,202300,1
35252.839,2,949083,200,202590,-1
35252.895,1,958628,500,198000,1
35255.522,1,960541,200,202310,1
35255.561,2,958563,200,202300,1
35257.617,2,957644,100,201900,1
35257.636,1,962321,200,202000,1
35258.246,4,870403,48,202500,-1
35261.731,2,953746,1000,202000,1
35261.767,1,965248,1000,202300,1
35262.144,2,960541,200,202310,1
35262.785,1,966296,200,202600,-1
35263.285,1,966787,200,202590,-1
35263.354,2,966296,200,202600,-1
35264.701,2,966787,200,202590,-1
35264.766,4,870403,30,202500,-1
35264.766,4,951409,118,202500,-1
35264.862,2,965248,1000,202300,1
35264.891,1,968329,1000,202000,1
35265.16,4,951409,882,202500,-1
35265.2,1,968630,500,203000,-1
35265.214,1,968642,1000,202990,-1
35265.453,1,968851,200,202600,-1
35265.674,4,968851,200,202600,-1
35265.804,2,968630,500,203000,-1
35266.104,1,969455,200,202600,-1
35266.405,2,969455,200,202600,-1
35267.391,1,970429,200,202700,-1
35267.487,2,970429,200,202700,-1
35268.162,1,971044,200,202700,-1
35268.648,1,971329,100,202600,1
35269.354,2,971044,200,202700,-1
35269.64,1,971981,200,202500,1
35269.83,2,971329,100,202600,1
35269.869,2,971981,200,202500,1
35270.802,1,972877,200,202800,-1
35271.36,1,973300,100,202600,1
35271.463,1,973361,200,202400,1
35271.571,2,972877,200,202800,-1
35271.77,1,973550,200,202500,1
35271.783,2,973361,200,202400,1
35272.962,2,863673,100,201300,1
35273.432,2,973550,200,202500,1
35273.774,2,968642,1000,202990,-1
35274.291,1,975413,800,202990,-1
35274.292,1,975415,200,202500,1
35274.902,2,975413,800,202990,-1
35275.102,2,975415,200,202500,1
35275.392,2,973300,100,202600,1
35275.396,1,976265,600,202990,-1
35275.906,1,976690,100,202700,1
35276.133,1,976860,200,202800,-1
35276.322,2,976860,200,202800,-1
35276.788,2,976265,600,202990,-1
35277.184,1,977605,1000,202500,1
35284.418,4,641699,100,203000,-1
35284.481,1,983002,1000,203390,-1
35285.241,1,983602,200,202720,1
35285.297,2,976690,100,202700,1
35285.494,2,983002,1000,203390,-1
35285.559,1,983799,400,203390,-1
35286.08,5,983995,300,202980,-1
35286.451,2,983602,200,202720,1
35286.476,2,953727,500,202000,1
35286.484,1,984385,500,202500,1
35286.537,2,953791,1000,202010,1
35286.572,1,984454,1000,202510,1
35287.469,1,985155,200,203200,-1
35287.919,2,968329,1000,202000,1
35287.934,1,985498,1000,202500,1
35289.133,2,983799,400,203390,-1
35289.665,2,985155,200,203200,-1
35290.087,1,987110,200,203300,-1
35291.049,2,985498,1000,202500,1
35291.076,1,987890,1000,202600,1
35291.102,2,984385,500,202500,1
35291.112,1,987919,500,202600,1
35291.132,2,984454,1000,202510,1
35291.315,1,988060,1000,202610,1
35291.611,1,988256,1000,203200,-1
35293.399,5,989515,48,203180,-1
35295.424,1,991072,200,203200,-1
35295.443,2,987110,200,203300,-1
35295.658,2,991072,200,203200,-1
35296.258,1,991659,200,203300,-1
35296.591,1,991876,500,203000,1
35296.933,1,992070,200,203290,-1
35297.019,2,991659,200,203300,-1
35297.117,2,992070,200,203290,-1
35297.588,1,992457,200,203300,-1
35302.185,2,987919,500,202600,1
35303.427,1,995454,200,203220,-1
35303.435,2,992457,200,203300,-1
35303.439,2,995454,200,203220,-1
35303.835,1,995710,200,203300,-1
35307.902,5,989515,952,203180,-1
35307.902,5,995467,48,203180,-1
35307.921,5,995467,400,203180,-1
35308.061,5,995467,52,203180,-1
35308.061,4,988256,348,203200,-1
35308.102,4,988256,500,203200,-1
35308.16,4,988256,152,203200,-1
35308.343,5,987126,71,203250,-1
35308.343,5,998234,77,203250,-1
35308.352,5,998234,500,203250,-1
35309.488,5,995709,148,203290,-1
35309.512,5,995709,52,203290,-1
35309.512,4,995710,200,203300,-1
35309.55,5,999254,290,203350,-1
35309.55,5,986656,300,203390,-1
35309.55,4,612839,200,203400,-1
35309.587,1,999319,700,203690,-1
35309.902,1,999585,200,203300,-1
35309.96,5,999583,200,203290,-1
35309.96,4,999585,200,203300,-1
35310.589,1,1000041,200,203300,-1
35310.61,5,1000039,200,203290,-1
35310.61,4,1000041,200,203300,-1
35310.968,1,1000311,200,203300,-1
35310.993,5,1000305,200,203290,-1
35310.993,4,1000311,200,203300,-1
35311.212,2,999319,700,203690,-1
35311.679,1,1000871,200,202900,1
35311.806,2,1000871,200,202900,1
35311.927,2,988060,1000,202610,1
35311.963,1,1001091,1000,203010,1
35312.248,5,1000985,310,203590,-1
35312.436,5,1000985,190,203590,-1
35312.436,4,885042,810,203700,-1
35312.943,1,1001826,500,203100,1
35312.992,2,1001091,1000,203010,1
35313.027,1,1001890,1000,203110,1
35313.372,4,885042,2500,203700,-1
35313.381,4,885042,2500,203700,-1
35313.819,4,885042,2500,203700,-1
35313.844,4,885042,1000,203700,-1
35315.943,2,1001826,500,203100,1
35316.432,2,1001890,1000,203110,1
35316.577,1,1006849,700,203010,1
35317.206,2,1006849,700,203010,1
35317.25,1,1007900,400,203020,1
35318.284,2,957623,300,205900,-1
35318.744,2,1007900,400,203020,1
35318.876,1,1010342,600,203010,1
35318.995,2,987890,1000,202600,1
35319.05,1,1010597,1000,203000,1
35319.638,1,1011394,1000,203700,-1
35320.638,1,1012704,1000,203500,-1
35320.885,1,1012995,1000,202700,1
35321.105,5,1012787,88,203470,-1
35321.105,5,1013079,112,203480,-1
35321.241,2,1010342,600,203010,1
35321.319,1,1013566,1000,203020,1
35321.358,1,1013619,200,204700,-1
35322.334,1,1014954,54,203200,-1
35322.352,1,1014966,226,203400,-1
35322.883,2,1013566,1000,203020,1
35322.94,1,1015785,700,203030,1
35323.35,2,1015785,700,203030,1
35323.476,1,1016494,1000,203010,1
35323.66,2,1014954,54,203200,-1
35323.757,2,1011394,1000,203700,-1
35323.788,2,1012704,1000,203500,-1
35324.818,2,962321,200,202000,1
35325.423,4,1014966,100,203400,-1
35325.704,1,1019665,1000,203300,1
35326.496,5,1020132,500,203390,-1
35326.496,4,1014966,126,203400,-1
35326.496,5,1020006,374,203400,-1
35326.508,5,1020006,14,203400,-1
35326.558,1,1020610,100,203690,-1
35326.617,2,1020610,100,203690,-1
35326.708,1,1020756,1000,203400,1
35326.713,4,1020756,112,203400,1
35326.98,1,1021112,1000,203690,-1
35327.329,5,1021013,100,203420,1
35327.337,2,1020756,888,203400,1
35327.378,2,1019665,1000,203300,1
35327.423,2,1012995,1000,202700,1
35328.209,2,1021112,1000,203690,-1
35328.325,1,1022590,1000,203400,-1
35328.492,2,1016494,1000,203010,1
35328.542,1,1022852,700,203020,1
35329.407,1,1023971,41,203200,-1
35329.464,1,1024058,100,203400,-1
35330.152,1,1024832,300,201000,1
35330.56,2,1023971,41,203200,-1
35330.895,5,1025378,100,203380,-1
35331.057,2,1022852,700,203020,1
35331.134,1,1025899,1000,203010,1
35332.005,1,1026920,1888,203000,1
35333.054,2,1025899,1000,203010,1
35333.211,1,1028443,600,203010,1
35333.257,2,1028443,600,203010,1
35333.324,2,1010597,1000,203000,1
35333.345,1,1028595,900,203010,1
35333.378,2,1028595,900,203010,1
35333.48,1,1028788,900,203010,1
35334.129,2,1028788,900,203010,1
35334.184,1,1029593,600,203010,1
35334.275,1,1029694,1000,203000,1
35334.42,2,1013619,200,204700,-1
35335.189,1,1030772,54,203100,-1
35335.303,4,1030772,54,203100,-1
35335.369,2,1029593,600,203010,1
35335.751,2,1024058,100,203400,-1
35336.709,1,1032500,300,206000,-1
35336.743,1,1032552,1000,203010,1
35336.884,4,1022590,68,203400,-1
35337.524,2,1032552,1000,203010,1
35337.8,1,1033863,500,203300,-1
35338.255,4,1033863,68,203300,-1
35338.391,2,1033863,432,203300,-1
35338.753,5,1030912,41,203150,1
35340.128,2,1029694,1000,203000,1
35343.232,2,1024832,300,201000,1
35343.25,1,1040485,226,203300,1
35343.28,1,1040520,200,202500,1
35343.281,4,1040485,226,203300,1
35345.516,1,1043205,5000,203200,1
35346.257,5,1043281,500,203240,1
35346.257,5,1043652,200,203220,1
35346.257,5,1043660,200,203210,1
35346.257,4,1043205,3300,203200,1
35348.347,2,1026920,1888,203000,1
35348.379,5,1044511,500,203240,1
35348.379,4,1043205,1000,203200,1
35349.714,5,1048050,9,203210,1
35351.673,4,1022590,68,203400,-1
35353.23,4,1022590,200,203400,-1
35353.703,4,1022590,100,203400,-1
35353.959,4,1022590,88,203400,-1
35354.035,4,1022590,200,203400,-1
35354.091,4,1022590,200,203400,-1
35354.35,4,1022590,76,203400,-1
35355.31,1,1055318,100,203300,1
35355.479,5,1055332,68,203650,-1
35356.128,1,1056350,500,203500,-1
35356.301,4,1056350,500,203500,-1
35356.455,1,1056789,28,203600,1
35356.577,1,1056953,100,203300,1
35359.47,4,885042,58,203700,-1
35360.531,2,1055318,100,203300,1
35361.424,1,1063621,300,203500,1
35361.499,4,885042,26,203700,-1
35361.767,4,885042,200,203700,-1
35362.271,4,885042,400,203700,-1
35362.298,1,1064807,3000,205000,-1
35362.467,4,885042,6,203700,-1
35362.467,1,1065052,68,203700,1
35362.513,1,1065122,1000,204700,-1
35362.548,1,1065175,800,203400,1
35362.568,2,1064807,3000,205000,-1
35362.593,1,1065229,3000,204700,-1
35362.86,2,1065229,3000,204700,-1
35363.12,1,1065853,226,203600,1
35364.159,4,1065052,68,203700,1
35365.002,5,1067096,8,203680,-1
35365.51,5,1068680,27,203920,1
35366.86,1,1070184,100,190000,1
35367.315,1,1070674,100,203800,1
35367.341,2,1056789,28,203600,1
35368.211,2,1070674,100,203800,1
35368.296,1,1071813,1000,203610,1
35369.016,1,1072756,100,203900,1
35369.651,2,1071813,1000,203610,1
35370.724,2,1072756,100,203900,1
35370.775,1,1074642,1000,203610,1
35371.189,1,1075014,200,204200,-1
35371.242,2,1065122,1000,204700,-1
35371.704,1,1075559,65,203800,1
35371.759,2,1074642,1000,203610,1
35371.761,5,1075614,200,204180,-1
35371.807,1,1075667,1000,203810,1
35371.819,5,1075618,200,204190,-1
35371.85,4,1075014,200,204200,-1
35371.9,1,1075768,1000,204990,-1
35372.413,2,1032500,300,206000,-1
35372.421,1,1076291,300,207500,-1
35372.729,1,1076593,100,204300,-1
35372.772,2,1075768,1000,204990,-1
35373.561,4,1076593,100,204300,-1
35373.595,1,1077389,100,204900,-1
35373.606,1,1077398,1000,204990,-1
35373.773,2,1077398,1000,204990,-1
35373.806,1,1077579,1000,204890,-1
35373.864,2,1077389,100,204900,-1
35373.91,1,1077690,100,204800,-1
35373.992,2,1077579,1000,204890,-1
35374.027,1,1077809,1000,204790,-1
35374.07,2,1077690,100,204800,-1
35374.099,1,1077881,100,204700,-1
35374.21,2,1077809,1000,204790,-1
35374.246,1,1078019,1000,204690,-1
35374.302,2,1077881,100,204700,-1
35374.331,1,1078120,100,204600,-1
35374.432,2,1078019,1000,204690,-1
35374.694,2,1075667,1000,203810,1
35374.727,1,1078556,400,203820,1
35374.912,2,1065175,800,203400,1
35375.057,2,1078556,400,203820,1
35375.188,1,1079020,1000,203810,1
35376.375,2,1078120,100,204600,-1
35376.418,1,1080222,1000,204990,-1
35376.576,1,1080377,400,204900,-1
35376.617,2,1080222,1000,204990,-1
35376.652,1,1080440,1000,204890,-1
35376.769,2,1080377,400,204900,-1
35376.785,1,1080591,100,204800,-1
35376.823,2,1080440,1000,204890,-1
35376.98,1,1080802,1000,204790,-1
35377.069,2,1080591,100,204800,-1
35377.088,1,1080912,100,204700,-1
35377.167,2,1080802,1000,204790,-1
35378.609,1,1082320,1000,204500,-1
35381.808,1,1085357,66,203900,1
35381.854,2,1079020,1000,203810,1
35381.909,1,1085445,1000,203910,1
35382.607,2,1063621,300,203500,1
35383.337,2,1075559,65,203800,1
35384.419,1,1088373,1000,203900,1
35385.323,2,1076291,300,207500,-1
35385.339,2,1040520,200,202500,1
35386.468,2,1085357,66,203900,1
35386.729,1,1091005,600,204400,-1
35386.957,2,1065853,226,203600,1
35387.174,5,1091074,200,204370,-1
35387.174,4,1091005,600,204400,-1
35388.05,2,1082320,1000,204500,-1
35388.089,1,1092650,1000,204690,-1
35388.155,2,1080912,100,204700,-1
35388.275,1,1092867,100,204600,-1
35388.366,2,1092650,1000,204690,-1
35388.613,5,1086799,37,204490,-1
35389.123,2,1088373,1000,203900,1
35391.024,2,1085445,1000,203910,1
35391.133,1,1096473,1000,203300,1
35391.169,1,1096515,1000,203310,1
35391.957,1,1097612,100,204400,-1
35394.042,1,1100121,500,203400,1
35394.081,2,1096473,1000,203300,1
35394.116,1,1100171,1000,203400,1
35394.162,2,1096515,1000,203310,1
35394.197,1,1100212,800,203410,1
35394.354,2,1100121,500,203400,1
35395.348,2,1097612,100,204400,-1
35395.407,1,1101347,1000,204590,-1
35396.488,1,1102568,1000,204300,-1
35396.533,2,1056953,100,203300,1
35396.615,2,1101347,1000,204590,-1
35398.396,2,1102568,1000,204300,-1
35398.431,1,1104643,1000,204590,-1
35398.585,1,1104842,600,210000,-1
35399.38,2,1100212,800,203410,1
35399.416,1,1105811,400,203410,1
35400.6,1,1107193,500,204600,-1
35400.617,2,1107193,500,204600,-1
35400.931,1,1107634,100,204300,-1
35401.024,2,1104643,1000,204590,-1
35401.501,5,1105040,100,203900,1
35402.606,2,1107634,100,204300,-1
35402.665,1,1109706,1000,204590,-1
35402.891,1,1110013,7500,197500,1
35403.396,1,1110605,226,203900,-1
35404.274,5,1111514,100,203890,-1
35404.976,1,1112510,100,203800,-1
35406.006,2,1105811,400,203410,1
35406.039,2,1109706,1000,204590,-1
35406.114,2,1100171,1000,203400,1
35406.15,1,1113828,900,203210,1
35406.233,1,1113940,1000,203200,1
35406.626,1,1114328,100,204300,-1
35408.814,5,1116938,332,203680,-1
35408.814,5,1114573,58,203700,-1
35408.814,5,1114624,500,203700,-1
35408.814,1,1116946,110,203700,1
35408.839,2,1113828,900,203210,1
35408.897,1,1117043,100,203500,1
35408.959,2,1114328,100,204300,-1
35409.194,4,1116946,110,203700,1
35410.008,5,1117059,100,203510,1
35410.088,5,1118499,100,203520,1
35410.802,5,1119307,100,203600,1
35411.407,5,1120279,100,203750,-1
35411.407,5,1118824,100,203780,-1
35411.757,5,1120473,63,203600,-1
35411.852,5,1120770,300,203600,1
35414.6,1,1124075,200,203500,1
35414.764,5,1118499,90,203520,1
35415.116,5,1118499,10,203520,1
35415.116,5,1121087,100,203520,1
35415.116,5,1117059,590,203510,1
35415.832,2,1113940,1000,203200,1
35415.974,2,1124075,200,203500,1
35416.736,2,1112510,100,203800,-1
35416.96,1,1126438,500,203890,-1
35419.146,2,1126438,500,203890,-1
35422.432,1,1131547,1000,203890,-1
35422.638,5,1129865,100,203610,1
35424.063,1,1133046,100,203700,-1
35424.644,1,1133514,1000,203700,-1
35425.808,2,1133046,100,203700,-1
35425.869,1,1134732,400,203700,-1
35426.646,2,1131547,1000,203890,-1
35427.069,1,1135839,300,206100,-1
35427.077,1,1135849,200,202700,1
35427.46,2,1110605,226,203900,-1
35431.499,5,1117059,30,203510,1
35436.858,2,895882,507,201600,1
35437.059,1,1145158,507,203400,1
35437.564,1,1145659,1000,203600,-1
35437.599,4,1145659,37,203600,-1
35438.126,2,1145659,963,203600,-1
35438.13,1,1146126,963,203700,-1
35438.405,2,1146126,963,203700,-1
35438.407,1,1146458,963,203600,-1
35438.982,2,1146458,963,203600,-1
35438.986,1,1147007,963,203700,-1
35439.303,2,1147007,963,203700,-1
35439.305,1,1147261,963,203600,-1
35444.713,2,1134732,400,203700,-1
35445.193,5,1117059,100,203510,1
35445.782,5,1117059,107,203510,1
35446.237,5,1117059,100,203510,1
35446.298,5,1152780,200,203580,-1
35446.298,4,1147261,700,203600,-1
35446.621,5,1117059,141,203510,1
35446.621,4,1117043,100,203500,1
35448.499,4,1145158,59,203400,1
35449.044,2,1147261,263,203600,-1
35449.047,1,1154877,263,203500,-1
35450.558,4,1145158,448,203400,1
35451.267,1,1156672,1000,203400,1
35452.257,2,1133514,1000,203700,-1
35453.268,4,1156672,200,203400,1
35457.61,4,1154877,263,203500,-1
35457.633,1,1161995,500,204500,-1
35457.649,1,1162002,1000,204480,-1
35457.837,2,991876,500,203000,1
35459.127,1,1163102,200,205000,-1
35464.13,2,1161995,500,204500,-1
35467.186,1,1170320,100,203500,1
35467.488,2,1092867,100,204600,-1
35467.521,1,1170624,200,204400,-1
35467.57,2,1162002,1000,204480,-1
35467.602,1,1170682,1000,204390,-1
35467.631,2,1170624,200,204400,-1
35467.649,1,1170746,200,204300,-1
35467.735,2,1156672,800,203400,1
35467.754,2,1170682,1000,204390,-1
35467.821,1,1171005,900,204290,-1
35468.54,2,1170746,200,204300,-1
35468.864,2,1171005,900,204290,-1
35468.891,1,1172256,3400,205000,-1
35468.923,1,1172307,500,204280,-1
35469.26,2,1172307,500,204280,-1
35469.316,1,1172698,1000,204690,-1
35469.357,2,1172256,3400,205000,-1
35469.377,1,1172751,3400,204700,-1
35471.979,1,1175153,300,203510,1
35472.366,2,1175153,300,203510,1
35472.471,1,1175560,600,203510,1
35472.538,2,1175560,600,203510,1
35472.585,1,1175647,1000,203510,1
35472.632,2,1170320,100,203500,1
35473.132,2,1175647,1000,203510,1
35473.171,1,1176088,1000,203200,1
35473.179,1,1176098,500,203300,1
35473.316,1,1176212,1000,203310,1
35475.457,1,1178002,100,203800,1
35475.48,2,1178002,100,203800,1
35475.484,1,1178024,100,203900,1
35475.651,5,1178006,100,203950,1
35475.668,2,780231,500,205000,-1
35475.918,2,1178024,100,203900,1
35475.921,1,1178408,100,204000,1
35475.942,2,977605,1000,202500,1
35476.068,2,1178408,100,204000,1
35476.07,1,1178583,100,203900,1
35476.094,1,1178613,500,204010,-1
35476.326,5,1178674,200,204000,-1
35476.452,2,1178583,100,203900,1
35476.454,1,1178975,100,204000,1
35476.484,4,1178613,200,204010,-1
35476.838,2,1176098,500,203300,1
35476.94,4,1178613,100,204010,-1
35477.655,4,1178613,100,204010,-1
35478.117,4,1178613,100,204010,-1
35479.169,2,1172751,3400,204700,-1
35482.879,1,1185566,100,204000,1
35483.2,2,1178975,100,204000,1
35483.201,1,1185852,100,204100,1
35484.088,5,1185920,200,204140,1
35484.088,4,1185852,100,204100,1
35484.088,5,1185477,100,204100,1
35487.099,2,1135839,300,206100,-1
35487.135,1,1189666,200,205200,-1
35488.749,4,1185566,100,204000,1
35488.832,2,1176088,1000,203200,1
35488.895,1,1191236,1000,203300,1
35491.014,1,1193080,800,203900,-1
35492.104,2,1193080,800,203900,-1
35493.79,1,1195709,500,204700,-1
35494.926,1,1196721,200,203600,1
35495.493,2,1196721,200,203600,1
35500.028,2,1191236,1000,203300,1
35500.038,1,1200816,3000,204700,-1
35500.834,1,1201586,5000,204300,-1
35500.881,2,1172698,1000,204690,-1
35500.935,2,1195709,500,204700,-1
35500.942,1,1201709,500,204300,-1
35500.945,1,1201712,1000,204290,-1
35502.651,1,1203053,100,203600,1
35502.857,2,1176212,1000,203310,1
35503.059,5,1201636,100,203700,1
35504.435,5,1202735,300,203610,1
35504.435,4,1203053,100,203600,1
35504.48,1,1204588,1000,203200,1
35504.534,1,1204631,1000,203210,1
35506.05,5,1205197,400,203620,1
35508.132,1,1207649,100,203600,-1
35508.136,2,1204588,1000,203200,1
35508.35,2,1204631,1000,203210,1
35508.685,2,1207649,100,203600,-1
35508.761,1,1208178,100,203500,-1
35509.145,2,1208178,100,203500,-1
35509.393,1,1208753,100,203400,-1
35509.412,1,1208772,100,203500,-1
35510.245,2,1208753,100,203400,-1
35510.422,1,1209652,100,203300,-1
35510.661,2,1201709,500,204300,-1
35510.663,4,1043205,500,203200,1
35511.056,2,1208772,100,203500,-1
35511.481,5,1209687,100,203260,-1
35511.816,4,1043205,200,203200,1
35511.839,1,1210897,900,202700,1
35511.853,1,1210909,1000,202710,1
35511.897,5,1210899,100,203250,-1
35511.982,5,1210993,100,203200,-1
35513.256,2,1209652,100,203300,-1
35513.861,2,1200816,3000,204700,-1
35513.879,1,1212154,3000,204300,-1
35514.732,1,1212696,100,203290,-1
35514.967,2,1135849,200,202700,1
35514.976,1,1212856,200,202300,1
35516.047,2,1212696,100,203290,-1
35519.053,2,1210897,900,202700,1
35524.9,1,1220376,700,202700,1
35526.223,5,1212764,100,203300,-1
35526.223,5,1215783,300,203300,-1
35526.718,1,1221694,100,203900,-1
35526.771,2,1201712,1000,204290,-1
35526.805,1,1221765,1000,203890,-1
35526.929,5,1221480,100,203400,-1
35527.64,5,1222009,100,203400,-1
35528.247,5,1222427,200,203250,1
35529.955,1,1224464,500,204000,-1
35534.484,1,1228083,100,203300,1
35534.953,2,1212154,3000,204300,-1
35537.202,1,1230026,200,203200,1
35537.408,2,1230026,200,203200,1
35539.723,2,1210909,1000,202710,1
35540.445,1,1232344,400,203310,1
35540.472,2,1232344,400,203310,1
35540.644,1,1232464,500,203600,-1
35540.679,2,1221765,1000,203890,-1
35541.676,2,1189666,200,205200,-1
35541.7,1,1233219,300,206500,-1
35542.064,1,1233468,5000,203500,1
35544.368,2,1233219,300,206500,-1
35544.371,2,1212856,200,202300,1
35546.067,2,1228083,100,203300,1
35547.7,2,1232464,500,203600,-1
35547.741,1,1237702,800,203890,-1
35550.66,5,1237682,100,203520,1
35550.66,5,1239629,100,203510,1
35550.919,1,1240101,500,203900,-1
35552.069,2,1237702,800,203890,-1
35553.258,1,1241862,700,203890,-1
35553.599,2,1241862,700,203890,-1
35553.812,1,1242350,1000,203890,-1
35553.838,2,1242350,1000,203890,-1
35553.954,1,1242484,700,203890,-1
35554.28,2,1242484,700,203890,-1
35554.338,1,1242785,600,203890,-1
35554.369,2,1242785,600,203890,-1
35554.531,1,1242956,1000,203890,-1
35555.162,1,1243469,500,204400,-1
35555.162,2,1242956,1000,203890,-1
35556.731,5,1243428,100,203790,-1
35556.731,5,1242434,300,203800,-1
35556.818,1,1244848,500,203610,-1
35557.108,4,1244848,500,203610,-1
35559.354,1,1247012,500,204900,-1
35561.914,1,1249519,100,203600,1
35566.329,1,1253307,4700,203800,-1
35567.38,2,1249519,100,203600,1
35570.364,1,1256977,1000,203700,-1
35574.882,1,1260395,400,203800,-1
35575.965,5,1257037,400,203660,-1
35575.965,5,1257060,200,203680,-1
35575.965,5,1257406,400,203680,-1
35575.975,5,1257406,600,203680,-1
35576.813,1,1262087,1000,203700,-1
35578.269,1,1263470,600,203700,-1
35579.051,2,1262087,1000,203700,-1
35579.055,2,1256977,1000,203700,-1
35580.19,1,1265067,200,203600,-1
35582.08,2,1263470,600,203700,-1
35582.082,1,1266580,1200,203900,-1
35583.257,4,1233468,100,203500,1
35588.097,4,1265067,200,203600,-1
35590.392,1,1273713,200,205200,-1
35590.396,1,1273721,200,202200,1
35593.735,2,1266580,1200,203900,-1
35593.766,1,1276372,1200,204000,-1
35596.294,5,1277181,41,203760,-1
35604.776,1,1283776,100,203700,-1
35610.305,5,1286574,500,203520,1
35610.305,4,1233468,4300,203500,1
35611.614,4,1233468,500,203500,1
35613.03,2,1283776,100,203700,-1
35614.036,1,1290820,200,203400,1
35615.664,2,1290820,200,203400,1
35618.526,1,1294393,200,203600,1
35618.635,2,1294393,200,203600,1
35621.343,1,1296942,200,203600,1
35623.413,1,1298790,500,203700,1
35623.929,2,1298790,500,203700,1
35624.367,2,1276372,1200,204000,-1
35624.816,1,1300222,500,203700,1
35626.541,1,1301951,1100,204100,-1
35626.905,4,1253307,200,203800,-1
35626.961,4,1253307,300,203800,-1
35627.389,2,1296942,200,203600,1
35628.204,1,1303553,200,203600,1
35628.517,2,1300222,500,203700,1
35628.568,5,1303781,200,203790,-1
35630.167,2,1303553,200,203600,1
35632.501,1,1306629,100,203610,1
35634.749,1,1308947,200,203600,1
35638.86,4,1253307,200,203800,-1
35643.847,2,1308947,200,203600,1
35648.964,1,1320091,200,197000,1
35649.486,5,1311505,100,203660,1
35650.223,5,1306639,100,203620,1
35650.234,5,1306639,300,203620,1
35650.234,4,1306629,100,203610,1
35652.081,4,1233468,100,203500,1
35652.115,1,1322252,1000,202710,1
35653.672,2,1220376,700,202700,1
35653.695,1,1323571,400,202800,1
35653.737,2,1322252,1000,202710,1
35653.773,1,1323642,1000,202810,1
35653.797,2,1323571,400,202800,1
35653.815,1,1323669,400,202900,1
35653.849,2,1323642,1000,202810,1
35653.996,1,1323820,1000,202910,1
35654.026,2,1323669,400,202900,1
35654.046,1,1323859,400,203000,1
35654.173,2,1323820,1000,202910,1
35654.178,1,1324004,200,203300,1
35654.208,2,1323859,400,203000,1
35654.226,1,1324037,400,203300,1
35654.227,1,1324039,1000,203010,1
35654.79,1,1324568,1000,203790,-1
35655.177,2,1324568,1000,203790,-1
35655.252,1,1324949,600,203790,-1
35655.319,2,1324949,600,203790,-1
35655.524,1,1325148,1000,203790,-1
35655.63,2,1325148,1000,203790,-1
35655.928,1,1325472,600,203790,-1
35655.991,1,1325526,500,203800,-1
35656.077,2,1325472,600,203790,-1
35656.267,2,1324037,400,203300,1
35656.291,1,1325766,300,203790,-1
35656.296,2,1324004,200,203300,1
35656.33,2,1301951,1100,204100,-1
35656.345,1,1325817,400,203800,-1
35656.346,1,1325819,300,203000,1
35656.378,2,1325819,300,203000,1
35656.4,1,1325875,300,203000,1
35656.421,2,1325875,300,203000,1
35656.45,1,1325924,300,203100,1
35656.488,2,1324039,1000,203010,1
35656.548,1,1326006,100,203600,-1
35656.619,1,1326082,600,203110,1
35656.707,2,1326082,600,203110,1
35656.838,1,1326341,900,203110,1
35656.872,2,1325924,300,203100,1
35656.888,1,1326392,300,203200,1
35657.054,2,1326341,900,203110,1
35657.086,1,1326549,200,203300,1
35657.373,2,1325766,300,203790,-1
35657.749,2,1326006,100,203600,-1
35657.792,1,1327256,1000,203790,-1
35658.575,2,1326549,200,203300,1
35660.675,2,1327256,1000,203790,-1
35660.728,2,1325526,500,203800,-1
35660.883,1,1329851,700,203790,-1
35660.988,2,1329851,700,203790,-1
35661.228,1,1330180,200,203300,1
35662.744,2,1325817,400,203800,-1
35662.79,1,1331399,900,203900,-1
35664.709,5,1324600,100,203600,-1
35664.772,2,1330180,200,203300,1
35664.86,2,1326392,300,203200,1
35664.882,1,1333151,300,202200,1
35664.897,1,1333174,1000,202430,1
35664.92,2,1333151,300,202200,1
35664.936,1,1333209,300,202400,1
35664.995,2,1333209,300,202400,1
35665.011,1,1333292,300,202500,1
35665.05,2,1333174,1000,202430,1
35665.258,1,1333474,1000,202510,1
35665.325,2,1333292,300,202500,1
35665.396,1,1333601,300,202500,1
35665.422,2,1333601,300,202500,1
35665.444,1,1333647,300,202600,1
35665.488,2,1333474,1000,202510,1
35665.709,1,1333900,1000,202610,1
35665.769,2,1333647,300,202600,1
35665.824,1,1333993,300,202600,1
35665.848,2,1333993,300,202600,1
35665.89,1,1334054,300,202700,1
35665.926,2,1333900,1000,202610,1
35665.982,1,1334128,1000,202710,1
35666.001,2,1334054,300,202700,1
35666.024,1,1334160,300,202800,1
35666.141,2,1334128,1000,202710,1
35666.2,1,1334314,1000,202810,1
35666.223,2,1334160,300,202800,1
35666.269,1,1334385,300,202800,1
35666.306,2,1334385,300,202800,1
35666.333,1,1334441,300,202800,1
35666.367,2,1334441,300,202800,1
35666.396,1,1334500,300,202800,1
35666.42,2,1334500,300,202800,1
35666.465,1,1334547,300,202800,1
35666.496,2,1334547,300,202800,1
35666.52,1,1334591,300,202800,1
35666.544,2,1334591,300,202800,1
35666.564,1,1334621,300,202800,1
35666.591,2,1334621,300,202800,1
35666.609,1,1334668,300,202900,1
35666.645,2,1334314,1000,202810,1
35666.798,1,1334832,1000,202910,1
35666.84,2,1334668,300,202900,1
35666.865,1,1334894,300,203000,1
35667.021,2,1334832,1000,202910,1
35667.057,1,1335087,1000,203010,1
35667.145,2,1334894,300,203000,1
35667.162,1,1335173,300,203100,1
35667.206,1,1335223,200,203300,1
35667.228,2,1335087,1000,203010,1
35671.241,1,1338616,200,203400,1
35671.338,2,1335223,200,203300,1
35675.178,1,1341825,200,203410,1
35675.192,2,1338616,200,203400,1
35675.558,2,1341825,200,203410,1
35675.611,1,1342121,1000,203110,1
35675.632,2,1335173,300,203100,1
35675.661,1,1342166,300,203200,1
35675.755,2,1342121,1000,203110,1
35675.979,1,1342401,1000,203210,1
35676.037,1,1342441,200,203400,1
35680.493,1,1346076,300,203500,1
35681.198,2,1331399,900,203900,-1
35681.24,1,1346778,900,204000,-1
35682.474,2,1342441,200,203400,1
35682.584,2,1346076,300,203500,1
35682.585,1,1347750,300,203600,1
35682.958,2,1342401,1000,203210,1
35683.231,5,1321407,50,203790,-1
35683.231,4,1253307,750,203800,-1
35686.236,4,1253307,3250,203800,-1
35686.236,4,1260395,400,203800,-1
35687.277,2,1347750,300,203600,1
35687.281,1,1351580,300,203700,1
35687.303,1,1351606,500,203200,1
35692.111,2,1346778,900,204000,-1
35692.153,1,1355326,800,204100,-1
35693.997,1,1356842,1000,203800,-1
35700.565,2,1355326,800,204100,-1
35700.632,1,1361884,500,203800,-1
35703.167,1,1364073,500,203800,-1
35704.694,2,1351606,500,203200,1
35704.829,4,1351580,300,203700,1
35704.864,1,1365673,700,203210,1
35708.615,2,1365673,700,203210,1
35708.651,1,1368380,1000,203210,1
35708.81,2,1342166,300,203200,1
35709.428,2,1368380,1000,203210,1
35709.461,1,1368954,1000,202500,1
35709.537,1,1369013,300,202500,1
35709.563,2,1369013,300,202500,1
35709.6,1,1369047,300,202600,1
35709.662,2,1368954,1000,202500,1
35709.694,1,1369106,1000,202610,1
35709.711,2,1369047,300,202600,1
35709.744,1,1369157,300,202600,1
35709.765,2,1369157,300,202600,1
35709.802,1,1369195,300,202600,1
35709.824,2,1369195,300,202600,1
35709.844,1,1369217,300,202600,1
35709.862,2,1369217,300,202600,1
35709.889,1,1369242,300,202700,1
35709.925,2,1369106,1000,202610,1
35709.959,1,1369281,1000,202710,1
35709.98,2,1369242,300,202700,1
35710.009,1,1369321,300,202700,1
35710.165,2,1369321,300,202700,1
35710.192,1,1369467,300,202800,1
35710.222,2,1369281,1000,202710,1
35710.257,1,1369536,1000,202810,1
35710.346,2,1369467,300,202800,1
35710.364,1,1369618,300,202900,1
35710.427,2,1369536,1000,202810,1
35710.459,1,1369684,1000,202910,1
35710.476,2,1369618,300,202900,1
35710.498,1,1369704,300,203000,1
35710.561,2,1369684,1000,202910,1
35710.751,1,1369910,1000,203010,1
35710.768,2,1369704,300,203000,1
35710.783,1,1369944,300,203100,1
35710.865,2,1369910,1000,203010,1
35710.88,2,1369944,300,203100,1
35710.899,1,1370037,1000,203110,1
35710.902,1,1370041,300,202200,1
35711.161,2,1370037,1000,203110,1
35711.195,1,1370305,700,203120,1
35712.844,1,1371942,100,203700,-1
35715.646,1,1374175,100,203600,-1
35715.898,2,1370305,700,203120,1
35715.945,1,1374395,1000,202500,1
35715.962,2,1370041,300,202200,1
35715.988,1,1374422,300,202500,1
35716.016,2,1374422,300,202500,1
35716.033,1,1374450,300,202600,1
35716.117,2,1374395,1000,202500,1
35716.149,1,1374508,1000,202610,1
35716.18,2,1374450,300,202600,1
35716.195,1,1374539,300,202700,1
35716.336,2,1374508,1000,202610,1
35716.382,1,1374654,1000,202710,1
35716.425,2,1374539,300,202700,1
35716.448,1,1374698,300,202800,1
35716.552,2,1374654,1000,202710,1
35716.588,1,1374788,1000,202810,1
35716.608,2,1374698,300,202800,1
35716.626,1,1374813,300,202900,1
35716.77,2,1374788,1000,202810,1
35716.803,1,1374951,1000,202910,1
35716.83,2,1374813,300,202900,1
35716.855,1,1374980,300,203000,1
35716.989,2,1374951,1000,202910,1
35717.026,1,1375077,1000,203010,1
35718.879,4,1374175,100,203600,-1
35719.004,2,1371942,100,203700,-1
35720.022,1,1377574,100,203600,1
35720.817,2,1377574,100,203600,1
35722.174,5,1368053,100,203500,1
35722.174,5,1368132,300,203500,1
35722.174,1,1379776,100,203500,-1
35722.798,4,1379776,100,203500,-1
35724.28,2,1375077,1000,203010,1
35724.321,1,1381666,700,203010,1
35724.446,1,1381799,100,203500,1
35725.174,4,1381799,100,203500,1
35725.321,1,1382526,200,203400,1
35726.273,2,1382526,200,203400,1
35726.441,2,1381666,700,203010,1
35726.618,1,1383555,1000,203010,1
35727.598,2,1383555,1000,203010,1
35727.634,1,1384343,600,203020,1
35727.752,2,1384343,600,203020,1
35727.932,1,1384578,1000,203010,1
35728.3,1,1384843,1000,203790,-1
35728.325,2,1384578,1000,203010,1
35728.479,1,1384962,600,203010,1
35729.132,1,1385367,200,203300,1
35729.328,1,1385483,100,203600,-1
35729.723,2,1384962,600,203010,1
35729.827,5,1383052,300,203400,1
35729.827,5,1383275,100,203400,1
35733.912,2,1385367,200,203300,1
35733.945,1,1389121,500,203010,1
35734.442,2,1389121,500,203010,1
35734.494,1,1389402,1000,203010,1
35735.653,1,1390036,200,203200,1
35735.798,2,1374980,300,203000,1
35736.041,2,1385483,100,203600,-1
35736.441,2,1389402,1000,203010,1
35738.433,1,1391734,100,203500,-1
35740.067,1,1392555,200,203260,1
35740.275,2,1390036,200,203200,1
35740.55,1,1392767,200,203280,1
35740.631,2,1392767,200,203280,1
35740.632,2,1392555,200,203260,1
35740.662,1,1392849,300,202200,1
35740.691,1,1392869,1000,202400,1
35740.713,2,1392849,300,202200,1
35740.739,1,1392902,300,202400,1
35740.762,2,1392902,300,202400,1
35740.794,1,1392932,300,202400,1
35740.811,2,1392932,300,202400,1
35740.827,1,1392959,300,202500,1
35740.863,2,1392869,1000,202400,1
35740.896,1,1392984,1000,202510,1
35740.924,2,1392959,300,202500,1
35740.943,1,1393024,300,202600,1
35741.125,2,1392984,1000,202510,1
35741.287,1,1393192,1000,202610,1
35741.327,2,1393024,300,202600,1
35741.341,1,1393225,300,202700,1
35741.491,2,1393192,1000,202610,1
35741.541,1,1393336,1000,202710,1
35741.567,2,1393225,300,202700,1
35741.589,1,1393363,300,202800,1
35741.707,2,1393336,1000,202710,1
35741.926,1,1393574,1000,202810,1
35741.997,2,1393363,300,202800,1
35742.011,1,1393621,300,202900,1
35742.149,2,1393574,1000,202810,1
35742.18,1,1393702,1000,202910,1
35751.059,1,1399937,500,204600,-1
35756.864,2,1393621,300,202900,1
35760.487,5,1387425,50,203310,1
35762.467,1,1406155,100,203300,-1
35762.539,4,1406155,100,203300,-1
35763.406,1,1406656,100,203400,-1
35764.895,2,1406656,100,203400,-1
35768.793,2,1364073,500,203800,-1
35769.089,1,1409896,500,203400,-1
35773.407,1,1413967,900,211000,-1
35775.195,1,1415713,500,203000,1
35775.238,2,1393702,1000,202910,1
35775.28,1,1415782,800,203010,1
35782.414,4,1409896,500,203400,-1
35782.414,5,1409819,300,203400,-1
35784.195,1,1423220,200,203200,1
35785.02,2,1415713,500,203000,1
35785.028,1,1423669,500,203200,1
35786.417,5,1424579,50,203400,-1
35786.417,1,1424635,450,203400,1
35786.497,1,1424675,200,203280,1
35786.605,2,1423220,200,203200,1
35786.987,1,1425015,200,203300,1
35786.991,2,1424675,200,203280,1
35787.852,2,1391734,100,203500,-1
35787.861,1,1425580,100,203500,-1
35788.577,2,1424635,450,203400,1
35789.982,2,1425015,200,203300,1
35791.061,4,1425580,100,203500,-1
35793.442,2,1415782,800,203010,1
35793.464,2,1423669,500,203200,1
35793.488,1,1430205,300,202200,1
35793.497,1,1430214,500,202300,1
35793.537,1,1430247,1000,202300,1
35793.537,2,1430205,300,202200,1
35793.553,1,1430250,300,202300,1
35793.584,2,1430250,300,202300,1
35793.614,1,1430292,300,202400,1
35793.645,2,1430214,500,202300,1
35793.654,1,1430325,500,202400,1
35793.664,2,1430247,1000,202300,1
35793.709,1,1430377,1000,202410,1
35793.727,2,1430292,300,202400,1
35793.762,1,1430406,300,202500,1
35793.788,2,1430325,500,202400,1
35793.796,1,1430440,500,202500,1
35793.878,2,1430377,1000,202410,1
35793.912,1,1430553,1000,202510,1
35793.93,2,1430406,300,202500,1
35793.955,1,1430592,300,202600,1
35793.981,2,1430440,500,202500,1
35793.989,1,1430622,500,202600,1
35794.097,2,1430553,1000,202510,1
35794.13,1,1430730,1000,202610,1
35794.149,2,1430592,300,202600,1
35794.171,1,1430745,300,202700,1
35794.188,2,1430622,500,202600,1
35794.196,1,1430759,500,202700,1
35794.332,2,1430730,1000,202610,1
35794.531,1,1430929,1000,202710,1
35794.554,2,1430745,300,202700,1
35794.571,1,1430952,300,202800,1
35794.599,2,1430759,500,202700,1
35794.607,1,1430969,500,202800,1
35794.612,2,1430929,1000,202710,1
35794.645,1,1430995,1000,202810,1
35795.448,1,1431543,200,203400,1
35795.521,2,1431543,200,203400,1
35796.536,2,1384843,1000,203790,-1
35796.556,1,1432350,500,203800,-1
35796.624,2,1432350,500,203800,-1
35796.726,1,1432480,700,203790,-1
35797.404,1,1432919,200,203300,1
35800.697,2,1432919,200,203300,1
35800.801,2,1432480,700,203790,-1
35800.833,1,1435271,1000,203780,-1
35800.969,1,1435367,200,203200,1
35803.861,1,1437592,182,195000,1
35808.422,1,1440391,200,203300,1
35809.145,2,1440391,200,203300,1
35812.329,2,1435367,200,203200,1
35812.349,2,1430952,300,202800,1
35812.386,1,1443325,300,202900,1
35812.406,2,1430969,500,202800,1
35812.415,1,1443350,500,202900,1
35812.439,2,1430995,1000,202810,1
35812.474,1,1443396,1000,202910,1
35817.102,2,1443396,1000,202910,1
35817.828,2,1443325,300,202900,1
35818.128,1,1446955,900,202800,1
35818.882,1,1447619,200,203000,1
35819.264,2,1443350,500,202900,1
35819.354,5,1447834,100,203200,1
35819.866,1,1448278,200,203100,1
35819.946,2,1448278,200,203100,1
35819.951,2,1447619,200,203000,1
35820.048,1,1448422,1000,202810,1
35820.455,1,1448699,200,203000,1
35821.825,2,1446955,900,202800,1
35823.976,1,1450957,100,203100,1
35825.018,1,1451648,100,203200,-1
35825.855,2,1450957,100,203100,1
35826.294,1,1452458,200,203050,1
35826.397,2,1448699,200,203000,1
35826.488,2,1452458,200,203050,1
35827.342,1,1453067,100,203100,1
35827.367,2,1453067,100,203100,1
35828.802,2,1361884,500,203800,-1
35828.846,1,1454208,800,203500,-1
35830.644,2,1448422,1000,202810,1
35830.692,1,1455686,1000,202210,1
35830.725,1,1455711,300,202200,1
35830.734,2,1455711,300,202200,1
35830.765,1,1455741,300,202300,1
35830.846,2,1455686,1000,202210,1
35830.88,1,1455841,1000,202310,1
35830.898,2,1455741,300,202300,1
35830.917,1,1455883,300,202400,1
35831.065,2,1455841,1000,202310,1
35831.103,1,1456002,1000,202410,1
35831.131,2,1455883,300,202400,1
35831.162,1,1456044,300,202500,1
35831.284,2,1456002,1000,202410,1
35831.318,1,1456148,1000,202510,1
35831.358,2,1456044,300,202500,1
35831.389,1,1456192,300,202600,1
35831.503,2,1456148,1000,202510,1
35831.54,1,1456290,1000,202610,1
35831.958,1,1456573,100,203000,1
35832.243,1,1456767,200,202900,1
35832.394,5,1456569,400,203010,1
35832.394,4,1456573,100,203000,1
35833.886,5,1457127,14,203100,-1
35834.143,2,1456290,1000,202610,1
35835.251,2,1456767,200,202900,1
35835.306,1,1459112,500,202610,1
35835.533,2,1451648,100,203200,-1
35835.564,1,1459324,500,203500,-1
35835.599,2,1435271,1000,203780,-1
35835.634,1,1459369,1000,203490,-1
35835.835,2,1459324,500,203500,-1
35837.879,2,1456192,300,202600,1
35840.345,2,1459112,500,202610,1
35840.366,1,1461735,300,202200,1
35840.38,1,1461745,1000,202210,1
35840.397,2,1461735,300,202200,1
35840.412,1,1461775,300,202300,1
35840.581,2,1461745,1000,202210,1
35840.639,1,1461929,1000,202310,1
35840.658,2,1461775,300,202300,1
35840.699,1,1461975,300,202300,1
35840.718,2,1461975,300,202300,1
35840.732,1,1462009,300,202400,1
35840.803,2,1461929,1000,202310,1
35840.851,1,1462079,1000,202410,1
35840.881,2,1462009,300,202400,1
35840.905,1,1462124,300,202400,1
35840.923,2,1462124,300,202400,1
35840.945,1,1462152,300,202500,1
35841.019,2,1462079,1000,202410,1
35841.081,1,1462241,1000,202510,1
35842.369,1,1463304,200,202800,1
35842.382,1,1463326,900,202600,1
35847.892,2,1462241,1000,202510,1
35853.393,1,1469375,1000,203000,-1
35855.876,4,1469375,200,203000,-1
35860.928,2,1462152,300,202500,1
35864.708,2,1437592,182,195000,1
35868.025,2,1247012,500,204900,-1
35868.869,2,1243469,500,204400,-1
35869.869,2,1240101,500,203900,-1
35870.737,1,1478067,100,203000,-1
35872.664,2,1463304,200,202800,1
35872.724,1,1479323,500,202610,1
35876.299,2,1479323,500,202610,1
35876.459,1,1481975,1000,202610,1
35879.443,1,1483934,100,202900,-1
35879.455,2,1481975,1000,202610,1
35879.489,1,1483969,700,202620,1
35879.8,2,1478067,100,203000,-1
35880.624,2,1463326,900,202600,1
35880.844,1,1484854,100,203000,-1
35881.901,2,1484854,100,203000,-1
35885.439,2,1483969,700,202620,1
35885.472,1,1488060,300,202200,1
35885.487,1,1488071,1000,202210,1
35885.514,2,1488060,300,202200,1
35885.529,1,1488097,300,202300,1
35885.647,2,1488071,1000,202210,1
35885.695,1,1488193,1000,202310,1
35885.836,1,1488269,500,202400,1
35885.877,2,1488193,1000,202310,1
35885.931,2,1488269,500,202400,1
35886.111,1,1488434,800,202310,1
35886.655,2,1469375,800,203000,-1
35886.936,1,1488830,800,202900,-1
35891.628,1,1491022,200,202600,1
35893.057,2,1488097,300,202300,1
35894.149,1,1493065,900,203100,-1
35894.172,2,1454208,800,203500,-1
35895.332,2,1491022,200,202600,1
35896.399,5,1494431,100,202800,-1
35897.445,2,1273721,200,202200,1
35897.468,1,1496635,200,201600,1
35899.237,2,1488434,800,202310,1
35899.265,1,1498660,300,201600,1
35899.277,1,1498673,1000,201610,1
35899.327,2,1498660,300,201600,1
35899.357,1,1498760,300,201700,1
35899.441,2,1498673,1000,201610,1
35899.474,1,1498872,1000,201710,1
35899.499,2,1498760,300,201700,1
35899.561,1,1498979,300,201700,1
35899.611,2,1498979,300,201700,1
35899.656,1,1499085,300,201800,1
35899.736,2,1498872,1000,201710,1
35899.77,1,1499210,1000,201810,1
35899.79,2,1499085,300,201800,1
35899.819,1,1499269,300,201800,1
35899.859,2,1499269,300,201800,1
35899.877,1,1499328,300,201900,1
35899.972,2,1499210,1000,201810,1
35900.01,1,1499490,1000,201910,1
35900.033,2,1499328,300,201900,1
35900.057,1,1499541,300,201900,1
35900.074,2,1499541,300,201900,1
35900.1,1,1499587,300,201900,1
35900.119,2,1499587,300,201900,1
35900.163,1,1499669,300,201900,1
35900.235,2,1499669,300,201900,1
35900.268,1,1499809,300,202000,1
35900.331,2,1499490,1000,201910,1
35900.526,1,1500102,1000,202010,1
35900.559,2,1499809,300,202000,1
35900.579,1,1500162,300,202100,1
35900.693,2,1500102,1000,202010,1
35900.756,1,1500383,1000,202110,1
35900.789,2,1500162,300,202100,1
35900.82,1,1500465,300,202200,1
35900.878,2,1500383,1000,202110,1
35900.912,1,1500612,1000,202210,1
35901.304,5,1500930,14,202850,-1
35901.972,2,1500465,300,202200,1
35902.262,1,1502388,128,202800,-1
35903.63,1,1503835,100,202790,-1
35903.871,1,1504094,300,202200,1
35903.906,2,1496635,200,201600,1
35903.953,1,1504199,300,200600,1
35905.689,2,1493065,900,203100,-1
35906.148,2,1273713,200,205200,-1
35906.252,1,1506535,100,203500,-1
35906.863,2,1504094,300,202200,1
35907.131,1,1507416,1100,202200,1
35907.247,1,1507525,500,202700,-1
35907.298,2,1500612,1000,202210,1
35907.384,1,1507695,500,202210,1
35907.446,2,1503835,100,202790,-1
35907.531,2,1507695,500,202210,1
35907.583,1,1507872,900,202210,1
35907.85,2,1507525,500,202700,-1
35909.133,2,1507872,900,202210,1
35909.482,1,1509662,100,202690,-1
35909.539,2,1507416,1100,202200,1
35909.582,1,1509758,300,200600,1
35909.646,5,1509578,100,202450,1
35909.689,5,1509578,300,202450,1
35909.758,1,1509949,1000,201400,1
35909.796,2,1509758,300,200600,1
35909.82,1,1510009,300,201400,1
35909.844,2,1510009,300,201400,1
35909.859,1,1510064,300,201500,1
35910.099,2,1509949,1000,201400,1
35910.148,1,1510377,1000,201510,1
35910.173,2,1510064,300,201500,1
35910.199,1,1510428,300,201600,1
35910.364,2,1510377,1000,201510,1
35910.402,1,1510618,1000,201610,1
35910.436,2,1510428,300,201600,1
35910.454,1,1510648,300,201600,1
35910.475,2,1510648,300,201600,1
35910.491,1,1510671,300,201700,1
35910.581,2,1510618,1000,201610,1
35910.61,1,1510776,1200,203000,-1
35910.634,1,1510801,1000,201710,1
35910.74,2,1510671,300,201700,1
35910.762,1,1510940,300,201800,1
35910.83,2,1510801,1000,201710,1
35910.881,1,1511050,1000,201810,1
35910.917,2,1510940,300,201800,1
35910.958,1,1511109,300,201800,1
35911.005,2,1511109,300,201800,1
35911.031,1,1511157,300,201900,1
35911.099,2,1511050,1000,201810,1
35911.132,1,1511254,1000,201910,1
35911.162,2,1511157,300,201900,1
35911.183,1,1511298,300,202000,1
35911.251,2,1511254,1000,201910,1
35911.286,1,1511389,1000,202010,1
35911.397,1,1511502,300,202000,1
35911.549,2,1509662,100,202690,-1
35911.692,2,1459369,1000,203490,-1
35911.726,2,1511389,1000,202010,1
35911.752,1,1511938,900,202790,-1
35911.788,1,1511978,900,202010,1
35911.797,2,1483934,100,202900,-1
35912.11,2,1511978,900,202010,1
35912.297,2,1511502,300,202000,1
35912.361,1,1512647,500,202500,-1
35912.361,2,1511938,900,202790,-1
35912.402,1,1512694,700,202780,-1
35912.456,1,1512750,800,201800,1
35912.565,2,1512694,700,202780,-1
35912.819,2,1511298,300,202000,1
35912.892,1,1513211,1000,201810,1
35912.902,1,1513223,300,201800,1
35912.93,2,1513223,300,201800,1
35912.999,1,1513327,300,201900,1
35913.1,2,1513211,1000,201810,1
35913.132,1,1513494,800,201910,1
35913.514,1,1513858,100,202390,-1
35913.734,2,1513494,800,201910,1
35914.031,5,1512684,100,202200,1
35914.082,1,1514408,500,202200,-1
35914.613,2,1513858,100,202390,-1
35914.885,2,1512750,800,201800,1
35914.96,2,1513327,300,201900,1
35914.981,1,1515364,300,200600,1
35915.009,1,1515390,1000,201100,1
35915.053,2,1515364,300,200600,1
35915.073,1,1515460,300,201100,1
35915.091,2,1515460,300,201100,1
35915.203,1,1515558,300,201100,1
35915.226,2,1515558,300,201100,1
35915.246,1,1515593,300,201200,1
35915.376,2,1504199,300,200600,1
35915.401,1,1515756,200,201500,1
35915.408,2,1515390,1000,201100,1
35915.426,2,1515593,300,201200,1
35915.444,1,1515794,1000,201210,1
35915.466,1,1515819,300,201500,1
35915.539,1,1515904,400,201800,1
35915.614,2,1515794,1000,201210,1
35915.624,2,1515819,300,201500,1
35915.657,1,1516017,300,201800,1
35915.933,2,1516017,300,201800,1
35916.661,2,1515904,400,201800,1
35916.67,1,1517105,600,201500,1
35916.764,5,1516629,214,201850,1
35916.819,1,1517277,300,201510,1
35917.209,2,1517277,300,201510,1
35917.374,1,1517723,700,201510,1
35917.66,2,1506535,100,203500,-1
35917.67,2,1512647,500,202500,-1
35917.693,1,1518064,200,204400,-1
35917.742,2,1517105,600,201500,1
35917.769,1,1518137,200,201800,1
35917.814,2,1514408,500,202200,-1
35917.829,2,1517723,700,201510,1
35917.865,1,1518232,1000,202790,-1
35919.464,2,1518137,200,201800,1
35919.467,1,1519560,600,201700,1
35922.947,2,1519560,600,201700,1
35922.949,1,1522322,900,201500,1
35922.979,1,1522337,3000,201500,1
35925.377,1,1524082,5000,202000,-1
35926.925,2,1502388,128,202800,-1
35926.941,1,1525538,400,201510,1
35927.692,2,1525538,400,201510,1
35927.865,1,1526395,700,201510,1
35927.882,2,1515756,200,201500,1
35927.912,1,1526455,200,201800,1
35928.111,5,1526671,182,201830,1
35928.666,1,1527405,200,201800,1
35929.223,2,1526395,700,201510,1
35930.499,5,1525993,800,201950,-1
35930.499,4,1524082,200,202000,-1
35930.585,4,1524082,68,202000,-1
35930.994,4,1524082,4000,202000,-1
35931.01,4,1524082,700,202000,-1
35931.236,1,1530581,200,201700,1
35931.793,4,1524082,32,202000,-1
35931.806,1,1531186,100,201900,1
35931.84,2,1527405,200,201800,1
35931.925,2,1518232,1000,202790,-1
35931.938,1,1531324,200,201900,1
35931.956,1,1531342,700,202780,-1
35932.332,2,1526455,200,201800,1
35932.336,1,1531641,200,201700,1
35932.416,2,1530581,200,201700,1
35932.515,1,1531861,25,201900,1
35933.603,1,1532801,200,201810,1
35934.678,2,1531641,200,201700,1
35934.688,1,1533801,200,201800,1
35934.864,2,1531324,200,201900,1
35934.906,2,1532801,200,201810,1
35934.943,1,1533990,100,202000,1
35935.139,2,1531861,25,201900,1
35935.371,2,1522322,900,201500,1
35935.414,1,1534370,600,201800,1
35935.48,2,1534370,600,201800,1
35935.567,1,1534468,600,201800,1
35936.568,5,1531969,300,202200,-1
35936.568,5,1532015,100,202200,-1
35936.568,1,1535343,200,202200,1
35936.962,1,1535749,200,201910,1
35937.223,2,1533990,100,202000,1
35937.566,2,1531342,700,202780,-1
35937.568,1,1536214,200,202100,1
35937.581,2,1535749,200,201910,1
35937.621,1,1536262,1000,202770,-1
35937.646,5,1535399,200,202250,1
35937.646,5,1535403,200,202240,1
35937.646,5,1536101,500,202240,1
35937.646,5,1536108,100,202230,1
35938.069,1,1536646,200,202100,1
35938.519,2,1536646,200,202100,1
35938.814,1,1537295,200,202200,1
35938.971,2,1536262,1000,202770,-1
35939.02,1,1537514,1000,202890,-1
35939.966,5,1537406,400,202250,1
35939.966,5,1536854,41,202240,1
35939.966,5,1536874,59,202230,1
35940.63,2,1537295,200,202200,1
35940.812,1,1539261,50,197500,1
35941.271,2,1536214,200,202100,1
35941.796,1,1540273,190,195100,1
35942.079,1,1540568,226,202400,1
35942.682,1,1541043,200,202210,1
35943.127,2,1534468,600,201800,1
35943.17,1,1541600,400,202100,1
35943.176,1,1541606,200,202300,1
35943.254,2,958628,500,198000,1
35943.677,1,1542037,500,196000,1
35943.793,1,1542115,200,202300,1
35943.8,2,1537514,1000,202890,-1
35943.815,2,1541043,200,202210,1
35943.849,1,1542194,1000,202890,-1
35943.929,5,1541047,100,202600,-1
35943.929,5,1542094,300,202600,-1
35944.032,2,1542194,1000,202890,-1
35944.597,1,1542887,1000,202890,-1
35944.674,2,1510776,1200,203000,-1
35945.257,2,1542115,200,202300,1
35945.415,1,1543618,1100,203100,-1
35945.688,2,1542887,1000,202890,-1
35946.519,1,1544385,100,202500,1
35946.924,2,1541606,200,202300,1
35947.175,2,1544385,100,202500,1
35947.205,1,1545007,100,202500,1
35951.361,1,1548164,500,202700,-1
35951.708,5,1548195,500,202660,-1
35951.708,5,1548233,100,202670,-1
35951.708,5,1548181,200,202680,-1
35951.708,5,1548189,200,202690,-1
35953.443,2,1545007,100,202500,1
35956.528,1,1551938,500,202500,1
35958.646,4,1551938,200,202500,1
35959.494,4,1551938,300,202500,1
35959.643,2,1548164,500,202700,-1
35959.668,1,1554401,500,202900,-1
35959.693,1,1554418,1000,202890,-1
35960.848,1,1555219,500,202500,-1
35966.193,2,1540568,226,202400,1
35966.213,2,1522337,3000,201500,1
35966.245,1,1558427,3000,202200,1
35973.183,2,1488830,800,202900,-1
35973.405,1,1562597,1000,203000,-1
35973.522,1,1562646,800,203400,-1
35975.843,2,1555219,500,202500,-1
35979.105,1,1565917,1000,206400,-1
35984.941,2,1562646,800,203400,-1
35985.583,1,1569951,800,202500,-1
35987.866,2,1558427,3000,202200,1
35988.605,2,1541600,400,202100,1
35988.83,2,1569951,800,202500,-1
35989.115,1,1572072,800,202400,-1
35989.292,2,1413967,900,211000,-1
35989.527,1,1572278,300,202500,-1
35991.151,1,1573184,900,211200,-1
35992.526,4,1572072,800,202400,-1
35992.526,5,1573975,500,202400,-1
35999.583,1,1578736,150,205000,-1
36003.046,1,1581275,200,202300,1
36010.823,2,1581275,200,202300,1
36013.525,1,1587411,100,202200,1
36015.244,1,1588711,900,201900,1
36015.303,1,1588762,200,202100,1
36018.159,1,1590771,200,202110,1
36018.258,2,1588762,200,202100,1
36022.472,2,1590771,200,202110,1
36022.541,2,1587411,100,202200,1
36025.98,4,1572278,300,202500,-1
36027.527,1,1597891,200,202210,1
36028.041,1,1598382,100,202400,1
36028.317,1,1598560,200,202310,1
36028.329,2,1597891,200,202210,1
36035.074,2,1598560,200,202310,1
36035.304,1,1603822,200,202300,1
36044.773,2,1554401,500,202900,-1
36045.817,2,1554418,1000,202890,-1
36045.9,1,1611503,1000,202990,-1
36046.262,1,1611819,200,202430,1
36046.269,2,1603822,200,202300,1
36046.599,1,1612139,200,202460,1
36046.603,2,1611819,200,202430,1
36046.898,2,1588711,900,201900,1
36046.902,1,1612415,900,202200,1
36047.004,2,1598382,100,202400,1
36047.373,2,1612139,200,202460,1
36047.399,1,1612937,500,202300,1
36047.444,1,1612992,1000,202210,1
36047.626,2,1612992,1000,202210,1
36047.66,1,1613189,800,202310,1
36047.69,2,1613189,800,202310,1
36047.938,1,1613435,200,202500,1
36050.365,2,1543618,1100,203100,-1
36050.395,2,1611503,1000,202990,-1
36050.545,1,1615850,200,202510,1
36050.688,2,1613435,200,202500,1
36051.431,1,1616568,500,202600,1
36051.575,5,1613427,100,202800,-1
