34201.332,4,142020,18,189400,-1
34201.332,4,142662,182,189400,-1
34202.491,1,144535,2000,120000,1
34203.1,1,144921,5,189600,-1
34204.096,5,145454,500,189050,-1
34204.502,5,145597,1000,188950,1
34204.533,1,145763,200,188510,1
34205.327,1,146218,100,189000,-1
34205.82,2,145763,200,188510,1
34206.2,1,146585,500,188300,1
34207.521,5,135199,500,188520,1
34207.521,5,146430,400,188520,1
34207.561,5,146432,100,188510,1
34208.409,2,146218,100,189000,-1
34208.489,1,148055,300,189390,-1
34209.486,2,148055,300,189390,-1
34209.536,1,148994,1000,189380,-1
34209.869,2,148994,1000,189380,-1
34209.967,5,148024,300,188540,1
34209.967,5,149014,200,188520,1
34209.98,1,149380,300,189370,-1
34210.006,2,149380,300,189370,-1
34210.257,1,149597,100,188600,-1
34210.285,4,149597,100,188600,-1
34210.34,5,149014,500,188520,1
34210.842,4,130681,500,188500,1
34211.06,5,149779,100,188580,-1
34211.06,1,150069,400,188600,1
34211.395,4,150069,400,188600,1
34211.879,1,150734,200,189390,-1
34211.935,2,146585,500,188300,1
34212.713,5,151153,1000,188620,1
34213.079,2,150734,200,189390,-1
34213.213,1,151489,700,189380,-1
34213.24,2,151489,700,189380,-1
34213.311,1,151530,400,189390,-1
34214.679,2,151530,400,189390,-1
34214.903,1,152251,600,189380,-1
34214.987,2,152251,600,189380,-1
34215.044,4,130681,1000,188500,1
34215.119,1,152353,300,189370,-1
34220.633,1,154220,270,189400,-1
34222.157,2,152353,300,189370,-1
34222.19,1,154737,700,189360,-1
34224.225,4,130681,300,188500,1
34226.525,5,155592,100,188600,-1
34227.581,2,154737,700,189360,-1
34227.739,1,156963,1000,189350,-1
34227.911,2,156963,1000,189350,-1
34227.942,1,157046,100,188600,-1
34227.957,1,157051,700,189340,-1
34228.781,4,128936,200,188400,1
34228.952,2,157051,700,189340,-1
34228.98,1,157413,1000,187910,1
34233.749,2,157046,100,188600,-1
34233.972,1,159400,1000,189390,-1
34234.409,1,159590,500,189400,-1
34235.868,2,159590,500,189400,-1
34238.987,1,161176,200,175500,1
34240.345,1,161633,100,188300,1
34241.747,1,162232,100,188300,1
34242.096,1,162410,226,188400,1
34242.946,5,161898,300,188420,1
34243.203,2,162232,100,188300,1
34243.415,4,162410,44,188400,1
34243.518,4,162410,182,188400,1
34243.554,5,162983,500,188450,-1
34243.645,1,163041,250,188400,1
34243.657,4,163041,200,188400,1
34243.909,4,163041,18,188400,1
34244.487,1,163384,100,188410,1
34245.08,2,159400,1000,189390,-1
34245.247,1,163645,500,189390,-1
34245.476,2,163645,500,189390,-1
34245.531,2,163384,100,188410,1
34245.694,1,163773,900,189380,-1
34246.639,2,161633,100,188300,1
34247.059,1,164301,100,188410,1
34251.636,2,154220,270,189400,-1
34252.145,2,164301,100,188410,1
34252.282,1,166389,270,188600,-1
34253.251,5,166434,100,188480,-1
34253.638,5,166396,200,188580,-1
34254.283,2,163773,900,189380,-1
34255.082,5,167145,100,188580,-1
34255.545,1,168276,100,188500,1
34256.242,5,167145,200,188580,-1
34258.614,5,167145,200,188580,-1
34258.614,4,166389,168,188600,-1
34259.563,5,167737,35,188520,1
34259.608,4,166389,100,188600,-1
34260.693,4,166389,2,188600,-1
34260.875,1,171209,400,189390,-1
34261.674,1,171592,500,188500,1
34261.675,2,157413,1000,187910,1
34262.439,2,168276,100,188500,1
34262.77,2,171592,500,188500,1
34263.905,1,172673,300,188410,1
34264.36,2,171209,400,189390,-1
34264.412,1,172882,900,189380,-1
34265.796,1,173574,500,189400,-1
34265.995,1,173720,500,188900,-1
34266.246,1,173867,100,188700,1
34266.263,2,173720,500,188900,-1
34267.408,2,144921,5,189600,-1
34267.681,1,174643,5,188900,-1
34268.241,5,173947,19,188820,1
34270.368,4,174643,5,188900,-1
34270.368,5,172449,14,188950,-1
34270.413,2,173867,100,188700,1
34270.834,2,172882,900,189380,-1
34270.907,1,177500,600,189370,-1
34271.623,2,173574,500,189400,-1
34272.156,1,178734,74,189200,1
34272.248,2,177500,600,189370,-1
34272.305,1,178879,300,189360,-1
34273.189,2,178879,300,189360,-1
34273.417,1,179948,200,189390,-1
34273.558,5,178885,46,189310,-1
34274.188,2,179948,200,189390,-1
34274.344,2,172673,300,188410,1
34274.494,1,181022,500,188800,1
34276.219,1,182520,567,176500,1
34280.888,2,140278,2000,190000,-1
34283.392,2,178734,74,189200,1
34283.488,1,188082,1000,188810,1
34283.812,2,188082,1000,188810,1
34283.847,1,188301,400,188820,1
34284.798,2,188301,400,188820,1
34284.879,1,188900,1000,188810,1
34285.501,2,188900,1000,188810,1
34285.687,1,189530,600,188810,1
34285.893,2,189530,600,188810,1
34285.929,1,189697,900,188820,1
34286.172,2,189697,900,188820,1
34286.362,1,190034,600,188830,1
34287.939,2,181022,500,188800,1
34290.907,2,190034,600,188830,1
34290.941,1,193397,300,188840,1
34291.362,1,193697,1000,189800,-1
34292.467,5,183072,74,189380,-1
34292.753,5,183072,100,189380,-1
34294.424,2,193397,300,188840,1
34294.482,1,196181,1000,188850,1
34294.486,1,196183,500,188800,1
34294.993,5,183072,300,189380,-1
34295.201,4,142662,18,189400,-1
34297.671,5,196766,200,189550,-1
34297.954,5,196782,38,189550,-1
34299.084,2,196181,1000,188850,1
34299.125,2,196183,500,188800,1
34299.16,1,199982,500,188860,1
34299.224,2,199982,500,188860,1
34299.342,1,200111,800,188870,1
34299.839,5,199726,8,189500,-1
34299.839,5,196769,60,189560,-1
34300.654,5,196769,100,189560,-1
34301.527,1,201740,226,189500,1
34301.756,4,119340,34,189600,-1
34302.399,1,202265,400,165000,1
34307.275,4,201740,226,189500,1
34307.275,5,200606,200,189500,1
34307.275,5,201863,300,189500,1
34308.068,1,205648,1000,189510,-1
34308.383,5,205664,240,189470,-1
34308.383,4,205648,60,189510,-1
34310.225,4,205648,200,189510,-1
34311.069,2,205648,740,189510,-1
34311.212,1,207599,740,189500,-1
34321.733,1,212982,143,189400,-1
34322.731,2,212982,143,189400,-1
34324.006,5,210130,100,189480,-1
34324.019,5,210130,400,189480,-1
34324.019,4,207599,740,189500,-1
34324.019,5,210481,60,189500,-1
34324.98,5,213024,200,189500,-1
34324.98,5,214588,900,189500,-1
34326.507,1,215772,85,176500,1
34328.987,1,217344,500,188900,1
34329.094,2,200111,800,188870,1
34329.129,1,217462,1000,188910,1
34329.661,4,119340,84,189600,-1
34330.688,1,218691,100,189400,1
34330.848,4,119340,182,189600,-1
34331.831,1,219350,2000,190000,-1
34334.09,2,217344,500,188900,1
34334.501,2,217462,1000,188910,1
34335.028,4,193697,1000,189800,-1
34335.519,1,221541,900,189410,1
34345.613,5,225432,100,189750,1
34346.361,2,221541,900,189410,1
34346.473,1,227117,600,189410,1
34346.611,2,227117,600,189410,1
34348.045,5,227504,100,189550,1
34348.619,1,228129,600,189990,-1
34348.83,1,228222,1000,189500,1
34350.213,1,228746,100,189700,-1
34351.36,2,228129,600,189990,-1
34351.96,2,228746,100,189700,-1
34352.05,1,229571,300,189990,-1
34353.462,1,230245,100,189600,-1
34357.225,2,230245,100,189600,-1
34358.41,4,228222,800,189500,1
34359.085,4,228222,200,189500,1
34359.29,1,233125,500,190000,-1
34359.313,2,229571,300,189990,-1
34359.349,1,233165,600,189980,-1
34359.428,2,218691,100,189400,1
34359.488,1,233237,900,188500,1
34359.53,1,233273,1500,184000,1
34360.588,2,233125,500,190000,-1
34364.901,1,236067,500,188600,1
34364.986,2,233237,900,188500,1
34365.0,2,236067,500,188600,1
34365.191,1,236296,1000,188410,1
34368.534,1,238257,1000,189000,1
34368.648,2,236296,1000,188410,1
34368.691,1,238313,1000,189010,1
34370.189,2,238313,1000,189010,1
34370.223,1,239050,600,189020,1
34370.392,2,233165,600,189980,-1
34370.442,1,239160,1000,189970,-1
34373.557,2,239160,1000,189970,-1
34373.888,1,241156,600,189990,-1
34374.614,2,239050,600,189020,1
34374.806,1,241788,700,189010,1
34374.971,2,241788,700,189010,1
34376.84,2,241156,600,189990,-1
34376.894,1,243008,1000,189990,-1
34379.518,1,244539,1000,189400,-1
34380.879,1,245572,100,189100,1
34381.504,1,245997,90,189200,-1
34382.503,5,245623,100,189110,1
34383.35,1,247238,200,190700,-1
34383.354,1,247241,200,187900,1
34383.97,5,245623,68,189110,1
34384.347,5,245623,100,189110,1
34385.116,5,248064,38,189130,1
34385.116,5,245623,132,189110,1
34385.116,4,245572,100,189100,1
34386.486,1,249186,100,189200,-1
34386.82,4,238257,1000,189000,1
34386.913,1,249403,500,188410,1
34387.6,2,249186,100,189200,-1
34388.413,1,250182,1000,189000,-1
34388.644,1,250372,100,189000,-1
34391.553,2,250372,100,189000,-1
34393.405,1,253733,2000,191500,-1
34395.393,2,249403,500,188410,1
34395.417,1,254937,500,187900,1
34395.76,1,255177,500,189000,-1
34395.798,2,243008,1000,189990,-1
34396.224,1,255503,1000,188990,-1
34399.367,1,257338,5000,188500,1
34399.693,2,244539,1000,189400,-1
34399.708,2,250182,1000,189000,-1
34399.803,2,255177,500,189000,-1
34400.779,5,257895,200,188620,1
34401.346,2,255503,1000,188990,-1
34401.365,1,258466,500,189900,-1
34401.506,1,258535,1000,189190,-1
34401.524,2,258466,500,189900,-1
34401.531,1,258545,500,189200,-1
34401.569,2,258545,500,189200,-1
34405.592,2,245997,90,189200,-1
34407.639,1,262227,100,188600,1
34407.74,2,254937,500,187900,1
34408.346,5,261853,100,188700,-1
34408.346,1,262618,900,188700,1
34411.025,1,263901,2000,189800,-1
34412.712,1,264791,100,188700,1
34418.678,2,264791,100,188700,1
34424.013,2,262227,100,188600,1
34432.189,2,258535,1000,189190,-1
34432.228,1,276631,500,189800,-1
34432.254,1,276656,1000,189790,-1
34432.871,2,262618,900,188700,1
34433.005,1,277345,800,188510,1
34433.988,5,277172,400,188910,1
34434.332,2,277345,800,188510,1
34434.347,2,276631,500,189800,-1
34434.365,1,278162,500,188520,1
34436.597,2,278162,500,188520,1
34436.631,1,279806,800,188530,1
34437.581,2,279806,800,188530,1
34437.719,1,280631,500,188600,1
34437.776,1,280684,1000,188510,1
34437.866,2,280684,1000,188510,1
34437.96,1,280838,600,188610,1
34440.87,2,280838,600,188610,1
34440.937,1,282810,1000,188620,1
34442.267,2,282810,1000,188620,1
34442.349,1,283917,600,188610,1
34442.721,2,276656,1000,189790,-1
34442.926,1,284350,900,189790,-1
34443.379,2,283917,600,188610,1
34443.53,1,284774,900,188610,1
34444.475,2,284774,900,188610,1
34444.597,1,285679,600,188610,1
34446.014,1,286817,500,188200,1
34447.658,5,284999,200,189190,-1
34449.887,2,280631,500,188600,1
34456.606,2,96664,200,186250,1
34456.614,1,294502,200,183550,1
34457.264,1,294891,100,189100,1
34458.804,2,294891,100,189100,1
34461.139,2,285679,600,188610,1
34461.346,1,297733,400,188510,1
34463.175,2,297733,400,188510,1
34463.208,1,299194,800,188520,1
34463.759,1,299574,500,189800,-1
34466.945,2,247238,200,190700,-1
34466.948,2,247241,200,187900,1
34469.848,5,297810,100,188900,1
34470.017,2,299194,800,188520,1
34470.096,2,299574,500,189800,-1
34470.181,1,303138,500,188510,1
34471.633,1,303935,1000,187500,1
34473.284,2,303138,500,188510,1
34473.317,1,305007,1000,188520,1
34474.221,2,305007,1000,188520,1
34474.254,1,305655,500,188530,1
34474.424,2,305655,500,188530,1
34474.485,1,305818,200,190300,-1
34474.528,1,305839,200,187500,1
34474.564,1,305862,800,188510,1
34474.666,2,305862,800,188510,1
34474.883,1,306059,300,188510,1
34475.143,2,306059,300,188510,1
34475.199,1,306251,600,188520,1
34475.496,2,306251,600,188520,1
34475.584,1,306501,400,188510,1
34475.967,2,306501,400,188510,1
34476.098,1,306840,700,188510,1
34476.19,2,306840,700,188510,1
34476.389,1,306978,400,188510,1
34479.284,2,306978,400,188510,1
34479.506,1,308925,400,188510,1
34481.749,5,310128,500,188810,1
34481.749,5,300959,400,188720,1
34482.194,2,308925,400,188510,1
34485.37,1,312419,100,182000,1
34485.47,1,312502,100,188800,-1
34490.55,5,311424,100,188790,-1
34490.55,5,312543,900,188790,-1
34495.204,1,318807,100,188700,1
34501.947,5,322565,500,188740,1
34502.045,5,319813,18,188730,1
34502.045,5,318811,400,188720,1
34502.045,5,321523,500,188720,1
34502.045,5,321710,82,188720,1
34502.278,5,321710,418,188720,1
34502.278,4,318807,100,188700,1
34506.408,1,326363,100,188800,-1
34507.471,2,326363,100,188800,-1
34507.534,2,284350,900,189790,-1
34508.345,1,327628,100,188790,-1
34509.928,5,327532,500,188520,1
34509.928,5,327852,400,188520,1
34509.928,5,323585,400,188510,1
34509.928,5,327600,300,188510,1
34509.928,4,257338,3400,188500,1
34510.556,4,257338,1600,188500,1
34511.338,2,327628,100,188790,-1
34511.397,1,329677,200,188790,-1
34512.126,2,329677,200,188790,-1
34512.268,1,330266,100,188590,-1
34513.346,2,312502,100,188800,-1
34514.813,2,330266,100,188590,-1
34514.973,1,332098,900,189700,-1
34515.694,1,332664,500,189700,-1
34516.342,1,333143,100,188700,-1
34517.152,2,332098,900,189700,-1
34517.38,5,333779,300,188600,-1
34517.737,1,334238,1000,188500,1
34517.745,5,333809,72,188680,-1
34517.774,5,333947,200,188610,1
34517.774,4,334238,800,188500,1
34517.814,5,334324,1000,188550,1
34517.834,4,334238,200,188500,1
34518.685,2,305839,200,187500,1
34518.721,1,335276,200,188200,1
34518.868,2,332664,500,189700,-1
34519.031,2,333143,100,188700,-1
34519.242,1,335800,700,189600,-1
34519.305,1,335864,100,188700,-1
34519.472,2,335800,700,189600,-1
34519.571,5,335765,100,188650,-1
34519.93,2,335864,100,188700,-1
34519.934,2,112843,200,187000,1
34520.036,1,336425,1000,189600,-1
34520.27,2,336425,1000,189600,-1
34520.406,1,336756,900,189700,-1
34520.582,1,336904,1000,188500,1
34522.424,1,338481,100,188600,1
34527.007,2,336904,1000,188500,1
34538.637,5,349994,100,188890,-1
34538.637,1,350540,200,188900,1
34539.829,4,350540,100,188900,1
34540.855,4,350540,100,188900,1
34542.184,1,353765,227,188800,1
34547.718,2,338481,100,188600,1
34548.299,4,353765,227,188800,1
34548.299,5,353421,215,188800,1
34548.366,1,358344,1000,188410,1
34548.675,2,358344,1000,188410,1
34548.7,1,358707,500,189700,-1
34548.708,1,358715,500,188300,1
34550.073,2,358707,500,189700,-1
34555.812,1,364252,200,188800,1
34556.29,1,364576,1000,188610,1
34556.583,1,364767,100,188510,1
34557.844,2,358715,500,188300,1
34566.064,2,364767,100,188510,1
34568.473,1,373736,100,188610,1
34568.776,1,373952,200,188800,1
34569.338,2,373952,200,188800,1
34574.81,5,369195,100,189000,-1
34574.81,5,369796,300,189000,-1
34574.81,5,376957,200,189000,-1
34576.601,1,379365,100,188810,1
34576.727,5,379142,100,189000,1
34576.819,2,379365,100,188810,1
34578.418,1,380358,200,188810,1
34578.887,5,380390,100,189100,1
34578.887,5,380641,200,189100,1
34579.696,1,381178,100,189300,-1
34580.246,2,380358,200,188810,1
34580.331,1,381530,1000,188820,1
34580.717,2,305818,200,190300,-1
34580.723,1,381763,300,191200,-1
34581.005,4,381178,100,189300,-1
34581.266,1,382068,500,189700,-1
34583.148,2,373736,100,188610,1
34584.009,2,382068,500,189700,-1
34584.536,2,336756,900,189700,-1
34584.645,1,384458,900,189790,-1
34585.987,2,384458,900,189790,-1
34586.115,1,385406,500,189790,-1
34586.519,2,385406,500,189790,-1
34586.677,1,385877,700,189790,-1
34587.104,2,385877,700,189790,-1
34588.036,1,386926,500,188900,1
34588.193,2,381530,1000,188820,1
34588.252,1,387086,1000,188910,1
34588.26,2,364576,1000,188610,1
34588.287,2,386926,500,188900,1
34593.484,2,381763,300,191200,-1
34593.495,1,390878,200,190500,-1
34596.309,2,387086,1000,188910,1
34596.35,1,392804,700,188920,1
34596.957,2,392804,700,188920,1
34596.991,1,393280,1000,188930,1
34598.794,1,394708,100,189600,-1
34600.328,2,393280,1000,188930,1
34600.46,1,396192,700,188810,1
34600.643,2,396192,700,188810,1
34600.736,1,396444,400,188820,1
34601.136,2,396444,400,188820,1
34601.286,1,396901,700,188810,1
34601.627,1,397185,227,189600,-1
34605.424,2,396901,700,188810,1
34605.459,1,399914,1000,188820,1
34605.479,1,399933,100,189600,-1
34607.547,5,396085,200,189550,-1
34607.576,5,396085,128,189550,-1
34607.576,5,396089,172,189560,-1
34613.933,2,399933,100,189600,-1
34614.587,5,396089,228,189560,-1
34614.587,4,394708,100,189600,-1
34614.587,4,397185,72,189600,-1
34615.032,4,397185,100,189600,-1
34615.706,4,397185,55,189600,-1
34616.878,2,399914,1000,188820,1
34616.911,1,408037,700,188830,1
34617.586,1,408539,400,188800,1
34617.807,1,408729,500,188900,1
34617.893,2,408037,700,188830,1
34617.942,2,408729,500,188900,1
34617.943,1,408822,700,188910,1
34619.127,2,408822,700,188910,1
34619.272,1,409680,1000,188810,1
34620.099,2,408539,400,188800,1
34623.822,1,412863,100,189700,-1
34629.325,2,412863,100,189700,-1
34629.518,1,416000,1000,189610,-1
34632.169,4,416000,1000,189610,-1
34632.449,1,418080,1000,189610,-1
34632.786,4,418080,1000,189610,-1
34633.072,1,418608,1000,189610,-1
34633.112,2,409680,1000,188810,1
34633.162,1,418676,700,188820,1
34633.279,4,418608,1000,189610,-1
34633.477,1,418898,1000,189610,-1
34633.723,4,418898,400,189610,-1
34635.48,2,418898,600,189610,-1
34635.535,2,418676,700,188820,1
34635.588,1,420355,1000,188830,1
34635.778,1,420466,1600,189600,-1
34637.117,1,421268,100,189600,-1
34637.414,2,335276,200,188200,1
34637.435,1,421496,300,187000,1
34637.642,5,421390,500,189490,-1
34637.642,5,421402,500,189490,-1
34637.642,5,420472,1000,189560,-1
34637.642,5,421567,500,189560,-1
34637.642,4,420466,300,189600,-1
34637.95,2,421268,100,189600,-1
34638.669,1,422382,100,189490,-1
34639.53,2,420355,1000,188830,1
34639.569,1,423012,1000,188840,1
34639.971,2,422382,100,189490,-1
34640.734,1,424063,100,189480,-1
34641.154,1,424523,166,189500,-1
34643.476,2,423012,1000,188840,1
34643.543,1,426705,1500,189400,-1
34643.662,1,426837,700,188810,1
34643.991,1,427169,100,189400,-1
34644.033,2,426837,700,188810,1
34644.042,2,424063,100,189480,-1
34644.069,1,427232,1000,188820,1
34645.755,1,428633,100,189400,-1
34646.571,2,428633,100,189400,-1
34647.266,1,429961,100,189390,-1
34649.518,2,427232,1000,188820,1
34649.549,1,431497,500,188800,1
34649.553,1,431500,700,188830,1
34649.733,2,426705,1500,189400,-1
34650.171,1,431992,1000,188900,1
34650.189,2,431497,500,188800,1
34650.197,1,432014,500,188900,1
34650.227,2,431500,700,188830,1
34650.286,1,432082,600,188910,1
34651.411,2,429961,100,189390,-1
34651.672,2,432014,500,188900,1
34654.528,2,432082,600,188910,1
34654.631,1,435137,900,188910,1
34655.469,2,435137,900,188910,1
34655.611,1,435829,500,188920,1
34661.143,1,439282,300,196900,-1
34662.606,1,440285,1000,188600,1
34665.434,2,424523,166,189500,-1
34665.613,2,435829,500,188920,1
34666.4,2,431992,1000,188900,1
34666.491,1,442915,900,188810,1
34666.781,1,443187,1200,188800,1
34668.248,1,444179,100,189400,-1
34669.687,2,442915,900,188810,1
34669.848,1,445365,500,189400,-1
34669.912,1,445401,1000,188810,1
34670.041,2,444179,100,189400,-1
34670.913,1,446234,100,189300,-1
34670.949,2,445365,500,189400,-1
34670.957,1,446283,500,189300,-1
34672.057,1,447234,200,194000,-1
34674.154,2,421496,300,187000,1
34674.176,1,448948,200,187600,1
34675.518,2,446283,500,189300,-1
34676.494,2,443187,1200,188800,1
34676.511,1,450845,500,189100,1
34676.737,2,445401,1000,188810,1
34676.839,4,446234,100,189300,-1
34678.243,5,442355,68,189350,-1
34682.699,4,427169,100,189400,-1
34682.699,1,456308,127,189400,1
34685.906,2,456308,127,189400,1
34686.129,1,459052,127,189500,1
34686.238,1,459146,1000,189110,1
34691.398,2,450845,500,189100,1
34691.441,1,463151,600,189400,1
34692.075,4,420466,1300,189600,-1
34692.075,1,463652,2700,189600,1
34692.102,2,286817,500,188200,1
34692.933,2,463151,600,189400,1
34692.951,1,464395,800,189300,1
34693.196,1,464580,500,189200,1
34694.518,5,459446,200,189700,-1
34694.807,1,465712,100,189600,1
34696.847,5,466552,500,189760,-1
34696.847,4,263901,700,189800,-1
34696.855,4,263901,1200,189800,-1
34697.216,4,263901,100,189800,-1
34698.502,2,459146,1000,189110,1
34698.539,1,469054,1100,190200,-1
34698.665,1,469150,1000,189610,1
34699.206,2,469150,1000,189610,1
34699.32,1,469714,400,189610,1
34699.494,2,465712,100,189600,1
34699.948,2,463652,2700,189600,1
34699.963,2,469054,1100,190200,-1
34701.38,1,471361,181,189900,-1
34701.641,2,459052,127,189500,1
34701.643,4,471361,181,189900,-1
34701.643,4,219350,1819,190000,-1
34702.41,1,472027,127,189900,1
34702.551,1,472127,100,190000,-1
34702.961,1,472428,1000,190300,-1
34705.574,4,472027,127,189900,1
34705.813,2,469714,400,189610,1
34705.9,1,474271,300,189310,1
34706.173,2,472127,100,190000,-1
34706.344,1,474575,1000,191500,-1
34707.786,2,474271,300,189310,1
34707.819,1,475554,1000,189320,1
34707.9,1,475641,500,189400,1
34707.971,2,475554,1000,189320,1
34708.015,5,471755,100,189950,-1
34708.051,1,475756,1000,189410,1
34710.129,1,477253,100,189900,-1
34710.534,5,477286,273,189890,-1
34710.534,4,477253,100,189900,-1
34710.534,4,219350,181,190000,-1
34710.534,1,477554,2146,190000,1
34710.545,4,477554,900,190000,1
34710.63,1,477659,1000,190290,-1
34711.019,2,475756,1000,189410,1
34711.047,2,475641,500,189400,1
34712.698,2,472428,1000,190300,-1
34713.539,1,479883,200,190000,1
34714.112,2,479883,200,190000,1
34715.246,4,477554,500,190000,1
34715.875,4,477554,746,190000,1
34715.875,5,478392,100,190000,1
34715.875,5,479452,154,190000,1
34715.902,1,481520,500,190300,-1
34715.971,1,481554,800,189310,1
34720.267,1,484446,1100,190300,-1
34720.376,1,484550,100,190000,-1
34722.37,1,485933,1000,189000,1
34724.425,2,481554,800,189310,1
34724.459,1,487127,500,189320,1
34724.516,2,484550,100,190000,-1
34727.02,2,487127,500,189320,1
34727.054,1,488782,900,189330,1
34729.195,2,54428,500,193500,-1
34732.433,1,492184,100,190000,-1
34739.434,1,497273,163,183300,1
34739.475,2,484446,1100,190300,-1
34739.477,2,464395,800,189300,1
34739.478,1,497350,800,189600,1
34739.532,1,497411,166,179600,1
34740.749,2,497350,800,189600,1
34740.777,1,498411,500,189400,1
34740.796,1,498428,900,189500,1
34740.822,2,498411,500,189400,1
34740.829,1,498453,500,189500,1
34740.866,2,488782,900,189330,1
34741.006,1,498589,700,189510,1
34741.524,2,364252,200,188800,1
34742.21,1,499689,5000,189500,1
34742.254,2,498589,700,189510,1
34742.303,2,390878,200,190500,-1
34742.311,1,499810,200,190900,-1
34742.313,1,499812,300,189520,1
34742.566,2,499812,300,189520,1
34742.619,1,500116,1000,189530,1
34743.657,2,500116,1000,189530,1
34743.74,1,501107,800,189510,1
34743.995,2,492184,100,190000,-1
34746.443,1,503588,100,189600,1
34746.473,2,498453,500,189500,1
34746.483,1,503619,500,189600,1
34750.903,1,506703,900,194200,-1
34751.003,2,499689,5000,189500,1
34753.618,1,508961,300,189980,-1
34756.332,1,510902,1000,189800,1
34767.789,4,508961,300,189980,-1
34768.457,1,520384,1000,190300,-1
34768.474,5,518283,500,189910,1
34770.366,2,510902,1000,189800,1
34772.17,2,520384,1000,190300,-1
34773.726,2,95381,3000,193300,-1
34773.925,1,525057,1000,189910,1
34773.943,4,525057,100,189910,1
34776.88,1,527815,1000,190300,-1
34777.81,2,499810,200,190900,-1
34777.815,2,448948,200,187600,1
34777.95,2,503588,100,189600,1
34781.309,4,525057,128,189910,1
34783.145,2,527815,1000,190300,-1
34784.626,1,534466,200,191200,-1
34784.65,1,534502,200,188300,1
34784.724,1,534568,900,190300,-1
34786.248,1,535708,400,189990,1
34787.709,4,535708,300,189990,1
34788.751,1,537446,100,190000,-1
34788.799,4,535708,100,189990,1
34790.628,5,537485,68,189930,1
34791.502,4,525057,772,189910,1
34791.624,2,501107,800,189510,1
34791.921,1,540581,700,189610,1
34792.777,2,498428,900,189500,1
34792.895,2,540581,700,189610,1
34794.074,2,537446,100,190000,-1
34794.537,5,469163,71,189660,1
34795.122,2,503619,500,189600,1
34795.292,1,544231,500,189210,1
34799.405,1,548592,500,189300,1
34799.473,2,544231,500,189210,1
34799.506,1,548668,300,189310,1
34800.129,2,548668,300,189310,1
34800.274,1,549365,500,189310,1
34801.407,2,549365,500,189310,1
34801.459,1,550463,1000,189320,1
34801.497,1,550494,226,189700,-1
34801.849,1,550805,5000,189500,1
34802.018,2,481520,500,190300,-1
34803.067,2,550463,1000,189320,1
34807.741,1,555055,300,189980,-1
34807.945,2,548592,500,189300,1
34810.216,2,534568,900,190300,-1
34810.217,1,557334,1000,190000,-1
34812.284,4,550805,258,189500,1
34812.69,1,559578,100,189680,-1
34814.384,1,560708,1000,189200,1
34815.474,2,559578,100,189680,-1
34816.255,1,562196,100,189600,-1
34817.765,2,562196,100,189600,-1
34817.87,5,558026,200,189600,-1
34817.87,5,556417,121,189680,-1
34820.449,5,556417,479,189680,-1
34820.449,5,563509,500,189690,-1
34820.449,4,550494,21,189700,-1
34820.812,2,557334,1000,190000,-1
34821.069,1,565713,736,189700,-1
34822.697,4,550494,205,189700,-1
34822.697,4,565713,736,189700,-1
34822.968,5,567611,200,189700,1
34822.968,5,567381,457,189550,1
34822.968,5,563557,343,189540,1
34823.566,5,568076,500,189610,1
34823.566,5,568163,100,189610,1
34824.519,1,569045,100,189700,-1
34824.603,5,568202,500,189600,1
34828.166,5,569477,400,189600,1
34828.265,2,569045,100,189700,-1
34831.439,2,59531,1000,192900,-1
34832.057,1,575263,1000,199900,-1
34833.108,1,576330,500,190000,-1
34836.967,2,477659,1000,190290,-1
34837.009,1,579531,1000,189970,-1
34839.12,2,440285,1000,188600,1
34839.784,5,580428,500,189590,-1
34839.784,5,580954,500,189590,-1
34847.017,5,586406,500,189510,1
34847.017,5,586637,500,189510,1
34847.017,4,550805,200,189500,1
34847.029,4,550805,600,189500,1
34847.13,4,550805,1941,189500,1
34847.418,4,550805,1200,189500,1
34847.472,4,550805,800,189500,1
34847.498,4,550805,1,189500,1
34850.256,2,560708,1000,189200,1
34850.292,1,589038,1200,189000,1
34850.472,2,589038,1200,189000,1
34850.514,1,589148,1200,189900,-1
34850.545,2,576330,500,190000,-1
34850.552,1,589171,500,189900,-1
34850.582,2,579531,1000,189970,-1
34850.594,1,589196,1000,189000,1
34850.626,1,589217,1000,189890,-1
34851.576,1,589945,100,189390,-1
34852.973,1,591381,1000,189400,-1
34853.541,1,591957,100,189380,-1
34853.711,2,589148,1200,189900,-1
34854.289,1,592826,2000,189300,1
34855.727,2,591381,1000,189400,-1
34855.729,5,592994,500,189340,1
34855.729,4,592826,500,189300,1
34855.731,2,589945,100,189390,-1
34856.169,2,589171,500,189900,-1
34857.277,5,594321,100,189340,1
34859.806,4,591957,100,189380,-1
34862.132,1,601135,106,189400,1
34867.852,4,601135,106,189400,1
34868.516,1,607017,100,189490,-1
34874.939,2,589217,1000,189890,-1
34881.948,2,589196,1000,189000,1
34882.407,1,616312,900,189000,1
34887.411,4,592826,100,189300,1
34887.909,4,592826,1400,189300,1
34889.168,2,616312,900,189000,1
34890.407,4,464580,500,189200,1
34891.298,1,622347,1200,188800,1
34891.442,2,607017,100,189490,-1
34891.485,1,622487,500,190000,-1
34891.503,1,622507,400,189210,-1
34891.642,1,622600,900,189970,-1
34893.526,5,508952,300,189110,1
34894.507,2,622507,400,189210,-1
34895.956,1,625685,3000,190000,-1
34896.197,2,622347,1200,188800,1
34897.443,1,626775,100,189200,-1
34897.866,1,627070,900,188800,1
34908.289,2,626775,100,189200,-1
34912.859,2,534502,200,188300,1
34912.874,1,637511,300,187000,1
34915.349,2,534466,200,191200,-1
34915.352,2,637511,300,187000,1
34915.374,1,639122,100,189800,-1
34915.377,1,639124,300,184400,1
34915.395,2,622487,500,190000,-1
34915.402,1,639149,500,189800,-1
34915.457,2,622600,900,189970,-1
34915.468,2,639149,500,189800,-1
34915.494,1,639194,600,189790,-1
34916.129,1,639640,100,189100,1
34916.27,2,639194,600,189790,-1
34916.453,1,639874,700,189790,-1
34918.205,2,639640,100,189100,1
34919.086,2,639874,700,189790,-1
34919.288,1,642125,1000,189790,-1
34920.019,2,642125,1000,189790,-1
34920.164,1,642713,600,189790,-1
34920.191,1,642735,100,189100,1
34920.958,2,642735,100,189100,1
34921.209,2,642713,600,189790,-1
34921.244,1,643721,1000,189780,-1
34922.115,1,644628,3000,190000,-1
34922.732,2,643721,1000,189780,-1
34922.913,1,645394,700,189790,-1
34923.361,2,645394,700,189790,-1
34923.416,1,645850,1000,189780,-1
34924.04,1,646340,1100,189600,-1
34924.149,2,645850,1000,189780,-1
34924.203,1,646445,800,189590,-1
34924.911,2,646445,800,189590,-1
34924.971,1,646963,400,189580,-1
34924.995,2,625685,3000,190000,-1
34927.18,2,129799,2000,184000,1
34928.365,2,646963,400,189580,-1
34928.61,1,649223,600,189590,-1
34930.897,1,650697,100,189200,1
34932.872,2,649223,600,189590,-1
34933.008,1,652229,600,189590,-1
34934.409,2,652229,600,189590,-1
34934.588,1,653428,600,189590,-1
34935.908,2,650697,100,189200,1
34941.363,5,629941,61,189110,1
34942.707,1,661773,227,189200,-1
34943.131,2,653428,600,189590,-1
34946.252,2,627070,900,188800,1
34947.718,5,629941,73,189110,1
34948.738,1,668024,900,188800,1
34951.779,2,639122,100,189800,-1
34951.807,1,671277,200,189900,-1
34952.32,5,629941,79,189110,1
34956.639,2,668024,900,188800,1
34956.689,5,629941,87,189110,1
34957.986,1,677269,100,188700,1
34961.224,2,677269,100,188700,1
34964.254,2,639124,300,184400,1
34964.274,1,682831,200,187300,1
34965.481,4,485933,77,189000,1
34967.514,2,661773,227,189200,-1
34967.539,1,685741,500,189600,-1
34967.623,1,685843,600,189590,-1
34968.444,2,685843,600,189590,-1
34968.582,1,686768,1000,189580,-1
34969.398,4,485933,100,189000,1
34969.478,4,485933,200,189000,1
34969.617,4,485933,368,189000,1
34969.749,4,485933,255,189000,1
34969.773,1,687949,3000,187500,1
34969.781,1,687958,500,187800,1
34969.8,2,687949,3000,187500,1
34969.821,1,687989,3000,187800,1
34969.821,1,687991,1000,188410,1
34969.859,2,687989,3000,187800,1
34969.864,1,688044,100,185400,1
34969.869,2,687958,500,187800,1
34969.877,1,688057,500,188400,1
34969.903,1,688073,3000,188400,1
34969.95,2,688073,3000,188400,1
34969.997,2,688057,500,188400,1
34972.817,2,686768,1000,189580,-1
34972.853,1,690819,700,189570,-1
34972.872,1,690849,600,188500,1
34972.962,2,687991,1000,188410,1
34973.087,1,691003,1000,188510,1
34973.164,2,690819,700,189570,-1
34973.187,2,685741,500,189600,-1
34973.202,1,691089,500,189600,-1
34973.213,1,691102,900,189560,-1
34977.096,5,693209,300,188960,-1
34988.853,5,693210,500,188960,-1
34988.853,5,703642,500,188960,-1
34990.618,1,705525,100,189000,1
34990.663,2,691089,500,189600,-1
34991.077,2,671277,200,189900,-1
34991.099,1,705859,200,190600,-1
34991.169,4,705525,100,189000,1
34991.169,5,705868,900,189000,1
34991.193,5,705868,100,189000,1
34991.193,5,700702,300,188820,1
34991.42,5,700702,500,188820,1
34991.443,5,700702,200,188820,1
34991.443,5,705945,300,188810,1
34991.949,2,691003,1000,188510,1
34992.555,1,706993,500,188510,1
34992.734,2,706993,500,188510,1
34993.929,1,707957,500,189000,-1
34997.157,5,706060,300,188950,-1
34997.938,1,711189,100,188600,1
35002.945,1,714445,500,188600,1
35003.577,2,707957,500,189000,-1
35003.579,1,714871,500,188900,-1
35005.317,2,714871,500,188900,-1
35005.319,1,715967,500,188800,-1
35010.364,4,715967,500,188800,-1
35010.389,1,718780,3000,189600,-1
35011.323,2,690849,600,188500,1
35011.364,1,719524,700,188400,1
35017.066,5,719277,300,188780,-1
35020.844,1,726551,500,189600,-1
35023.62,2,711189,100,188600,1
35031.818,1,735151,2000,190000,-1
35041.033,1,742468,100,187700,1
35041.507,2,726551,500,189600,-1
35042.714,1,743774,151,188900,1
35044.893,2,718780,3000,189600,-1
35045.931,1,746051,100,188900,1
35047.366,2,746051,100,188900,1
35049.22,2,646340,1100,189600,-1
35049.222,1,748322,900,189300,-1
35049.312,2,691102,900,189560,-1
35049.445,1,748518,1000,189290,-1
35050.313,4,743774,100,188900,1
35051.485,1,750022,100,188900,1
35053.284,4,743774,51,188900,1
35053.284,4,750022,100,188900,1
35060.073,1,757744,188,188900,-1
35060.355,2,757744,188,188900,-1
35060.357,1,757964,188,188800,-1
35066.783,1,763180,1000,188700,-1
35067.25,4,763180,800,188700,-1
35067.869,4,763180,100,188700,-1
35067.897,2,757964,188,188800,-1
35067.899,1,764054,188,188700,-1
35068.226,4,763180,100,188700,-1
35068.226,4,764054,188,188700,-1
35068.752,1,764626,1000,200000,-1
35069.244,2,748518,1000,189290,-1
35069.461,1,765256,700,189290,-1
35070.1,2,765256,700,189290,-1
35070.149,1,765856,800,189280,-1
35071.334,1,766856,500,189300,-1
35071.595,2,766856,500,189300,-1
35080.675,2,714445,500,188600,1
35080.816,1,772441,1000,188410,1
35081.237,1,772884,500,187000,1
35089.498,2,772441,1000,188410,1
35091.431,1,780434,1000,188410,1
35095.74,2,780434,1000,188410,1
35099.847,1,787208,3000,188400,1
35099.981,1,787356,100,189800,-1
35100.798,1,788109,500,189300,-1
35102.308,2,719524,700,188400,1
35102.31,1,789679,1200,188300,1
35102.822,1,790224,227,188700,1
35104.214,4,790224,227,188700,1
35104.214,5,779978,200,188700,1
35104.214,5,782655,73,188700,1
35104.401,5,782655,27,188700,1
35104.666,5,791643,100,188690,-1
35105.909,2,789679,1200,188300,1
35107.753,2,555055,300,189980,-1
35107.868,2,788109,500,189300,-1
35107.92,1,794932,300,189980,-1
35108.147,5,794775,373,188680,-1
35108.147,5,792138,327,188690,-1
35108.226,5,792138,173,188690,-1
35108.226,5,793932,27,188700,-1
35109.116,5,795750,61,188610,1
35109.467,1,796240,1200,188300,1
35109.799,2,787208,3000,188400,1
35109.83,1,796575,3000,188300,1
35109.996,1,796755,1000,188410,1
35110.945,5,797471,400,188700,-1
35116.824,5,802756,500,188790,-1
35116.824,5,795583,100,188800,-1
35116.824,5,802562,300,188800,-1
35116.934,2,796575,3000,188300,1
35120.007,2,796755,1000,188410,1
35120.54,1,805950,1000,188410,1
35121.089,5,806211,200,188700,1
35122.006,2,805950,1000,188410,1
35122.129,2,796240,1200,188300,1
35122.156,1,807607,3000,187700,1
35122.163,1,807614,500,187700,1
35122.703,2,748322,900,189300,-1
35122.746,1,808259,800,189000,-1
35122.835,2,765856,800,189280,-1
35122.868,1,808392,1000,188990,-1
35124.089,2,644628,3000,190000,-1
35125.33,1,811185,100,188700,-1
35130.698,2,807614,500,187700,1
35132.448,1,817708,100,188680,-1
35133.747,2,817708,100,188680,-1
35134.467,1,819337,2000,190000,-1
35134.496,1,819352,100,188590,-1
35135.582,1,820220,1000,188100,1
35136.621,5,820179,400,188410,1
35137.521,2,705859,200,190600,-1
35137.525,2,682831,200,187300,1
35138.469,2,811185,100,188700,-1
35139.342,2,819352,100,188590,-1
35139.364,1,823493,500,189000,-1
35139.956,2,823493,500,189000,-1
35140.278,1,824243,100,188490,-1
35143.24,2,808392,1000,188990,-1
35145.487,2,824243,100,188490,-1
35145.674,1,828394,1000,188990,-1
35147.084,2,828394,1000,188990,-1
35147.226,1,829342,600,188990,-1
35147.232,1,829344,100,188500,-1
35147.497,2,829342,600,188990,-1
35148.201,2,829344,100,188500,-1
35148.3,1,829939,1000,188990,-1
35149.436,2,829939,1000,188990,-1
35149.586,1,830679,600,188990,-1
35151.747,5,831643,500,188520,1
35151.747,5,831717,500,188510,1
35151.796,5,831140,400,188440,1
35153.272,5,826008,39,188410,1
35153.272,4,163041,32,188400,1
35153.327,2,820220,1000,188100,1
35153.368,1,833100,1100,188000,1
35153.417,1,833137,1000,187910,1
35153.476,2,833137,1000,187910,1
35153.507,2,830679,600,188990,-1
35153.541,1,833235,1000,188010,1
35153.567,1,833253,800,188980,-1
35153.72,1,833381,140,188400,-1
35153.754,1,833416,200,189800,-1
35153.763,1,833426,200,187000,1
35153.85,2,833235,1000,188010,1
35154.112,2,833381,140,188400,-1
35154.357,1,833883,140,188300,-1
35154.402,1,833910,1000,188010,1
35154.642,2,833883,140,188300,-1
35154.898,2,833910,1000,188010,1
35155.668,2,833100,1100,188000,1
35155.711,1,834825,1000,187900,1
35155.727,2,807607,3000,187700,1
35155.742,1,834849,3000,187900,1
35155.791,1,834878,1000,187910,1
35156.929,2,834849,3000,187900,1
35161.044,2,808259,800,189000,-1
35161.046,1,837858,600,188700,-1
35161.122,2,833253,800,188980,-1
35161.445,1,838081,700,188690,-1
35162.926,1,838938,3000,187900,1
35163.066,2,838081,700,188690,-1
35163.15,1,839041,300,188680,-1
35163.229,2,839041,300,188680,-1
35163.403,1,839203,700,188690,-1
35165.249,2,834825,1000,187900,1
35165.525,1,840847,100,188390,-1
35168.0,2,838938,3000,187900,1
35168.364,2,833426,200,187000,1
35168.368,1,843084,300,186000,1
35168.92,2,839203,700,188690,-1
35171.402,2,840847,100,188390,-1
35171.445,1,845490,500,188700,-1
35171.532,1,845577,500,188690,-1
35172.946,1,846893,3000,187900,1
35173.009,2,845490,500,188700,-1
35173.283,2,845577,500,188690,-1
35173.477,1,847458,200,188690,-1
35173.492,1,847479,500,188000,1
35173.576,2,834878,1000,187910,1
35173.705,1,847699,1000,188010,1
35173.896,2,846893,3000,187900,1
35173.914,1,847916,3000,188000,1
35174.166,2,837858,600,188700,-1
35174.34,1,848423,1000,188000,1
35174.914,2,833416,200,189800,-1
35174.919,2,843084,300,186000,1
35175.383,2,847458,200,188690,-1
35175.425,1,849603,3000,189800,-1
35175.462,1,849638,600,189500,-1
35175.479,2,849603,3000,189800,-1
35175.497,1,849684,3000,189500,-1
35177.03,2,847479,500,188000,1
35177.988,1,851836,100,188500,-1
35178.196,4,851836,100,188500,-1
35179.25,1,852731,1200,189100,-1
35179.397,2,849638,600,189500,-1
35179.433,1,852837,500,189090,-1
35179.693,2,852837,500,189090,-1
35179.748,1,853029,800,189080,-1
35179.89,1,853114,100,188600,1
35180.063,1,853271,100,188400,1
35180.414,2,853029,800,189080,-1
35180.468,1,853528,300,189070,-1
35180.834,2,853528,300,189070,-1
35180.933,1,853845,800,189090,-1
35181.232,2,853271,100,188400,1
35181.429,2,853845,800,189090,-1
35181.494,1,854352,500,189090,-1
35181.727,5,853153,57,188640,1
35181.727,5,853301,43,188620,1
35182.114,2,848423,1000,188000,1
35182.121,1,854822,100,188300,1
35182.886,2,849684,3000,189500,-1
35183.719,2,853114,100,188600,1
35183.803,2,847699,1000,188010,1
35183.86,1,856691,800,188310,1
35183.943,2,854352,500,189090,-1
35184.041,1,856846,800,189090,-1
35184.427,1,857201,100,188610,1
35186.764,2,852731,1200,189100,-1
35187.366,2,856691,800,188310,1
35187.896,2,856846,800,189090,-1
35187.918,1,860147,3000,189800,-1
35187.993,1,860191,1000,189790,-1
35188.12,2,857201,100,188610,1
35188.289,1,860395,500,188310,1
35188.524,2,860395,500,188310,1
35188.78,1,860757,800,188310,1
35188.879,1,860830,100,188710,1
35190.079,5,860846,332,188760,1
35190.079,5,860849,400,188750,1
35190.079,4,860830,68,188710,1
35190.211,2,860757,800,188310,1
35194.043,2,847916,3000,188000,1
35194.061,1,864477,3000,188300,1
35202.649,2,860830,32,188710,1
35202.728,1,870156,900,188310,1
35203.794,1,870823,500,189800,-1
35203.91,1,870891,32,188800,1
35204.34,2,870156,900,188310,1
35204.913,2,860147,3000,189800,-1
35205.025,2,870891,32,188800,1
35205.087,1,871581,1000,188310,1
35205.45,1,871778,600,189400,-1
35205.478,2,870823,500,189800,-1
35205.485,1,871798,500,189400,-1
35205.553,2,860191,1000,189790,-1
35205.566,2,871798,500,189400,-1
35205.607,1,871870,400,189390,-1
35205.751,1,871960,32,188910,1
35206.741,1,872675,500,188400,1
35206.924,2,871960,32,188910,1
35207.006,2,871581,1000,188310,1
35207.202,1,872959,900,188410,1
35207.224,2,864477,3000,188300,1
35207.273,1,873013,3000,188400,1
35209.952,2,871870,400,189390,-1
35210.251,1,874930,700,189390,-1
35213.672,2,874930,700,189390,-1
35213.82,1,876773,1000,189390,-1
35214.132,1,876951,32,188910,1
35214.478,2,876773,1000,189390,-1
35214.635,1,877168,700,189390,-1
35227.107,2,876951,32,188910,1
35227.782,2,854822,100,188300,1
35227.784,1,884405,1200,188600,1
35227.809,2,872675,500,188400,1
35227.817,1,884431,500,188600,1
35227.855,2,873013,3000,188400,1
35227.875,1,884480,3000,188600,1
35227.897,2,872959,900,188410,1
35228.078,1,884605,1000,188610,1
35228.889,5,883786,68,188920,1
35229.171,2,877168,700,189390,-1
35229.212,1,885389,300,189380,-1
35231.693,1,887849,100,188910,1
35231.897,2,885389,300,189380,-1
35231.932,1,888085,700,189370,-1
35233.459,2,871778,600,189400,-1
35233.46,2,888085,700,189370,-1
35233.599,1,889197,1000,189790,-1
35234.26,2,887849,100,188910,1
35234.682,5,884147,100,189090,-1
35234.693,1,889810,500,189800,-1
35234.787,2,889810,500,189800,-1
35235.96,2,884605,1000,188610,1
35236.15,1,890629,700,188610,1
35237.169,1,891210,100,189100,1
35237.709,2,890629,700,188610,1
35238.015,2,506703,900,194200,-1
35240.311,1,893291,900,191490,-1
35240.591,1,893498,400,189700,-1
35240.648,2,889197,1000,189790,-1
35240.681,1,893549,1000,189690,-1
35243.132,2,884431,500,188600,1
35244.578,2,891210,100,189100,1
35244.728,1,896064,1000,188610,1
35245.757,1,896682,100,189210,1
35246.082,4,896682,100,189210,1
35247.324,1,897735,100,189300,-1
35251.743,2,897735,100,189300,-1
35257.935,1,905074,5000,189300,-1
35258.795,2,884405,1200,188600,1
35258.822,1,905974,800,188900,1
35259.395,1,906617,200,190100,-1
35259.399,1,906623,200,187200,1
35264.262,5,905085,200,189250,-1
35266.055,2,893498,400,189700,-1
35266.126,1,912948,450,189200,-1
35266.79,4,912948,100,189200,-1
35269.051,1,915479,188,189100,1
35269.113,4,912948,350,189200,-1
35270.363,2,906617,200,190100,-1
35270.386,1,916686,200,190800,-1
35282.617,5,896805,151,189270,-1
35283.802,2,905974,800,188900,1
35289.877,1,931401,1100,188800,1
35290.014,2,915479,188,189100,1
35290.016,1,931471,188,189200,1
35290.221,4,931471,88,189200,1
35290.724,5,896805,200,189270,-1
35292.647,4,931471,100,189200,1
35292.71,2,896064,1000,188610,1
35292.744,1,933063,900,188810,1
35297.03,5,896805,649,189270,-1
35297.03,4,905074,51,189300,-1
35297.407,1,936836,500,188900,1
35297.494,2,933063,900,188810,1
35297.527,1,936921,1000,188910,1
35301.023,1,939268,188,189200,1
35303.067,2,939268,188,189200,1
35303.435,2,936921,1000,188910,1
35303.635,1,941339,700,188910,1
35304.142,1,941831,1000,189300,-1
35305.166,2,936836,500,188900,1
35307.366,2,941339,700,188910,1
35307.468,1,944720,400,188810,1
35309.146,5,946133,400,189200,1
35311.583,5,946621,20,189270,-1
35312.867,2,944720,400,188810,1
35312.902,1,948968,900,188820,1
35314.157,2,787356,100,189800,-1
35316.176,1,951268,1000,189100,1
35320.28,2,931401,1100,188800,1
35322.315,2,948968,900,188820,1
35324.636,1,957134,1000,189500,-1
35324.736,4,951268,1000,189100,1
35324.898,1,957395,700,188610,1
35325.806,2,884480,3000,188600,1
35326.523,1,958602,100,189190,-1
35327.532,2,958602,100,189190,-1
35328.92,1,960272,100,189080,-1
35331.225,2,957395,700,188610,1
35331.26,1,962185,400,188620,1
35331.273,1,962203,3000,187700,1
35331.732,2,960272,100,189080,-1
35332.16,2,962185,400,188620,1
35332.198,1,962830,800,188630,1
35333.562,1,963744,100,189070,-1
35333.929,2,962830,800,188630,1
35333.963,1,964038,400,188640,1
35334.966,1,964754,500,188600,1
35335.467,2,963744,100,189070,-1
35335.586,2,964038,400,188640,1
35335.627,2,964754,500,188600,1
35335.746,1,965302,1000,187910,1
35335.779,2,962203,3000,187700,1
35335.797,1,965343,3000,187900,1
35336.085,2,893549,1000,189690,-1
35336.124,1,965592,1000,188600,1
35336.318,2,965302,1000,187910,1
35336.344,1,965715,300,189290,-1
35336.442,1,965781,500,189300,-1
35336.559,1,965840,400,188610,1
35337.163,2,965715,300,189290,-1
35337.318,1,966255,800,189290,-1
35337.554,2,966255,800,189290,-1
35337.805,1,966500,300,189290,-1
35350.022,1,972949,100,188700,1
35350.474,2,965592,1000,188600,1
35351.96,2,966500,300,189290,-1
35351.996,1,974771,800,189280,-1
35353.384,2,965840,400,188610,1
35354.932,1,976730,100,188990,-1
35356.662,2,976730,100,188990,-1
35357.892,1,979044,1000,188500,1
35358.841,1,979861,100,188990,-1
35362.498,2,974771,800,189280,-1
35364.348,2,979861,100,188990,-1
35364.576,1,983980,400,189290,-1
35365.105,2,965781,500,189300,-1
35371.039,2,983980,400,189290,-1
35371.218,1,987961,1000,189290,-1
35371.298,2,987961,1000,189290,-1
35371.338,1,988081,500,189280,-1
35374.256,2,972949,100,188700,1
35374.325,1,990153,500,188510,1
35375.165,2,988081,500,189280,-1
35375.2,1,991031,800,189270,-1
35383.914,2,991031,800,189270,-1
35383.949,1,997921,500,189260,-1
35386.687,2,979044,1000,188500,1
35386.757,1,1000090,100,188870,-1
35391.794,1,1004394,1000,188500,1
35393.316,2,990153,500,188510,1
35396.901,2,1000090,100,188870,-1
35396.919,1,1007841,500,189300,-1
35397.15,5,1005613,100,188800,-1
35399.443,1,1010360,100,188790,-1
35401.538,2,1010360,100,188790,-1
35404.754,2,1004394,1000,188500,1
35404.84,1,1014271,1000,187910,1
35407.932,2,794932,300,189980,-1
35408.379,1,1016340,300,189980,-1
35410.944,1,1017940,1100,188400,1
35411.013,2,1014271,1000,187910,1
35411.067,1,1018084,600,188410,1
35412.063,1,1019291,100,188790,-1
35412.471,4,1019291,100,188790,-1
35412.62,5,1019810,42,188970,-1
35412.808,2,1007841,500,189300,-1
35412.853,2,1018084,600,188410,1
35412.965,1,1020374,900,188410,1
35413.116,1,1020574,100,188900,-1
35413.841,1,1021529,800,188700,1
35413.87,2,1017940,1100,188400,1
35414.414,2,997921,500,189260,-1
35414.709,4,1020574,100,188900,-1
35414.807,1,1022818,800,189290,-1
35414.837,2,1022818,800,189290,-1
35414.968,1,1023024,500,189290,-1
35415.317,2,1023024,500,189290,-1
35415.342,2,906623,200,187200,1
35415.461,1,1023630,200,188500,1
35415.49,1,1023668,1000,189280,-1
35415.695,2,1023668,1000,189280,-1
35415.756,2,957134,1000,189500,-1
35415.816,1,1024105,900,189290,-1
35415.868,2,1024105,900,189290,-1
35416.523,1,1024981,100,188900,1
35417.069,1,1025614,69,189100,1
35417.648,2,1024981,100,188900,1
35417.735,5,997927,258,189210,-1
35418.114,5,997927,68,189210,-1
35418.479,1,1027286,100,189110,1
35419.717,5,1027471,14,189130,1
35421.46,2,1027286,100,189110,1
35422.62,5,1028715,68,189250,-1
35422.813,1,1031460,500,188800,1
35425.902,2,1025614,69,189100,1
35426.008,2,1020374,900,188410,1
35426.129,1,1034064,1000,188810,1
35426.688,1,1034464,100,189120,1
35427.377,5,1028715,290,189250,-1
35427.377,4,905074,210,189300,-1
35427.439,2,1034464,100,189120,1
35428.158,2,1023630,200,188500,1
35428.186,1,1035970,200,188000,1
35428.894,1,1036600,100,189140,1
35429.208,1,1036882,800,189500,-1
35430.142,2,1036600,100,189140,1
35431.779,5,1038442,1000,189250,-1
35431.779,5,1037211,500,189290,-1
35431.779,4,905074,3600,189300,-1
35432.605,5,1039351,100,189200,-1
35432.944,4,905074,300,189300,-1
35434.165,2,1034064,1000,188810,1
35434.229,1,1040648,700,188820,1
35434.253,2,1036882,800,189500,-1
35434.761,4,905074,839,189300,-1
35434.761,4,941831,161,189300,-1
35435.344,4,941831,839,189300,-1
35435.351,2,1040648,700,188820,1
35435.491,1,1041434,1000,188830,1
35435.525,1,1041452,1000,189970,-1
35436.339,1,1041917,100,188700,1
35437.179,2,1041434,1000,188830,1
35437.214,1,1042426,900,188840,1
35438.105,5,1042261,69,189400,-1
35438.489,2,1041917,100,188700,1
35440.82,2,1031460,500,188800,1
35440.833,2,1042426,900,188840,1
35440.853,2,965343,3000,187900,1
35440.876,1,1044934,3000,188700,1
35441.014,1,1045023,700,188710,1
35441.149,2,1045023,700,188710,1
35441.205,1,1045157,1000,188720,1
35442.017,2,1021529,800,188700,1
35442.061,1,1045614,700,189000,1
35442.124,2,1045157,1000,188720,1
35442.167,1,1045674,700,189010,1
35442.436,2,1045674,700,189010,1
35442.639,1,1045966,700,189010,1
35443.041,1,1046230,500,190000,-1
35446.574,1,1048733,100,189000,1
35448.075,2,1048733,100,189000,1
35450.208,1,1051062,100,189440,1
35451.024,2,1045966,700,189010,1
35453.846,2,1051062,100,189440,1
35453.895,2,1044934,3000,188700,1
35453.911,1,1053827,3000,189000,1
35453.933,1,1053836,600,189010,1
35454.651,2,1041452,1000,189970,-1
35455.41,2,1045614,700,189000,1
35455.412,1,1055343,900,189300,1
35455.756,2,1046230,500,190000,-1
35456.709,1,1056508,2000,190000,-1
35457.9,2,1053836,600,189010,1
35458.169,1,1057968,100,189500,1
35458.895,2,1057968,100,189500,1
35459.188,1,1059054,900,189310,1
35459.329,2,1059054,900,189310,1
35459.447,1,1059411,500,189310,1
35459.822,2,1055343,900,189300,1
35460.08,1,1060153,60,189900,1
35460.086,4,1060153,60,189900,1
35460.11,5,1059267,500,189620,1
35460.11,5,1059341,400,189620,1
35460.133,5,1059341,100,189620,1
35460.133,5,1059690,100,189600,1
35460.133,5,1059781,400,189600,1
35460.152,5,1058665,400,189500,1
35460.476,2,1059411,500,189310,1
35460.599,1,1060692,400,189010,1
35460.802,5,1060862,100,189790,-1
35460.885,2,1060692,400,189010,1
35461.012,1,1061056,600,189010,1
35461.091,1,1061106,188,189600,1
35461.546,5,1061020,100,189630,1
35461.546,5,1061127,232,189630,1
35462.094,1,1062010,200,190100,-1
35462.466,2,1061056,600,189010,1
35463.733,2,1056508,2000,190000,-1
35463.989,2,1061106,188,189600,1
35464.057,1,1063789,400,189010,1
35464.373,1,1064119,300,189300,1
35464.495,2,1063789,400,189010,1
35464.724,1,1064466,300,189310,1
35464.805,2,1064466,300,189310,1
35465.136,1,1064802,500,189310,1
35465.392,5,1064507,300,189800,-1
35465.989,1,1065520,100,189700,-1
35466.046,1,1065585,300,189700,-1
35466.645,2,1064119,300,189300,1
35467.899,2,1053827,3000,189000,1
35468.227,2,1064802,500,189310,1
35468.261,1,1067689,3000,188000,1
35468.318,1,1067729,1000,188600,1
35468.336,2,1067689,3000,188000,1
35468.358,1,1067751,3000,188600,1
35468.59,2,1065520,100,189700,-1
35468.634,2,1065585,300,189700,-1
35470.88,5,1067643,500,189680,-1
35470.88,5,1068808,500,189680,-1
35472.104,1,1071023,500,188700,1
35472.196,2,1067729,1000,188600,1
35472.231,1,1071160,1000,188710,1
35472.351,2,1067751,3000,188600,1
35472.367,1,1071304,3000,188700,1
35474.889,1,1073752,1000,189970,-1
35482.17,1,1079616,227,189600,-1
35482.317,1,1079731,1100,189100,1
35482.357,2,1071023,500,188700,1
35482.365,1,1079775,500,189100,1
35482.384,2,1071160,1000,188710,1
35482.418,1,1079817,600,189110,1
35482.747,2,1079817,600,189110,1
35483.207,2,1079775,500,189100,1
35483.845,1,1080824,300,189110,1
35484.008,2,1079731,1100,189100,1
35485.03,1,1081991,300,189100,1
35487.622,2,1080824,300,189110,1
35487.705,1,1084862,500,189120,1
35489.024,2,1084862,500,189120,1
35489.104,1,1086157,900,189110,1
35489.317,2,1086157,900,189110,1
35489.45,1,1086416,500,189110,1
35491.818,5,1088004,100,189440,1
35493.462,2,1073752,1000,189970,-1
35497.274,1,1092293,100,189420,1
35501.74,2,1092293,100,189420,1
35503.442,1,1096090,100,189420,1
35505.215,2,1096090,100,189420,1
35506.162,2,1079616,227,189600,-1
35506.195,1,1098098,500,190000,-1
35506.23,1,1098115,700,189970,-1
35506.514,1,1098308,100,189430,1
35507.575,2,1098308,100,189430,1
35507.979,2,1071304,3000,188700,1
35508.006,1,1099657,3000,189100,1
35508.728,1,1100340,100,189440,1
35509.383,2,1098115,700,189970,-1
35509.401,2,1098098,500,190000,-1
35509.435,1,1100860,400,189960,-1
35509.452,1,1100880,100,189200,1
35511.125,5,1079485,74,189650,-1
35511.125,5,1100395,26,189700,-1
35511.138,2,1100860,400,189960,-1
35511.164,2,1086416,500,189110,1
35511.859,5,1102442,100,189500,1
35511.859,5,1101119,326,189490,1
35511.859,5,1102247,74,189490,1
35512.07,1,1102930,188,189400,1
35512.406,5,1102072,500,189480,1
35513.272,2,1102930,188,189400,1
35513.276,1,1104025,188,189600,1
35513.755,2,474575,1000,191500,-1
35514.112,1,1105006,200,189400,1
35514.135,2,1081991,300,189100,1
35514.439,2,1062010,200,190100,-1
35514.816,2,1100340,100,189440,1
35515.722,1,1106287,100,189610,1
35516.512,2,916686,200,190800,-1
35516.516,2,1035970,200,188000,1
35517.347,2,1104025,188,189600,1
35517.351,1,1107655,188,189800,1
35518.297,2,1106287,100,189610,1
35518.978,1,1109246,100,189810,1
35519.338,5,1107666,400,189930,-1
35519.338,4,1016340,300,189980,-1
35519.338,4,735151,1800,190000,-1
35520.658,2,1107655,188,189800,1
35520.661,1,1110500,188,189900,1
35522.241,2,1109246,100,189810,1
35522.655,4,735151,200,190000,-1
35522.655,4,819337,27,190000,-1
35523.384,1,1112747,100,189930,1
35523.652,4,819337,500,190000,-1
35523.926,1,1113113,188,189900,1
35524.072,4,819337,68,190000,-1
35525.868,2,1112747,100,189930,1
35527.149,1,1115629,100,189940,1
35528.246,2,1115629,100,189940,1
35529.428,1,1117350,100,189940,1
35531.395,1,1119396,1000,190300,-1
35533.657,2,1117350,100,189940,1
35534.16,4,1110500,188,189900,1
35534.16,4,1113113,188,189900,1
35534.221,2,1099657,3000,189100,1
35534.229,1,1122004,500,189400,1
35534.237,1,1122014,3000,189400,1
35534.32,1,1122089,1000,189410,1
35534.466,1,1122239,100,189900,1
35534.498,2,1119396,1000,190300,-1
35535.446,4,1122239,100,189900,1
35535.704,2,1100880,100,189200,1
35536.509,2,1122089,1000,189410,1
35536.653,1,1124606,600,189410,1
35536.719,1,1124693,1100,190300,-1
35536.973,1,1124986,200,191400,-1
35536.976,1,1124991,200,188700,1
35537.812,2,1122014,3000,189400,1
35541.979,2,1124606,600,189410,1
35542.062,1,1128801,1000,189420,1
35542.781,1,1129276,2000,190000,-1
35544.274,1,1130767,100,189840,1
35548.405,1,1134438,5000,190000,-1
35549.654,4,1130767,100,189840,1
35550.01,1,1135744,1000,191000,-1
35556.328,1,1140463,2000,189000,1
35565.341,1,1146419,100,189840,1
35573.153,2,1128801,1000,189420,1
35575.877,4,1146419,100,189840,1
35575.965,1,1152781,600,189410,1
35580.372,1,1155905,1000,192800,-1
35584.405,2,1122004,500,189400,1
35584.419,1,1158772,500,189500,1
35584.494,2,1152781,600,189410,1
35584.639,1,1158944,600,189510,1
35592.823,2,1158772,500,189500,1
35592.846,5,1153562,100,189700,1
35593.825,2,1158944,600,189510,1
35593.934,1,1164876,300,189410,1
35594.462,2,1164876,300,189410,1
35596.372,5,1165113,200,189800,-1
35596.372,1,1166257,800,189800,1
35596.415,4,1166257,100,189800,1
35597.463,4,1166257,100,189800,1
35597.743,4,1166257,100,189800,1
35597.772,4,1166257,500,189800,1
35597.904,1,1167212,300,189410,1
35597.96,2,1167212,300,189410,1
35601.277,1,1169205,1000,189990,-1
35603.021,2,1105006,200,189400,1
35603.05,1,1170590,3000,189000,1
35603.118,1,1170638,900,189010,1
35604.558,1,1171795,700,189300,1
35604.619,2,1170638,900,189010,1
35604.653,1,1171849,800,189310,1
35609.885,5,1171820,100,189700,1
35611.9,1,1177599,100,189700,1
35613.212,2,1171849,800,189310,1
35613.291,2,1169205,1000,189990,-1
35613.7,2,1140463,2000,189000,1
35613.997,5,1178854,100,189750,1
35614.326,1,1179653,300,189790,1
35614.939,4,1179653,300,189790,1
35615.666,1,1180458,500,188600,1
35623.281,5,1184667,100,189790,-1
35629.956,1,1189081,100,189900,1
35632.253,4,1189081,100,189900,1
35636.341,1,1192875,100,189920,1
35638.022,4,1192875,100,189920,1
35638.518,2,1171795,700,189300,1
35638.52,1,1194446,900,189600,1
35639.042,2,1194446,900,189600,1
35639.622,2,772884,500,187000,1
35640.087,1,1195773,500,188300,1
35645.461,1,1198963,100,189800,1
35646.068,1,1199349,500,189900,-1
35652.062,1,1203372,100,189900,-1
35657.426,5,1199360,400,189880,-1
35657.426,4,1199349,500,189900,-1
35657.426,4,1203372,100,189900,-1
35657.426,5,1195005,200,189900,-1
35664.885,5,1207689,46,189960,-1
35667.026,5,1207689,454,189960,-1
35667.026,5,1208097,832,189970,-1
35667.026,5,1207813,500,189990,-1
35667.026,4,819337,1405,190000,-1
35667.026,4,1129276,1609,190000,-1
35669.105,1,1211403,100,189800,1
35672.033,2,1211403,100,189800,1
35679.632,5,1216270,100,189900,-1
35681.991,1,1218356,128,189900,-1
35687.232,1,1221673,2700,188300,1
35689.045,1,1222750,750,189900,-1
35692.586,1,1224703,1000,181000,1
35702.772,1,1230188,100,189900,-1
35706.272,2,1218356,128,189900,-1
35707.454,2,1230188,100,189900,-1
35715.002,2,1222750,750,189900,-1
35715.008,5,1217285,200,189900,-1
35726.911,1,1245013,100,189900,-1
35732.645,2,1245013,100,189900,-1
35733.394,1,1248531,500,189900,-1
35736.131,5,1237931,100,189810,1
35736.342,4,1198963,100,189800,1
35736.695,4,1177599,34,189700,1
35737.635,1,1251945,500,189100,1
35737.886,1,1252171,100,189900,-1
35739.122,2,1252171,100,189900,-1
35739.22,2,1251945,500,189100,1
35739.282,1,1253302,1500,189800,-1
35739.371,1,1253402,500,189100,1
35739.459,2,1253402,500,189100,1
35739.562,2,1124693,1100,190300,-1
35739.606,1,1253574,600,190000,-1
35739.913,1,1253802,500,189100,1
35740.36,2,1253802,500,189100,1
35741.091,1,1254686,1000,190100,-1
35741.1,2,1253574,600,190000,-1
35741.495,1,1254984,100,189800,-1
35742.217,4,1177599,66,189700,1
35742.217,1,1255594,161,189700,-1
35742.398,1,1255714,800,189010,1
35742.437,2,1254984,100,189800,-1
35743.558,1,1256321,100,189700,-1
35744.1,2,1124991,200,188700,1
35744.104,1,1256695,200,188200,1
35744.431,5,1255614,400,189660,-1
35744.431,5,1255657,74,189680,-1
35744.431,4,1255594,161,189700,-1
35744.431,4,1256321,100,189700,-1
35744.446,4,1253302,1500,189800,-1
35744.485,5,1251963,200,189800,-1
35744.655,1,1257034,500,189890,-1
35745.278,2,1257034,500,189890,-1
35745.744,1,1257794,900,189890,-1
35746.088,2,1257794,900,189890,-1
35746.181,5,1258007,100,189600,-1
35747.19,2,1248531,500,189900,-1
35748.416,5,1258417,500,189780,-1
35748.416,5,1258474,300,189780,-1
35751.065,1,1261025,400,189200,1
35751.161,2,1255714,800,189010,1
35751.263,1,1261136,1000,189210,1
35751.744,2,1261136,1000,189210,1
35751.779,1,1261352,600,189220,1
35752.337,2,1261352,600,189220,1
35752.531,1,1261660,900,189230,1
35753.523,1,1262062,2000,189200,1
35753.869,2,1254686,1000,190100,-1
35754.025,2,1261660,900,189230,1
35754.061,1,1262387,600,189240,1
35754.932,2,1262387,600,189240,1
35755.124,1,1262868,1000,189210,1
35755.909,2,1170590,3000,189000,1
35755.924,1,1263222,3000,189200,1
35757.025,1,1263663,2000,189900,-1
35759.307,2,1262868,1000,189210,1
35759.412,1,1264829,1200,190200,-1
35759.512,1,1264897,600,189210,1
35764.56,2,1264897,600,189210,1
35764.592,1,1267474,1000,189220,1
35769.767,1,1270541,500,189300,1
35769.851,2,1267474,1000,189220,1
35777.615,1,1274955,100,190000,-1
35782.103,1,1278104,128,189800,-1
35782.935,2,1263663,2000,189900,-1
35783.138,1,1278879,500,189810,-1
35786.143,2,1278879,500,189810,-1
35786.758,4,1278104,128,189800,-1
35788.855,2,1263222,3000,189200,1
35789.425,2,1270541,500,189300,1
35789.56,1,1282341,600,189210,1
35790.841,2,1282341,600,189210,1
35790.875,1,1282993,1000,189220,1
35795.232,1,1284934,1000,189990,-1
35796.057,2,1261025,400,189200,1
35802.501,2,128177,860,200000,-1
35802.712,2,1282993,1000,189220,1
35802.735,2,1264829,1200,190200,-1
35802.751,1,1288260,600,189230,1
35802.777,1,1288279,900,189900,-1
35802.854,2,1284934,1000,189990,-1
35803.03,1,1288405,700,189890,-1
35803.089,2,1288260,600,189230,1
35803.179,1,1288475,860,202000,-1
35803.253,1,1288523,1000,189210,1
35808.87,2,1288405,700,189890,-1
35809.043,1,1292156,1000,189890,-1
35813.776,2,1292156,1000,189890,-1
35813.84,1,1295194,700,189890,-1
35816.229,2,1288523,1000,189210,1
35816.257,1,1296367,500,189900,-1
35817.417,2,1295194,700,189890,-1
35817.452,1,1297013,1000,189880,-1
35820.45,1,1298556,100,189300,1
35823.965,2,1134438,5000,190000,-1
35824.61,2,1298556,100,189300,1
35829.763,1,1303227,700,189210,1
35829.932,1,1303401,1000,189100,1
35830.136,2,1303227,700,189210,1
35830.295,1,1303703,400,189210,1
35830.324,2,1297013,1000,189880,-1
35830.355,2,1303703,400,189210,1
35830.435,1,1303788,1000,189890,-1
35830.464,1,1303801,700,189210,1
35830.488,2,1288279,900,189900,-1
35830.594,2,1303801,700,189210,1
35831.499,1,1304623,600,189210,1
35833.542,2,1304623,600,189210,1
35834.925,5,1307238,500,189520,1
35839.061,1,1309744,800,189300,1
35847.068,5,1311876,14,189550,-1
35848.029,2,1303788,1000,189890,-1
35848.234,1,1315583,700,189880,-1
35848.259,2,1315583,700,189880,-1
35848.368,1,1315686,1000,189890,-1
35848.898,1,1316062,700,189310,1
35849.043,2,1296367,500,189900,-1
35849.075,2,1315686,1000,189890,-1
35849.257,2,1316062,700,189310,1
35849.413,1,1316396,1000,189310,1
35849.965,2,1316396,1000,189310,1
35850.021,1,1316966,700,189320,1
35850.099,1,1317052,700,189400,1
35850.13,2,1303401,1000,189100,1
35850.208,2,1316966,700,189320,1
35850.532,1,1317415,900,189410,1
35850.584,2,1317415,900,189410,1
35850.711,2,1309744,800,189300,1
35850.779,1,1317667,500,189410,1
35851.104,2,1317667,500,189410,1
35851.139,1,1318000,800,189420,1
35851.932,5,1316699,14,189900,-1
35854.541,2,1318000,800,189420,1
35854.701,1,1320550,500,189500,1
35854.754,1,1320591,400,189410,1
35854.891,2,1320591,400,189410,1
35854.936,1,1320777,400,189510,1
35855.48,2,1320777,400,189510,1
35855.668,1,1321360,700,189510,1
35856.732,1,1322186,400,189700,1
35860.901,2,1321360,700,189510,1
35865.835,2,1322186,400,189700,1
35889.617,1,1342746,1100,190200,-1
35897.934,2,1342746,1100,190200,-1
35913.399,5,1352122,50,189710,1
35913.417,5,1338788,500,189700,1
35913.548,1,1352884,3500,189790,1
35915.142,1,1354153,1200,190100,-1
35915.151,2,1317052,700,189400,1
35915.722,4,1352884,3500,189790,1
35915.738,5,1320800,800,189560,1
35915.738,5,1325472,400,189520,1
35915.74,2,1320550,500,189500,1
35915.76,1,1354586,3000,189200,1
35915.842,1,1354646,800,189210,1
35915.877,5,1354577,700,189750,-1
35915.877,5,1354576,300,189770,-1
35915.982,1,1354754,500,189300,1
35916.06,2,1354646,800,189210,1
35916.09,5,1354721,500,189700,-1
35916.092,1,1354846,1000,189310,1
35916.11,2,1354586,3000,189200,1
35916.137,1,1354860,3000,189300,1
35916.365,2,1354846,1000,189310,1
35916.435,1,1355053,600,189310,1
35916.715,2,1355053,600,189310,1
35916.749,1,1355260,1000,189320,1
35916.916,2,1354860,3000,189300,1
35917.168,2,1355260,1000,189320,1
35917.242,1,1355526,500,189800,-1
35917.552,1,1355730,900,189300,1
35917.805,2,1354153,1200,190100,-1
35918.004,2,1354754,500,189300,1
35920.181,1,1357456,400,189500,1
35921.672,2,1357456,400,189500,1
35922.684,2,1355730,900,189300,1
35922.75,1,1359056,400,189210,1
35923.339,1,1359568,900,190000,-1
35926.261,1,1362310,500,189600,-1
35927.374,2,1359056,400,189210,1
35933.965,2,1362310,500,189600,-1
35933.966,2,1355526,500,189800,-1
35934.008,1,1369912,500,190000,-1
35934.1,1,1370005,1000,189990,-1
35937.037,1,1372935,188,189500,-1
35941.221,2,893291,900,191490,-1
35941.92,1,1377719,226,189400,-1
35942.831,2,1372935,188,189500,-1
35942.835,1,1378632,188,189400,-1
35943.19,1,1378986,900,194500,-1
35949.214,4,1377719,226,189400,-1
35949.214,4,1378632,74,189400,-1
35951.859,2,1378632,114,189400,-1
35951.862,1,1385754,114,189500,-1
35961.378,1,1392922,1200,189100,1
35968.808,2,1369912,500,190000,-1
35972.419,1,1400122,100,189300,1
35972.674,2,1400122,100,189300,1
35973.519,1,1400831,100,189300,1
35973.694,2,1400831,100,189300,1
35974.436,1,1401474,100,189300,1
35974.91,2,1401474,100,189300,1
35974.912,5,1400000,100,189410,1
35974.964,2,1385754,114,189500,-1
35982.224,2,1370005,1000,189990,-1
35982.263,1,1406444,600,189980,-1
35982.701,2,1392922,1200,189100,1
35983.996,2,1406444,600,189980,-1
35984.031,1,1408005,1000,189970,-1
35994.483,2,1359568,900,190000,-1
35994.495,1,1414753,1000,189700,-1
35994.659,2,1408005,1000,189970,-1
35994.779,1,1414979,1000,189690,-1
35996.0,5,1371979,200,189250,1
35996.666,1,1416132,500,189400,-1
35998.213,5,1414778,400,189220,1
35998.213,5,1414783,400,189210,1
35998.213,4,1262062,2000,189200,1
35998.234,1,1416841,500,188600,1
35998.242,1,1416847,3000,188600,1
35998.264,1,1416865,1000,188610,1
35998.659,5,1416832,500,189200,-1
35998.825,2,1416841,500,188600,1
35999.646,1,1417577,1000,189500,-1
36000.721,1,1418491,100,189000,1
36001.693,2,1418491,100,189000,1
36003.098,1,1419968,100,189000,1
36003.927,2,1416132,500,189400,-1
36004.07,2,1419968,100,189000,1
36004.075,2,1414979,1000,189690,-1
36004.108,1,1420622,800,189490,-1
36008.876,1,1423551,2000,190000,-1
36010.204,2,1180458,500,188600,1
36011.405,1,1424802,500,188300,1
36012.099,1,1425216,1000,189270,-1
36012.199,1,1425258,1000,188800,1
36012.321,2,1416865,1000,188610,1
36012.358,1,1425349,1000,188810,1
36024.291,1,1432844,500,189200,-1
36025.607,2,1420622,800,189490,-1
36028.426,2,1425216,1000,189270,-1
36030.346,4,1432844,400,189200,-1
36032.228,4,1432844,100,189200,-1
36032.305,1,1437573,1000,189490,-1
36033.566,2,1221673,2700,188300,1
36036.137,2,1416847,3000,188600,1
36036.163,1,1440436,3000,188800,1
36043.699,2,1437573,1000,189490,-1
36043.926,2,1440436,3000,188800,1
36044.181,2,1195773,500,188300,1
36044.189,1,1445956,500,188900,1
36044.266,2,1425349,1000,188810,1
36044.297,1,1446008,1000,188910,1
36044.603,1,1446146,500,187800,1
36046.255,1,1446844,100,189000,1
36046.271,2,1445956,500,188900,1
36046.28,1,1446856,500,189000,1
36047.969,2,1446844,100,189000,1
36049.691,2,1414753,1000,189700,-1
36053.437,1,1450968,100,189210,1
36054.336,2,1450968,100,189210,1
36055.901,1,1452722,100,189230,1
36060.694,2,1452722,100,189230,1
36060.883,2,1446008,1000,188910,1
36060.933,1,1455553,1000,189010,1
36061.387,2,1455553,1000,189010,1
36061.515,1,1455926,700,189010,1
36061.855,2,1455926,700,189010,1
36061.89,1,1456315,1000,189020,1
36062.048,1,1456504,227,189400,1
36062.377,2,1425258,1000,188800,1
36062.379,1,1456824,700,189100,1
36063.09,1,1457534,100,189400,1
36063.354,5,1457733,39,189440,1
36064.263,5,1458370,300,189410,1
36065.503,2,1424802,500,188300,1
36065.645,2,1456315,1000,189020,1
36065.777,2,1457534,100,189400,1
36066.116,1,1459798,1000,189800,-1
36066.165,2,1456504,227,189400,1
36066.205,2,1446856,500,189000,1
36066.212,1,1459863,500,189100,1
36066.279,1,1459907,400,189110,1
36066.353,5,1459844,200,189450,-1
36066.353,5,1459919,27,189460,-1
36066.487,1,1460104,500,188300,1
36066.636,2,1459907,400,189110,1
36066.916,1,1460445,100,189400,1
36067.164,2,1456824,700,189100,1
36068.698,2,1459798,1000,189800,-1
36068.704,1,1461944,1000,189100,1
36069.8,4,1460445,50,189400,1
36075.314,4,1460445,50,189400,1
36075.314,1,1466645,950,189400,-1
36075.408,1,1466698,400,189110,1
36075.605,2,1459863,500,189100,1
36075.626,2,1466698,400,189110,1
36075.677,1,1466864,900,189110,1
36077.731,2,1466864,900,189110,1
36078.741,2,1461944,1000,189100,1
36078.778,1,1468405,3000,188300,1
36078.874,1,1468444,1000,188310,1
36083.253,1,1470341,1200,188900,1
36083.279,2,1468405,3000,188300,1
36083.305,1,1470387,3000,188900,1
36083.34,2,1468444,1000,188310,1
36083.393,1,1470456,1000,188910,1
36092.874,2,1470387,3000,188900,1
36098.018,1,1480288,100,189200,1
36105.912,1,1485271,5000,191000,-1
36111.293,1,1489242,400,188900,1
36112.04,1,1489718,188,189400,-1
36120.203,5,1490486,47,189340,-1
36123.974,2,1489718,188,189400,-1
36123.977,1,1497607,188,189300,-1
36125.975,5,1482287,100,189220,1
36129.701,4,1497607,49,189300,-1
36145.777,2,1460104,500,188300,1
36146.762,1,1510919,500,189100,1
36149.168,1,1512404,100,189200,1
36150.487,2,1512404,100,189200,1
36150.933,2,1470341,1200,188900,1
36152.157,1,1513880,1100,188900,1
36156.012,2,1497607,139,189300,-1
36183.426,1,1531079,1000,199200,-1
36192.062,1,1536695,100,189200,1
36197.447,2,1510919,500,189100,1
36200.204,1,1541866,100,189300,1
36201.218,2,1541866,100,189300,1
36201.333,2,1536695,100,189200,1
36201.334,1,1542698,100,189300,1
36202.319,1,1543468,100,189300,1
36205.923,2,1543468,100,189300,1
36217.96,2,1542698,100,189300,1
36229.282,1,1560403,100,189300,1
36230.27,1,1560937,1000,189700,-1
36231.56,2,1560403,100,189300,1
36249.943,1,1572271,100,189300,-1
36250.147,2,1513880,1100,188900,1
36251.794,4,1480288,41,189200,1
36251.96,2,1572271,100,189300,-1
36253.364,4,1480288,46,189200,1
36261.486,1,1581177,100,189100,1
36261.517,4,1480288,13,189200,1
36261.517,5,1459934,48,189160,1
36262.011,2,1581177,100,189100,1
36262.12,1,1581732,90,189300,-1
36263.398,2,1470456,1000,188910,1
36263.426,1,1582656,500,188900,1
36263.503,1,1582710,1000,188910,1
36264.396,5,1581517,43,189110,1
36268.24,2,1582656,500,188900,1
36268.522,2,1582710,1000,188910,1
36268.597,1,1585949,1000,188910,1
36268.71,2,1466645,950,189400,-1
36268.786,2,1585949,1000,188910,1
36269.605,1,1586460,1200,188700,1
36270.606,1,1587039,500,189500,-1
36271.315,2,1586460,1200,188700,1
36271.411,1,1587512,1200,188600,1
36271.617,1,1587645,2000,189000,1
36271.731,5,1587701,400,189010,1
36272.914,5,1587701,100,189010,1
36272.932,4,1587645,200,189000,1
36272.94,4,1587645,1800,189000,1
36273.204,1,1588480,400,189290,-1
36273.527,2,1587039,500,189500,-1
36273.535,1,1588643,500,189300,-1
36273.615,2,1588643,500,189300,-1
36274.556,2,1587512,1200,188600,1
36274.752,5,1578413,400,188920,1
36274.752,4,1489242,400,188900,1
36274.774,1,1589329,3000,188200,1
36275.041,1,1589453,1000,188210,1
36275.122,2,1588480,400,189290,-1
36275.325,1,1589539,700,189290,-1
36275.733,1,1589725,1200,188400,1
36275.754,2,1589329,3000,188200,1
36275.77,1,1589752,3000,188400,1
36275.857,2,1589453,1000,188210,1
36276.081,1,1589880,1000,188410,1
36276.652,2,1589539,700,189290,-1
36276.738,1,1590183,1000,189290,-1
36277.154,2,1589880,1000,188410,1
36277.531,2,1590183,1000,189290,-1
36277.55,2,1256695,200,188200,1
36277.554,1,1590771,200,187800,1
36277.736,1,1590907,800,189290,-1
36278.221,2,1589725,1200,188400,1
36278.222,1,1591185,400,188300,1
36278.262,2,1560937,1000,189700,-1
36278.303,1,1591219,400,189300,-1
36278.976,5,1589442,500,188720,1
36278.989,1,1591623,950,188900,-1
36279.358,2,1590907,800,189290,-1
36279.71,2,1591185,400,188300,1
36279.712,1,1592015,1100,188200,1
36280.024,5,1592018,652,188450,1
36280.024,5,1591612,354,188420,1
36280.024,5,1591887,1484,188420,1
36280.03,5,1591887,500,188420,1
36280.925,2,1589752,3000,188400,1
36280.948,1,1592578,3000,188200,1
36281.053,1,1592619,1000,188210,1
36281.483,2,1592619,1000,188210,1
36281.674,5,1592860,100,188500,1
36281.973,2,1581732,90,189300,-1
36282.109,1,1593084,600,188890,-1
36282.161,1,1593118,90,188600,-1
36282.858,1,1593648,100,188400,1
36282.86,2,1592578,3000,188200,1
36283.359,2,1592015,1100,188200,1
36283.754,2,1591623,950,188900,-1
36283.969,2,1593648,100,188400,1
36283.977,1,1594601,1200,188100,1
36283.99,1,1594613,3000,187800,1
36284.001,2,1594613,3000,187800,1
36284.066,1,1594677,900,188110,1
36284.069,1,1594681,3000,188100,1
36285.782,2,1594681,3000,188100,1
36286.123,2,1593084,600,188890,-1
36286.144,1,1595784,3000,189300,-1
36287.004,2,1593118,90,188600,-1
36287.169,1,1596300,1000,189290,-1
36292.457,2,127471,100,177000,1
36295.834,1,1600573,2000,190000,-1
36297.19,5,1594343,300,188580,-1
36299.921,1,1603600,100,188410,1
36300.041,2,1596300,1000,189290,-1
36300.26,1,1603807,500,189290,-1
36300.93,1,1604188,1609,188300,1
36302.623,5,1595250,100,188500,1
36303.076,1,1605649,500,189300,-1
36303.182,2,1605649,500,189300,-1
36303.612,2,1603600,100,188410,1
36304.365,2,1603807,500,189290,-1
36304.531,1,1606712,800,189290,-1
36304.78,2,1595784,3000,189300,-1
36306.29,1,1607552,100,188410,1
36307.026,2,1607552,100,188410,1
36308.085,1,1608929,100,188420,1
36310.7,2,253733,2000,191500,-1
36312.889,1,1611796,2000,190000,-1
36314.686,2,1608929,100,188420,1
36315.325,1,1613541,100,188510,1
36318.393,2,1604188,1609,188300,1
36322.797,1,1618219,5000,195000,-1
36327.309,2,1613541,100,188510,1
36327.341,1,1621041,3000,188100,1
36327.35,1,1621048,500,188200,1
36327.434,2,1594677,900,188110,1
36327.61,1,1621309,800,188210,1
36327.804,2,1531079,1000,199200,-1
36328.556,1,1622083,100,188500,1
36329.269,2,1621048,500,188200,1
36330.898,2,1622083,100,188500,1
36331.073,2,1621309,800,188210,1
36331.25,1,1623839,1000,188110,1
36331.848,2,1621041,3000,188100,1
36331.854,1,1624168,3000,189300,-1
36332.382,2,1623839,1000,188110,1
36332.383,1,1624428,100,188410,1
36332.469,1,1624494,700,188120,1
36332.887,1,1624792,500,189300,-1
36334.49,5,1615713,1600,188520,1
36334.501,5,1615713,1716,188520,1
36334.501,5,1623669,500,188420,1
36334.501,4,1624428,100,188410,1
36336.139,2,1624494,700,188120,1
36336.212,1,1627272,950,188500,-1
36336.345,1,1627336,800,188110,1
36336.632,1,1627495,1609,188400,1
36337.31,4,1627272,400,188500,-1
36339.818,4,1627272,200,188500,-1
36340.685,4,1627495,1600,188400,1
36341.938,2,1594601,1200,188100,1
36341.942,1,1630108,400,188000,1
36345.362,2,1590771,200,187800,1
36345.368,1,1631772,200,187400,1
36345.834,1,1632060,100,188200,1
36346.552,2,1632060,100,188200,1
36347.813,1,1632940,100,188200,1
36348.063,2,1632940,100,188200,1
36360.794,2,1446146,500,187800,1
36361.211,1,1640714,500,187000,1
36362.475,5,1630112,400,188480,-1
36372.542,5,1643641,1000,188420,1
36374.2,1,1648091,100,188200,1
36374.984,2,1648091,100,188200,1
36383.102,1,1654635,188,188500,-1
36390.051,4,1627495,9,188400,1
36393.031,2,1654635,188,188500,-1
36393.033,1,1662257,188,188400,-1
36393.274,4,1662257,100,188400,-1
36393.301,4,1662257,88,188400,-1
36402.752,5,1667694,300,188390,-1
36402.765,5,1667694,100,188390,-1
36402.873,2,1606712,800,189290,-1
36403.945,2,128416,210,190500,-1
36403.974,4,1627272,350,188500,-1
36404.106,1,1668644,500,189290,-1
36404.322,2,1668644,500,189290,-1
36404.502,1,1668904,900,189290,-1
36404.889,2,1668904,900,189290,-1
36404.922,1,1669201,600,189280,-1
36406.347,1,1670385,100,188500,1
36406.804,2,1624168,3000,189300,-1
36411.701,2,1669201,600,189280,-1
36411.726,2,1624792,500,189300,-1
36411.736,1,1674739,300,189270,-1
36413.198,2,1630108,400,188000,1
36413.242,1,1675739,900,188300,1
36413.545,2,1674739,300,189270,-1
36413.58,1,1675922,600,189260,-1
36414.561,2,1675922,600,189260,-1
36414.595,1,1676534,300,189250,-1
36415.409,2,1676534,300,189250,-1
36415.466,1,1677110,800,189240,-1
36420.385,1,1680618,2000,189800,-1
36422.887,5,1670416,100,188550,1
36423.264,5,1681992,100,188710,1
36427.22,5,1670416,300,188550,1
36427.22,5,1678614,1000,188540,1
36427.22,5,1670434,400,188510,1
36427.22,4,1670385,100,188500,1
36427.22,5,1681767,500,188500,1
36427.323,2,1627336,800,188110,1
36427.469,1,1684909,300,188310,1
36428.938,2,1684909,300,188310,1
36429.577,2,1677110,800,189240,-1
36429.708,1,1686120,500,189290,-1
36429.86,2,1686120,500,189290,-1
36429.908,1,1686239,900,189280,-1
36430.186,2,1686239,900,189280,-1
36430.435,1,1686518,500,189270,-1
36430.462,2,1686518,500,189270,-1
36430.63,1,1686602,900,189290,-1
36430.968,2,1686602,900,189290,-1
36431.02,1,1686916,600,189280,-1
36431.187,2,1686916,600,189280,-1
36431.295,1,1687144,900,189270,-1
36431.916,2,1675739,900,188300,1
36431.922,2,1687144,900,189270,-1
36431.948,1,1687611,3000,187700,1
36431.956,1,1687616,500,187700,1
36432.017,1,1687654,1000,187910,1
36432.038,2,1687611,3000,187700,1
36432.044,1,1687671,400,189290,-1
36432.045,2,1687616,500,187700,1
36432.059,1,1687682,3000,187900,1
36432.061,1,1687683,500,187900,1
36432.159,2,1687671,400,189290,-1
36432.189,1,1687780,800,189280,-1
36432.222,1,1687801,1100,188100,1
36432.242,2,1687682,3000,187900,1
36432.256,1,1687822,3000,188100,1
36432.321,2,1687654,1000,187910,1
36432.501,1,1688003,1000,188110,1
36434.485,2,1687780,800,189280,-1
36434.517,1,1689065,500,189270,-1
36435.755,2,1689065,500,189270,-1
36435.844,1,1689693,700,189260,-1
36436.215,2,1687683,500,187900,1
36436.223,1,1689980,500,188100,1
36439.971,2,1687822,3000,188100,1
36439.978,1,1692413,3000,189300,-1
36442.307,1,1693679,500,189300,-1
36442.523,1,1693796,100,188800,-1
36442.556,2,1693679,500,189300,-1
36442.563,1,1693822,500,188800,-1
36442.607,2,1689693,700,189260,-1
36442.94,2,1693822,500,188800,-1
36467.215,2,1687801,1100,188100,1
36468.069,1,1710183,188,188600,-1
36470.254,2,1710183,188,188600,-1
36471.691,1,1712688,900,188200,1
36471.765,2,1688003,1000,188110,1
36471.798,1,1712770,1000,188210,1
36473.758,2,1689980,500,188100,1
36478.233,2,1712770,1000,188210,1
36478.335,1,1717568,500,188210,1
36481.726,1,1719177,210,189000,-1
36499.06,5,1717502,200,188650,-1
36500.967,2,1693796,100,188800,-1
36500.997,1,1730539,500,189000,-1
36501.096,1,1730592,1000,188990,-1
36507.437,2,1717568,500,188210,1
36507.587,1,1733701,1000,188210,1
36514.716,1,1736926,100,188600,1
36514.996,5,1736962,100,188610,1
36517.854,2,1692413,3000,189300,-1
36518.101,1,1738552,3000,190000,-1
36535.194,2,1730539,500,189000,-1
36539.827,2,1730592,1000,188990,-1
36543.708,1,1751557,500,188720,1
36545.231,2,1751557,500,188720,1
36546.146,2,1591219,400,189300,-1
36546.146,2,1712688,900,188200,1
36546.193,1,1752970,1000,188500,1
36550.457,5,1739253,200,188940,-1
36550.874,2,1733701,1000,188210,1
36550.908,1,1755118,1000,188610,1
36551.296,2,1755118,1000,188610,1
36553.257,5,1754171,200,188970,-1
36553.283,1,1756618,600,188610,1
36553.702,2,1756618,600,188610,1
36568.409,1,1764607,600,188610,1
36568.937,2,1764607,600,188610,1
36569.097,1,1764977,1000,188610,1
36569.518,5,1765140,150,188910,1
36574.598,5,1753257,200,188980,-1
36577.135,5,1753257,200,188980,-1
36578.824,5,1753257,100,188980,-1
36581.226,5,1753257,100,188980,-1
36581.226,4,1719177,100,189000,-1
36582.955,4,1719177,100,189000,-1
36582.974,1,1773489,500,189500,-1
36582.976,4,1719177,10,189000,-1
36583.201,1,1773593,500,188700,1
36583.205,1,1773595,900,189490,-1
36583.265,2,1764977,1000,188610,1
36583.441,1,1773698,1000,188710,1
36586.884,1,1775456,3000,188700,1
36588.885,2,1752970,1000,188500,1
36588.888,1,1776994,200,188800,1
36588.919,2,1773593,500,188700,1
36588.926,1,1777027,500,188800,1
36588.968,2,1773698,1000,188710,1
36589.003,1,1777068,1000,188810,1
36591.87,2,1775456,3000,188700,1
36591.885,1,1778914,3000,188800,1
36592.218,2,1773595,900,189490,-1
36593.299,2,1773489,500,189500,-1
36593.531,2,1777068,1000,188810,1
36593.583,1,1779807,600,188820,1
36596.156,2,1779807,600,188820,1
36596.189,1,1781141,1000,188830,1
36598.991,1,1782935,1000,189600,-1
36607.252,2,1782935,1000,189600,-1
36612.108,2,1781141,1000,188830,1
36612.141,2,1736926,100,188600,1
36612.144,1,1789977,700,188840,1
36614.543,1,1791074,2700,189210,-1
36614.813,2,1789977,700,188840,1
36614.85,1,1791239,1000,188850,1
36614.876,2,1791239,1000,188850,1
36615.049,1,1791322,700,188810,1
36615.357,2,1791322,700,188810,1
36615.394,1,1791471,1000,188810,1
36616.765,2,1791471,1000,188810,1
36616.847,1,1792160,400,188810,1
36616.968,2,1792160,400,188810,1
36616.977,1,1792295,1000,189600,-1
36617.011,2,1777027,500,188800,1
36617.127,1,1792421,600,188810,1
36617.548,2,1791074,2700,189210,-1
36617.644,1,1792698,1000,189490,-1
36617.718,1,1792738,5000,189200,-1
36619.662,4,1792738,1400,189200,-1
36621.356,1,1795330,100,188900,1
36622.191,2,1423551,2000,190000,-1
36622.251,2,1795330,100,188900,1
36632.424,2,1778914,3000,188800,1
36634.614,1,1802631,2000,189800,-1
36636.013,2,1776994,200,188800,1
36642.298,5,1804212,12,189160,-1
36642.298,4,1792738,3600,189200,-1
36642.298,5,1791750,188,189200,-1
36642.518,1,1806418,500,189500,-1
36642.575,2,1792698,1000,189490,-1
36642.804,1,1806552,1000,189490,-1
36646.632,2,1600573,2000,190000,-1
36647.203,2,1806552,1000,189490,-1
36647.254,2,1792421,600,188810,1
36647.286,1,1808410,500,188000,1
36647.294,1,1808413,3000,187700,1
36647.317,2,1808413,3000,187700,1
36647.34,1,1808428,3000,188000,1
36647.408,1,1808450,1000,188100,1
36647.449,2,1808428,3000,188000,1
36647.455,2,1808410,500,188000,1
36647.462,1,1808468,500,188100,1
36647.47,1,1808474,3000,188100,1
36657.648,1,1814260,2000,189600,-1
36667.648,5,1813136,188,189110,1
36667.648,5,1808482,200,189100,1
36667.648,5,1808596,412,189100,1
36668.089,2,1806418,500,189500,-1
36668.097,2,1808468,500,188100,1
36669.214,1,1819951,1000,189490,-1
36689.782,2,1819951,1000,189490,-1
36689.816,1,1831574,700,189480,-1
36691.692,1,1832529,600,188500,1
36691.714,2,1808474,3000,188100,1
36691.744,1,1832556,3000,188500,1
36691.828,2,1808450,1000,188100,1
36691.864,1,1832639,1000,188510,1
36692.385,2,1832529,600,188500,1
36699.823,2,1831574,700,189480,-1
36699.872,1,1836380,1000,189470,-1
36708.285,1,1841264,500,189500,-1
36715.061,2,1836380,1000,189470,-1
36715.096,1,1844374,600,189460,-1
36715.694,2,1792295,1000,189600,-1
36715.867,1,1844822,1100,189300,-1
36715.893,2,1841264,500,189500,-1
36715.9,1,1844841,500,189300,-1
36716.048,2,1844374,600,189460,-1
36716.105,1,1844956,300,189290,-1
36719.363,2,1844841,500,189300,-1
36720.883,2,1832556,3000,188500,1
36731.157,2,1844956,300,189290,-1
36731.267,1,1851276,600,189290,-1
36731.392,2,1851276,600,189290,-1
36731.534,1,1851382,500,189290,-1
36733.16,1,1852378,500,188600,1
36733.323,2,1832639,1000,188510,1
36733.554,2,1844822,1100,189300,-1
36735.211,2,134585,1000,180600,1
36735.87,1,1853827,1000,185800,1
36745.05,1,1857704,400,188610,1
36747.444,1,1858900,200,189000,-1
36763.04,1,1867347,90,188700,-1
36763.044,4,1867347,90,188700,-1
36763.222,1,1867475,10,188800,-1
36763.846,4,1867475,10,188800,-1
36765.345,1,1868773,600,188600,1
36766.688,2,1857704,400,188610,1
36766.849,1,1869489,1000,188620,1
36768.719,2,1869489,1000,188620,1
36768.761,1,1870386,500,188630,1
36769.493,2,1870386,500,188630,1
36769.702,1,1871130,1000,188610,1
36774.319,1,1873053,2000,189000,-1
36775.913,2,1868773,600,188600,1
36776.028,2,1852378,500,188600,1
36776.548,1,1874207,1100,189300,-1
36776.589,2,1851382,500,189290,-1
36777.564,2,1871130,1000,188610,1
36777.623,1,1874883,3000,187700,1
36777.654,1,1874907,1000,187910,1
36777.686,2,1874883,3000,187700,1
36777.702,1,1874937,3000,187900,1
36778.013,2,1858900,200,189000,-1
36781.051,1,1876563,810,188700,-1
36781.075,1,1876580,90,188700,-1
36782.51,5,1876575,400,188650,-1
36782.51,5,1876577,400,188660,-1
36782.51,4,1876563,200,188700,-1
36783.348,1,1877717,100,188600,1
36783.998,2,1876580,90,188700,-1
36784.139,1,1878153,90,188700,-1
36784.698,2,1877717,100,188600,1
36787.487,2,1878153,90,188700,-1
36787.665,2,1876563,610,188700,-1
36787.686,1,1880769,500,189000,-1
36787.754,1,1880808,600,188990,-1
36789.579,2,1880808,600,188990,-1
36789.69,1,1881997,1000,188990,-1
36795.186,2,1881997,1000,188990,-1
36795.529,1,1884956,500,188990,-1
36795.71,1,1885109,100,188400,1
36796.068,2,1885109,100,188400,1
36798.47,2,1884956,500,188990,-1
36798.693,1,1886526,800,188990,-1
36807.777,2,1880769,500,189000,-1
36808.056,2,1886526,800,188990,-1
36808.207,1,1891004,900,188990,-1
36808.3,2,1891004,900,188990,-1
36809.982,1,1892178,1000,188300,1
36810.064,2,1874907,1000,187910,1
36810.098,1,1892284,400,188310,1
36810.582,1,1892587,500,188400,1
36810.643,2,1892284,400,188310,1
36810.821,1,1892722,500,188410,1
36811.984,2,1892722,500,188410,1
36812.065,1,1893304,800,188410,1
36812.497,5,1880810,400,188940,-1
36812.616,5,1891075,200,188960,-1
36819.461,5,1893833,500,188990,-1
36819.461,5,1894271,100,188990,-1
36824.076,2,1874937,3000,187900,1
36824.091,1,1899300,3000,188400,1
36830.833,5,1893774,500,188820,1
36834.351,2,1892178,1000,188300,1
36834.394,1,1903573,800,188600,1
36834.412,2,1892587,500,188400,1
36834.419,1,1903587,500,188600,1
36834.574,2,1893304,800,188410,1
36834.613,1,1903651,600,188610,1
36838.242,1,1905352,450,188900,-1
36838.523,1,1905521,50,188900,-1
36839.579,2,1903651,600,188610,1
36840.404,2,1905352,450,188900,-1
36840.601,2,1905521,50,188900,-1
36840.627,2,1903573,800,188600,1
36842.15,2,1903587,500,188600,1
36842.239,1,1907755,800,188410,1
36843.061,1,1908233,70,188800,-1
36843.229,1,1908313,630,188800,-1
36846.138,2,1908233,70,188800,-1
36846.376,1,1909852,70,188800,-1
36849.386,2,1909852,70,188800,-1
36849.528,1,1910945,70,188800,-1
36852.536,2,1910945,70,188800,-1
36852.675,1,1912030,70,188800,-1
36853.792,2,1899300,3000,188400,1
36853.898,1,1912468,100,188700,1
36855.686,2,1912030,70,188800,-1
36855.826,1,1913242,70,188800,-1
36856.797,2,1912468,100,188700,1
36858.836,2,1913242,70,188800,-1
36858.98,1,1914233,70,188800,-1
36861.986,2,1914233,70,188800,-1
36862.126,1,1915416,70,188800,-1
36862.835,4,1908313,630,188800,-1
36862.835,4,1915416,70,188800,-1
36863.64,1,1916534,300,188500,1
36863.717,2,1907755,800,188410,1
36863.848,1,1916675,1000,188510,1
36866.098,2,1874207,1100,189300,-1
36866.927,1,1918116,370,188900,1
36867.257,2,1918116,370,188900,1
36870.391,1,1919980,900,189300,-1
36871.693,1,1920635,500,188600,1
36871.798,2,1916675,1000,188510,1
36871.831,1,1920711,900,188610,1
36877.354,2,1920635,500,188600,1
36877.44,2,1920711,900,188610,1
36877.535,1,1923817,800,188510,1
36882.624,2,1916534,300,188500,1
36882.954,1,1925731,106,188900,-1
36907.341,2,1925731,106,188900,-1
36911.276,1,1938667,700,188500,1
36921.9,2,1938667,700,188500,1
36922.592,1,1946426,630,188800,-1
36922.669,1,1946481,70,188800,-1
36922.909,1,1946716,200,188900,-1
36923.642,2,1946716,200,188900,-1
36924.827,4,1946426,630,188800,-1
36924.827,4,1946481,70,188800,-1
36925.479,2,1274955,100,190000,-1
36930.083,1,1950952,2000,189700,-1
36940.616,1,1957703,400,188900,-1
36940.618,1,1957705,400,188900,-1
36945.859,2,1957703,400,188900,-1
36945.895,2,1957705,400,188900,-1
36947.519,1,1963398,300,188800,-1
36947.719,2,1923817,800,188510,1
36947.753,1,1963632,3000,187700,1
36947.76,1,1963638,500,187700,1
36947.997,1,1963870,1000,187910,1
36948.018,1,1963900,200,188900,-1
36948.064,2,1963632,3000,187700,1
36948.065,2,1963638,500,187700,1
36948.073,1,1963936,500,187900,1
36948.086,1,1963947,3000,187900,1
36950.665,1,1966229,200,188890,-1
36950.671,2,1963900,200,188900,-1
36951.914,1,1967442,200,188880,-1
36951.996,2,1966229,200,188890,-1
36952.092,2,1967442,200,188880,-1
36952.66,2,1124986,200,191400,-1
36952.704,1,1968201,200,189500,-1
36952.975,1,1968503,200,188880,-1
36953.252,2,1963936,500,187900,1
36953.477,1,1969056,200,188870,-1
36953.485,2,1968503,200,188880,-1
36953.549,1,1969140,1000,189000,-1
36953.578,2,1919980,900,189300,-1
36953.798,5,1968902,88,188600,1
36954.687,2,1631772,200,187400,1
36954.736,1,1970326,300,186300,1
36955.022,1,1970627,188,188800,-1
36955.527,2,1969056,200,188870,-1
36955.673,2,1970627,188,188800,-1
36955.677,1,1971305,188,188700,-1
36956.688,1,1972208,200,188790,-1
36957.214,1,1972602,200,188770,-1
36957.225,2,1972208,200,188790,-1
36957.953,1,1973229,1000,188100,1
36958.016,2,1963870,1000,187910,1
36958.052,1,1973301,1000,188110,1
36958.378,2,1968201,200,189500,-1
36958.391,1,1973557,100,189100,-1
36958.768,5,1890242,50,188510,1
36958.768,1,1973849,50,188500,-1
36959.186,1,1974232,200,188600,-1
36959.317,2,1972602,200,188770,-1
36959.908,2,1971305,188,188700,-1
36959.91,1,1974892,188,188500,-1
36960.807,1,1975639,200,188590,-1
36960.81,2,1974232,200,188600,-1
36962.635,2,1973557,100,189100,-1
36962.642,1,1977289,200,189200,-1
36963.96,5,1975048,50,188300,1
36965.011,1,1979280,200,188500,-1
36966.061,2,1973849,50,188500,-1
36967.68,2,1973301,1000,188110,1
36970.016,2,1963947,3000,187900,1
36970.25,5,1975048,28,188300,1
36970.568,2,1963398,300,188800,-1
36971.712,1,1983907,50,188490,-1
36972.895,2,1970326,300,186300,1
36972.917,1,1984929,200,187000,1
36973.021,2,1975639,200,188590,-1
36973.261,2,1378986,900,194500,-1
36973.408,2,1974892,188,188500,-1
36973.41,2,1979280,200,188500,-1
36973.412,1,1985319,188,188400,-1
36973.414,1,1985323,200,188400,-1
36973.435,1,1985338,500,189000,-1
36974.356,1,1985970,900,199800,-1
36975.828,1,1987107,100,189000,-1
36976.283,2,1985319,188,188400,-1
36976.326,2,1985323,200,188400,-1
36976.64,2,1985338,500,189000,-1
36976.681,2,1973229,1000,188100,1
36976.712,1,1987752,3000,187700,1
36976.767,1,1987813,1200,188000,1
36976.9,1,1987939,1000,187910,1
36977.815,2,1987939,1000,187910,1
36977.864,1,1988880,800,188010,1
36978.076,1,1989092,200,188480,-1
36978.351,2,1873053,2000,189000,-1
36978.847,2,1983907,50,188490,-1
36979.164,5,1988198,500,188210,1
36979.305,2,1988880,800,188010,1
36979.675,1,1990380,50,188390,-1
36979.813,2,1987813,1200,188000,1
36979.973,1,1990650,1200,187800,1
36979.992,2,1987752,3000,187700,1
36980.009,1,1990682,3000,187800,1
36980.083,1,1990749,200,188400,-1
36980.214,2,1989092,200,188480,-1
36980.552,1,1991100,200,188300,-1
36980.566,2,1990749,200,188400,-1
36980.972,1,1991417,200,188290,-1
36980.985,2,1991100,200,188300,-1
36981.495,2,1991417,200,188290,-1
36981.859,2,1990380,50,188390,-1
36981.958,1,1992264,1000,188990,-1
36982.569,1,1992671,50,188300,-1
36982.574,5,1991823,500,188190,-1
36982.574,5,1991858,500,188190,-1
36982.574,1,1992676,900,188190,1
36982.699,1,1992777,100,188100,1
36984.838,1,1993873,70,188800,-1
36984.875,1,1993891,630,188800,-1
36985.284,1,1994067,1000,186100,1
36985.579,2,1992676,900,188190,1
36985.671,1,1994216,1000,188190,1
36986.908,1,1994821,200,188290,-1
36987.311,2,1994821,200,188290,-1
36988.67,2,1994216,1000,188190,1
36989.712,2,1992264,1000,188990,-1
36990.028,1,1996333,200,188400,-1
36990.13,1,1996373,200,188390,-1
36990.135,2,1996333,200,188400,-1
36991.355,2,1992671,50,188300,-1
36992.37,2,1993873,70,188800,-1
36992.467,1,1997519,500,188300,-1
36992.468,2,1993891,630,188800,-1
36992.61,1,1997587,50,188290,-1
36992.616,4,1997587,50,188290,-1
36992.616,5,1996066,500,188290,-1
36992.616,5,1996155,500,188290,-1
36992.616,4,1997519,500,188300,-1
36993.245,2,1996373,200,188390,-1
36993.396,1,1998061,900,188990,-1
36993.462,1,1998095,200,188400,-1
36996.198,1,2000044,3000,187000,1
36997.433,2,1992777,100,188100,1
36997.453,1,2000976,500,187900,1
36997.536,1,2001055,1000,187910,1
36999.121,1,2002224,500,184100,1
36999.917,1,2002686,100,188200,1
37002.538,5,2002714,400,188210,1
37002.538,4,2002686,100,188200,1
37002.935,1,2004120,630,188800,-1
37003.01,1,2004149,70,188800,-1
37003.967,2,1814260,2000,189600,-1
37004.284,2,1977289,200,189200,-1
37004.287,2,1984929,200,187000,1
37004.313,1,2004717,100,188600,-1
37004.318,1,2004719,300,181500,1
37006.279,1,2005787,100,188100,1
37008.597,2,2004717,100,188600,-1
37008.599,2,2004719,300,181500,1
37008.623,2,1950952,2000,189700,-1
37011.666,2,1998095,200,188400,-1
37011.735,2,1998061,900,188990,-1
37011.797,1,2009496,400,188790,-1
37012.788,1,2010415,500,188800,-1
37013.659,1,2011111,100,188700,-1
37013.684,2,2010415,500,188800,-1
37013.693,1,2011142,500,188700,-1
37013.723,2,2011111,100,188700,-1
37013.742,1,2011175,100,188600,-1
37014.142,2,2009496,400,188790,-1
37014.341,2,2004120,630,188800,-1
37014.512,2,2004149,70,188800,-1
37015.114,2,2011142,500,188700,-1
37017.783,1,2013508,100,188210,1
37023.478,1,2016523,70,188800,-1
37023.518,1,2016537,630,188800,-1
37024.06,1,2016891,700,188590,-1
37024.81,1,2017418,1100,188300,-1
37025.419,2,2016891,700,188590,-1
37025.524,2,2013508,100,188210,1
37025.551,2,1990682,3000,187800,1
37025.575,1,2017899,3000,188100,1
37026.398,4,2017418,1100,188300,-1
37026.474,1,2018419,1000,188590,-1
37026.894,2,2018419,1000,188590,-1
37027.899,2,2000976,500,187900,1
37027.908,1,2019251,500,188100,1
37028.829,2,2019251,500,188100,1
37029.004,2,1990650,1200,187800,1
37029.047,1,2020063,700,188100,1
37033.69,2,2016523,70,188800,-1
37033.866,2,2016537,630,188800,-1
37035.308,5,2023034,200,188480,-1
37035.484,1,2025098,100,188320,1
37037.741,2,2025098,100,188320,1
37039.47,1,2027571,100,188340,1
37040.338,4,2027571,100,188340,1
37040.338,5,2024768,500,188340,1
37040.338,5,2024795,500,188340,1
37040.338,5,2025092,600,188300,1
37040.338,5,2025182,200,188300,1
37042.315,1,2029112,630,188800,-1
37042.362,1,2029136,70,188800,-1
37044.816,2,2017899,3000,188100,1
37045.252,2,2020063,700,188100,1
37046.475,1,2031647,2000,189000,-1
37046.629,1,2031729,200,188590,-1
37046.943,1,2031954,200,188580,-1
37047.039,2,2031729,200,188590,-1
37047.465,1,2032237,200,188570,-1
37047.469,2,2031954,200,188580,-1
37047.99,1,2032532,200,188500,-1
37048.088,2,2032237,200,188570,-1
37048.097,2,2032532,200,188500,-1
37048.547,1,2032899,200,188500,-1
37048.692,1,2033011,200,188490,-1
37048.698,2,2032899,200,188500,-1
37048.751,1,2033062,400,188400,-1
37048.783,4,2033062,400,188400,-1
37048.791,1,2033094,900,188000,1
37049.344,2,2033011,200,188490,-1
37049.635,1,2033777,200,188500,-1
37050.007,2,2033777,200,188500,-1
37053.719,1,2035903,3000,188100,1
37055.965,2,2002224,500,184100,1
37056.604,1,2036934,500,183100,1
37063.359,1,2039154,200,188590,-1
37063.997,2,2005787,100,188100,1
37065.002,2,2001055,1000,187910,1
37065.224,1,2039901,1000,188110,1
37073.308,2,2011175,100,188600,-1
37091.045,2,2039154,200,188590,-1
37091.146,1,2051047,600,188790,-1
37091.334,1,2051145,200,188600,-1
37093.143,2,2051047,600,188790,-1
37095.779,1,2053077,100,188600,-1
37100.838,1,2055348,600,195500,-1
37101.203,2,2051145,200,188600,-1
37105.767,2,1135744,1000,191000,-1
37113.299,1,2062913,1000,188500,1
37114.563,2,2029112,630,188800,-1
37114.738,2,2029136,70,188800,-1
37115.301,5,2063338,32,188540,1
37115.409,2,2053077,100,188600,-1
37115.438,1,2064019,500,189000,-1
37115.552,1,2064129,1000,188990,-1
37115.888,2,1969140,1000,189000,-1
37115.9,2,2033094,900,188000,1
37115.901,1,2064450,800,188300,1
37115.972,2,2064129,1000,188990,-1
37116.755,1,2064969,1000,188990,-1
37118.015,1,2065666,2900,188700,-1
37119.317,1,2066325,100,188600,1
37134.154,2,2064969,1000,188990,-1
37136.388,5,2068195,12,188680,-1
37143.361,2,2066325,100,188600,1
37143.369,5,2068195,100,188680,-1
37146.339,5,2068195,368,188680,-1
37146.454,5,2068195,20,188680,-1
37146.454,4,2065666,80,188700,-1
37146.802,4,2065666,100,188700,-1
37147.651,4,2065666,100,188700,-1
37148.173,4,2065666,300,188700,-1
37148.415,4,2065666,100,188700,-1
37149.294,4,2065666,100,188700,-1
37149.657,4,2065666,100,188700,-1
37149.806,4,2065666,1000,188700,-1
37150.152,4,2065666,1000,188700,-1
37150.184,2,2064019,500,189000,-1
37150.284,4,2065666,20,188700,-1
37150.349,1,2084921,1000,188990,-1
37151.432,2,2084921,1000,188990,-1
37152.643,2,2039901,1000,188110,1
37154.039,1,2087388,188,188700,1
37158.766,1,2090175,400,188800,1
37159.762,2,2087388,188,188700,1
37159.764,1,2090979,188,188800,1
37161.101,1,2092304,200,190000,-1
37161.103,1,2092309,200,187700,1
37164.179,1,2095003,100,188900,-1
37168.738,5,2097634,25,188840,1
37173.737,2,2090175,300,188800,1
37173.768,4,2090175,100,188800,1
37173.768,4,2090979,188,188800,1
37173.768,5,2101016,400,188800,1
37173.816,2,2035903,3000,188100,1
37173.832,1,2102065,3000,188500,1
37178.905,2,2102065,3000,188500,1
37179.08,1,2105575,1000,191200,-1
37182.689,1,2107804,300,188800,1
37182.72,4,2107804,300,188800,1
37183.599,5,2105909,100,188700,1
37184.417,1,2109424,900,189100,-1
37185.075,1,2109924,200,188890,-1
37185.97,1,2110482,200,188880,-1
37185.975,2,2109924,200,188890,-1
37188.471,1,2112200,200,188800,-1
37188.48,2,2110482,200,188880,-1
37189.289,1,2112738,200,188790,-1
37189.301,2,2112200,200,188800,-1
37199.331,2,2112738,200,188790,-1
37204.213,2,2109424,900,189100,-1
37205.7,1,2125485,100,188900,-1
37211.134,1,2128990,5000,188700,-1
37214.918,5,2130898,500,188680,-1
37214.918,5,2131321,500,188680,-1
37214.918,5,2130712,100,188690,-1
37215.009,1,2132095,200,188800,-1
37216.819,1,2133627,200,188780,-1
37216.826,2,2132095,200,188800,-1
37221.776,2,2062913,1000,188500,1
37221.867,1,2136759,200,188730,-1
37221.956,2,2133627,200,188780,-1
37222.47,2,2136759,200,188730,-1
37225.232,2,2064450,800,188300,1
37225.259,1,2139258,3000,187700,1
37225.266,1,2139261,500,187700,1
37225.303,1,2139289,1000,187910,1
37225.328,2,2139258,3000,187700,1
37225.335,2,2139261,500,187700,1
37225.344,1,2139329,3000,187900,1
37225.351,1,2139340,500,187900,1
37226.162,1,2139999,900,188100,1
37226.186,2,2139329,3000,187900,1
37226.194,2,2139340,500,187900,1
37226.205,1,2140022,3000,188100,1
37226.212,1,2140023,500,188100,1
37226.272,2,2139289,1000,187910,1
37226.491,1,2140264,1000,188110,1
37226.918,2,2140022,3000,188100,1
37227.289,1,2140939,200,188680,-1
37228.287,1,2141713,200,188580,-1
37228.295,2,2140939,200,188680,-1
37229.66,2,2141713,200,188580,-1
37229.859,1,2142933,200,188590,-1
37231.974,1,2144264,400,188500,-1
37241.786,4,2144264,68,188500,-1
37241.949,2,2142933,200,188590,-1
37242.123,4,2144264,332,188500,-1
37242.379,1,2151674,200,188600,-1
37242.489,2,2151674,200,188600,-1
37242.594,5,2141457,13,188600,-1
37245.953,5,2151847,1000,188650,-1
37245.953,5,2152729,500,188680,-1
37245.953,4,2128990,3500,188700,-1
37246.065,2,2140264,1000,188110,1
37246.1,1,2155570,600,188120,1
37246.29,5,2155566,58,188690,-1
37247.387,5,2155566,65,188690,-1
37248.896,1,2157895,3000,188100,1
37249.776,2,2140023,500,188100,1
37249.825,1,2158725,200,183000,1
37250.234,2,2139999,900,188100,1
37250.276,1,2159067,800,188400,1
37250.8,4,2128990,68,188700,-1
37252.06,4,2128990,68,188700,-1
37252.165,4,2128990,200,188700,-1
37252.168,4,2128990,200,188700,-1
37252.18,2,2155570,600,188120,1
37252.999,5,2161030,300,188690,-1
37255.373,5,2161030,58,188690,-1
37257.381,2,1985970,900,199800,-1
37259.236,5,2161030,200,188690,-1
37259.462,1,2166786,900,199200,-1
37261.723,5,2161030,68,188690,-1
37263.129,5,2161030,227,188690,-1
37263.465,5,2161030,29,188690,-1
37267.802,1,2173305,400,189800,-1
37267.805,1,2173307,400,187900,1
37270.965,2,2159067,800,188400,1
37271.2,1,2176254,1000,188110,1
37271.461,1,2176504,200,188800,-1
37272.449,1,2177372,200,188780,-1
37272.575,2,2176504,200,188800,-1
37279.808,2,2177372,200,188780,-1
37280.069,1,2181902,200,188790,-1
37280.307,1,2182017,500,188200,1
37280.343,1,2182029,200,188780,-1
37280.346,2,2181902,200,188790,-1
37280.496,2,2176254,1000,188110,1
37280.573,1,2182134,1000,188210,1
37280.596,2,2157895,3000,188100,1
37280.643,1,2182182,3000,188200,1
37280.988,1,2182397,1100,188300,1
37281.03,2,2182017,500,188200,1
37281.031,2,2182182,3000,188200,1
37281.045,1,2182461,500,188300,1
37281.053,1,2182467,3000,188300,1
37281.073,2,2182134,1000,188210,1
37281.553,1,2182840,800,188310,1
37282.87,2,2182029,200,188780,-1
37286.964,2,2182467,3000,188300,1
37291.464,2,2182840,800,188310,1
37291.509,1,2189555,200,188800,-1
37291.856,2,2182397,1100,188300,1
37291.898,1,2189886,1100,189000,-1
37291.93,2,2182461,500,188300,1
37291.933,1,2189916,200,188770,-1
37291.962,1,2189949,3000,187900,1
37291.994,1,2189986,1000,187910,1
37292.013,2,2189555,200,188800,-1
37292.228,2,2189916,200,188770,-1
37293.983,1,2191456,200,188680,-1
37296.495,2,2191456,200,188680,-1
37297.184,1,2193849,800,188200,1
37297.258,2,2189986,1000,187910,1
37297.304,1,2193919,700,188210,1
37297.525,2,2193919,700,188210,1
37297.568,1,2194087,1000,188220,1
37298.573,2,2189886,1100,189000,-1
37310.692,2,2194087,1000,188220,1
37310.755,1,2201264,700,188210,1
37317.602,1,2207075,200,188500,-1
37317.715,1,2207194,200,188680,-1
37317.767,2,1802631,2000,189800,-1
37318.106,1,2207425,200,188610,-1
37318.197,2,2207194,200,188680,-1
37318.47,1,2207608,200,188600,-1
37318.547,2,2207425,200,188610,-1
37320.253,2,2201264,700,188210,1
37320.414,2,2207608,200,188600,-1
37321.474,1,2209141,200,188600,-1
37323.313,2,2193849,800,188200,1
37323.339,1,2210275,500,188000,1
37323.366,1,2210303,1000,187910,1
37323.587,2,2210303,1000,187910,1
37323.81,1,2210594,1000,188010,1
37323.831,2,2189949,3000,187900,1
37323.847,1,2210618,3000,188000,1
37326.261,1,2211888,400,188100,1
37326.279,2,2210275,500,188000,1
37326.286,1,2211905,500,188100,1
37326.307,2,2210618,3000,188000,1
37326.323,1,2211920,3000,188100,1
37326.379,2,2210594,1000,188010,1
37326.433,1,2211975,1000,188110,1
37331.144,2,2207075,200,188500,-1
37333.192,2,2209141,200,188600,-1
37335.763,2,2211920,3000,188100,1
37342.049,2,2211905,500,188100,1
37358.954,1,2230512,500,188600,-1
37362.086,4,2230512,500,188600,-1
37366.481,1,2235220,1000,191000,-1
37370.797,1,2237554,3000,188100,1
37390.757,1,2247545,200,188680,-1
37394.017,2,2247545,200,188680,-1
37421.223,1,2262604,200,188680,-1
37424.333,2,2262604,200,188680,-1
37434.17,2,2211888,400,188100,1
37434.213,1,2268908,600,188400,1
37435.661,5,2269041,200,188610,1
37437.696,1,2271020,200,188800,-1
37439.624,1,2271978,200,188770,-1
37439.638,2,2271020,200,188800,-1
37443.785,1,2274628,200,188700,-1
37443.888,2,2271978,200,188770,-1
37444.175,2,2268908,600,188400,1
37444.262,2,2274628,200,188700,-1
37444.356,1,2274921,1100,188200,1
37444.445,1,2274953,200,188770,-1
37444.52,2,2211975,1000,188110,1
37444.555,1,2275017,1000,188210,1
37444.787,5,2275052,200,188600,-1
37444.787,5,2270566,57,188660,-1
37444.787,5,2262787,300,188670,-1
37444.787,5,2274940,206,188680,-1
37444.787,5,2274175,137,188690,-1
37445.115,2,2274953,200,188770,-1
37445.342,1,2275402,200,188800,-1
37445.529,2,2275402,200,188800,-1
37447.819,2,2237554,3000,188100,1
37447.837,1,2276542,3000,188200,1
37447.955,1,2276614,200,188800,-1
37450.575,1,2278049,500,188300,1
37450.688,2,2275017,1000,188210,1
37450.726,1,2278226,1000,188310,1
37456.009,4,2128990,207,188700,-1
37481.76,2,2276542,3000,188200,1
37481.774,1,2289994,3000,188300,1
37482.005,2,2125485,100,188900,-1
37486.482,1,2292456,200,188780,-1
37486.49,2,2276614,200,188800,-1
37486.581,2,2278226,1000,188310,1
37486.976,2,2292456,200,188780,-1
37486.986,2,2289994,3000,188300,1
37487.278,1,2292833,200,188800,-1
37487.916,1,2293201,200,188600,-1
37488.249,2,2292833,200,188800,-1
37488.371,2,2278049,500,188300,1
37488.39,1,2293499,3000,188200,1
37488.445,1,2293541,1000,188210,1
37490.876,2,2293499,3000,188200,1
37498.865,2,2293541,1000,188210,1
37500.757,2,2274921,1100,188200,1
37500.782,1,2298695,3000,187900,1
37500.867,1,2298734,1000,187910,1
37502.558,1,2299356,800,188200,1
37507.817,2,2293201,200,188600,-1
37520.493,1,2309874,200,188590,-1
37522.097,2,2299356,800,188200,1
37522.115,1,2310808,500,188000,1
37522.137,1,2310824,1100,188000,1
37522.207,2,2298734,1000,187910,1
37522.312,1,2310918,1000,188010,1
37523.335,1,2311454,200,188500,-1
37523.342,2,2309874,200,188590,-1
37523.569,2,2310918,1000,188010,1
37523.648,1,2311643,1000,188010,1
37523.683,2,2310808,500,188000,1
37524.897,1,2312297,100,188490,-1
37524.976,2,2092309,200,187700,1
37524.983,1,2312378,200,187100,1
37525.618,2,2312297,100,188490,-1
37526.767,1,2313785,100,188390,-1
37527.066,1,2314013,200,188490,-1
37527.18,2,2311454,200,188500,-1
37528.813,2,2298695,3000,187900,1
37528.829,1,2315060,3000,188000,1
37530.039,2,2313785,100,188390,-1
37530.518,2,2314013,200,188490,-1
37530.648,1,2316047,900,188690,-1
37530.837,1,2316158,200,188500,-1
37532.77,2,2316047,900,188690,-1
37532.853,1,2317585,200,188490,-1
37532.879,5,2317584,200,188480,-1
37532.939,2,2316158,200,188500,-1
37533.182,2,2317585,200,188490,-1
37533.308,1,2317919,600,188690,-1
37533.387,1,2317984,86,188500,-1
37533.911,2,2311643,1000,188010,1
37533.943,2,2317919,600,188690,-1
37533.996,1,2318485,700,188010,1
37534.271,5,2318465,500,188400,-1
37534.325,1,2318791,500,188700,-1
37534.363,4,2317984,86,188500,-1
37534.363,5,2318711,114,188500,-1
37534.367,2,2318485,700,188010,1
37534.452,1,2318913,700,188690,-1
37534.478,1,2318944,1000,188010,1
37534.505,2,2318913,700,188690,-1
37534.639,2,2318791,500,188700,-1
37534.808,1,2319252,100,188400,-1
37535.116,4,2319252,100,188400,-1
37535.293,2,2310824,1100,188000,1
37535.336,1,2319806,800,188300,1
37535.393,1,2319842,600,188100,1
37535.43,2,2319806,800,188300,1
37535.505,2,2318944,1000,188010,1
37535.599,1,2320025,700,188110,1
37536.119,5,2319672,100,188500,-1
37536.202,2,2320025,700,188110,1
37536.23,1,2320624,600,188690,-1
37536.614,2,2320624,600,188690,-1
37536.728,1,2321060,1000,188690,-1
37536.837,2,2321060,1000,188690,-1
37536.961,1,2321248,1000,188110,1
37537.256,2,2321248,1000,188110,1
37537.289,1,2321517,500,188120,1
37537.744,2,2321517,500,188120,1
37537.947,1,2321958,1000,188110,1
37541.831,5,2322699,500,188690,-1
37541.831,4,2128990,200,188700,-1
