34200.386,4,211570,584,246800,1
34201.247,2,199980,70,244400,1
34201.295,1,213258,500,247000,-1
34201.45,1,213360,2000,247180,-1
34202.015,1,213731,2000,246420,1
34202.983,2,213258,500,247000,-1
34203.242,2,213360,2000,247180,-1
34203.959,2,204476,1000,245000,1
34204.151,1,215163,2000,120000,1
34204.261,1,215235,100,246700,-1
34204.32,2,213731,2000,246420,1
34205.028,1,215760,100,246310,1
34205.105,2,211357,200,242100,1
34205.12,1,215835,200,243100,1
34205.174,2,212498,300,247000,-1
34205.247,4,215235,100,246700,-1
34205.41,1,216015,1000,241000,1
34205.473,2,215760,100,246310,1
34205.624,1,216165,800,246310,1
34205.755,2,216165,800,246310,1
34205.951,1,216367,100,246310,1
34206.131,2,216367,100,246310,1
34206.234,1,216580,1000,246990,-1
34206.257,1,216605,900,246310,1
34206.494,2,216605,900,246310,1
34206.554,1,216785,100,246320,1
34206.562,1,216792,2000,246320,1
34206.765,2,216785,100,246320,1
34207.111,1,217109,2000,246880,-1
34207.217,5,213738,500,246470,1
34207.217,5,216809,200,246370,1
34207.217,5,216893,100,246330,1
34207.217,4,216792,1100,246320,1
34207.234,2,216792,900,246320,1
34207.781,1,217456,2000,246020,1
34207.852,1,217496,100,246700,-1
34207.91,4,217496,100,246700,-1
34207.91,5,216352,100,246700,-1
34211.003,1,219162,1000,246800,-1
34211.077,1,219196,1100,246800,-1
34211.188,2,217109,2000,246880,-1
34212.597,2,219196,1100,246800,-1
34212.643,1,219953,1100,246800,-1
34212.861,1,220076,100,246700,-1
34212.89,5,220085,200,246680,-1
34212.89,4,220076,100,246700,-1
34213.738,1,220473,1100,246800,-1
34213.818,2,220473,1100,246800,-1
34215.235,1,221233,100,246700,-1
34215.277,4,221233,100,246700,-1
34215.382,1,221303,1100,246800,-1
34215.53,2,221303,1100,246800,-1
34215.531,2,219953,1100,246800,-1
34215.606,2,219162,1000,246800,-1
34215.613,1,221411,500,246400,1
34217.208,2,221411,500,246400,1
34217.5,1,222674,100,246700,-1
34217.577,4,222674,100,246700,-1
34218.057,2,217456,2000,246020,1
34218.125,1,223064,1100,246880,-1
34218.16,2,216580,1000,246990,-1
34219.078,1,223694,100,246700,-1
34219.114,4,223694,100,246700,-1
34219.552,2,126428,2934,242400,1
34219.705,1,224160,100,246700,-1
34219.724,4,224160,100,246700,-1
34220.336,2,208663,1000,245000,1
34220.425,1,224661,2000,246020,1
34220.651,1,224778,5000,242400,1
34225.719,1,227863,100,246700,-1
34225.968,1,227954,1100,246600,-1
34226.092,2,224661,2000,246020,1
34226.446,4,227954,200,246600,-1
34226.54,2,223064,1100,246880,-1
34226.733,1,228373,1000,247000,-1
34227.033,5,227868,200,246320,1
34227.033,5,222660,100,246310,1
34227.033,4,205441,700,246300,1
34227.581,2,227954,900,246600,-1
34227.67,4,205441,2300,246300,1
34227.82,1,228903,300,224400,1
34228.193,1,229060,1000,245300,1
34228.798,2,229060,1000,245300,1
34228.867,1,229634,500,245300,1
34229.688,1,229948,900,246580,-1
34229.998,1,230063,750,246300,-1
34230.245,1,230180,2000,245420,1
34230.287,2,229634,500,245300,1
34230.446,1,230308,600,245430,1
34230.529,2,230180,2000,245420,1
34230.798,1,230490,900,246180,-1
34230.842,2,230063,750,246300,-1
34230.88,2,230308,600,245430,1
34231.028,1,230594,750,246100,-1
34231.236,2,229948,900,246580,-1
34231.358,1,230792,900,246100,-1
34231.367,2,228373,1000,247000,-1
34231.854,2,230490,900,246180,-1
34231.873,1,231056,700,245000,1
34231.963,1,231092,2000,244920,1
34232.161,2,231056,700,245000,1
34232.168,2,230792,900,246100,-1
34232.224,1,231228,600,245010,1
34232.506,2,231228,600,245010,1
34232.532,1,231348,900,246100,-1
34232.533,5,230605,200,246050,-1
34232.533,4,230594,750,246100,-1
34232.533,4,231348,50,246100,-1
34232.576,4,231348,400,246100,-1
34232.752,1,231436,1000,245000,1
34232.858,2,231348,450,246100,-1
34233.09,1,231550,450,246580,-1
34233.136,2,215835,200,243100,1
34233.144,1,231566,200,241100,1
34233.38,5,230675,200,246200,-1
34233.38,4,231550,250,246580,-1
34233.385,4,231550,100,246580,-1
34233.468,4,231550,100,246580,-1
34233.485,5,231680,200,246570,-1
34233.627,1,231732,900,245120,1
34233.66,2,231436,1000,245000,1
34233.824,1,231810,1000,245130,1
34233.955,2,231092,2000,244920,1
34233.991,4,227863,100,246700,-1
34234.177,1,231961,2000,246880,-1
34234.193,1,231973,1000,246990,-1
34234.242,5,231889,30,246690,-1
34234.395,2,231973,1000,246990,-1
34234.437,1,232068,1000,246870,-1
34234.54,5,232036,100,246700,1
34234.728,5,232144,100,246820,-1
34234.741,5,232144,500,246820,-1
34234.787,2,232068,1000,246870,-1
34234.881,5,232249,100,246830,-1
34234.892,2,231961,2000,246880,-1
34234.937,1,232285,2000,246780,-1
34234.998,4,232285,84,246780,-1
34235.051,2,231810,1000,245130,1
34235.087,1,232343,600,245130,1
34235.096,2,232285,1916,246780,-1
34235.224,1,232385,500,247000,-1
34235.488,1,232475,2000,246880,-1
34235.513,2,232385,500,247000,-1
34235.521,1,232491,500,246900,-1
34235.73,2,232491,500,246900,-1
34235.788,2,232343,600,245130,1
34235.811,2,232475,2000,246880,-1
34237.798,1,233300,2000,246880,-1
34238.315,1,233463,100,246600,-1
34238.375,1,233487,1000,246700,-1
34238.615,1,233569,100,246400,-1
34239.196,4,233569,50,246400,-1
34239.414,1,233886,500,245500,1
34239.784,2,233487,1000,246700,-1
34239.844,1,234088,1000,245000,1
34239.913,1,234110,1000,245800,1
34239.936,1,234120,890,246600,-1
34239.941,2,233886,500,245500,1
34240.165,1,234242,400,245810,1
34240.218,1,234265,184,245920,1
34240.255,2,234242,400,245810,1
34240.306,1,234303,400,245930,1
34240.554,2,231732,900,245120,1
34240.759,4,233569,50,246400,-1
34241.227,2,233463,100,246600,-1
34241.315,1,234801,2000,246680,-1
34241.318,2,233300,2000,246880,-1
34241.356,2,234801,2000,246680,-1
34241.472,2,234303,400,245930,1
34241.51,1,234863,300,245940,1
34241.858,1,235015,2000,246980,-1
34242.473,1,235236,2000,246780,-1
34242.739,2,235015,2000,246980,-1
34242.744,1,235381,500,246400,-1
34242.828,1,235408,400,246500,-1
34243.079,1,235524,100,246300,-1
34245.025,2,235381,500,246400,-1
34245.049,2,234110,1000,245800,1
34246.286,2,234863,300,245940,1
34247.431,2,234120,890,246600,-1
34249.383,2,235236,2000,246780,-1
34250.408,1,238750,100,246200,-1
34251.786,1,239356,74,204300,1
34255.041,1,241251,700,246200,-1
34256.743,2,212434,100,247000,-1
34256.769,2,235524,100,246300,-1
34256.771,2,238750,100,246200,-1
34257.01,2,241251,700,246200,-1
34257.207,1,242988,200,246490,-1
34257.238,1,243018,2000,246680,-1
34257.598,2,242988,200,246490,-1
34257.633,1,243370,1000,246490,-1
34257.884,2,243370,1000,246490,-1
34257.954,1,243646,500,245900,1
34258.119,1,243842,1000,246490,-1
34258.27,2,243842,1000,246490,-1
34258.442,2,243018,2000,246680,-1
34258.546,1,244147,2000,246780,-1
34258.811,2,244147,2000,246780,-1
34258.844,1,244281,500,246200,1
34259.11,1,244409,2000,246880,-1
34259.224,2,243646,500,245900,1
34259.355,2,244409,2000,246880,-1
34259.709,1,244736,84,246320,1
34259.73,4,244736,50,246320,1
34259.964,2,244736,34,246320,1
34260.198,1,245242,600,246490,-1
34260.432,1,245390,34,246220,1
34260.944,2,245242,600,246490,-1
34260.986,2,234265,184,245920,1
34261.077,1,245798,2000,246980,-1
34261.399,1,245944,100,246300,-1
34261.489,2,244281,500,246200,1
34262.208,5,246118,70,246290,-1
34262.208,4,245944,100,246300,-1
34262.729,1,246804,700,246300,-1
34263.516,4,246804,700,246300,-1
34266.19,4,235408,400,246500,-1
34266.216,2,245798,2000,246980,-1
34266.408,1,248758,2000,247180,-1
34266.57,2,248758,2000,247180,-1
34266.953,1,249011,2000,247280,-1
34267.327,1,249196,500,246000,1
34268.205,1,249607,1000,247190,-1
34269.89,5,249635,200,246500,1
34269.915,1,250533,500,247200,-1
34270.404,1,250803,2000,247080,-1
34270.432,2,250533,500,247200,-1
34270.44,1,250819,500,247100,-1
34270.441,2,249607,1000,247190,-1
34270.446,2,245390,34,246220,1
34270.586,1,250896,1000,247070,-1
34270.857,2,249011,2000,247280,-1
34271.156,2,250819,500,247100,-1
34272.2,1,251793,1000,246010,1
34273.098,1,252269,2000,246020,1
34273.146,2,251793,1000,246010,1
34273.322,1,252342,1000,246030,1
34273.495,1,252434,100,246500,-1
34273.567,2,252269,2000,246020,1
34273.679,1,252558,34,246480,-1
34274.116,2,250803,2000,247080,-1
34277.202,1,254238,100,223300,1
34283.413,1,257138,1000,246410,-1
34285.042,1,257823,3900,246410,-1
34285.585,2,249196,500,246000,1
34285.675,1,258128,2000,245620,1
34286.42,2,257138,1000,246410,-1
34288.28,4,257823,1000,246410,-1
34288.763,1,259083,2000,245820,1
34288.877,2,258128,2000,245620,1
34288.946,2,259083,2000,245820,1
34289.038,4,257823,630,246410,-1
34289.05,2,257823,2270,246410,-1
34289.053,1,259186,2270,246720,-1
34289.311,1,259285,2000,245620,1
34289.34,4,252558,34,246480,-1
34289.34,4,252434,66,246500,-1
34289.366,1,259303,500,246100,1
34289.397,2,252342,1000,246030,1
34289.617,1,259404,1000,246110,1
34289.732,4,252434,34,246500,-1
34289.732,1,259447,966,246510,1
34289.859,1,259498,2000,246220,1
34289.98,2,259285,2000,245620,1
34290.517,1,259822,2000,246980,-1
34291.382,2,259303,500,246100,1
34291.39,1,260269,500,246500,1
34292.14,4,259186,2000,246720,-1
34292.279,2,130596,2000,237500,1
34292.534,4,259186,270,246720,-1
34292.568,2,250896,1000,247070,-1
34292.744,1,260937,2000,247080,-1
34292.745,2,259822,2000,246980,-1
34292.903,2,260937,2000,247080,-1
34293.298,1,261139,2000,246620,1
34293.368,2,260269,500,246500,1
34293.374,1,261164,500,246600,1
34293.712,2,259498,2000,246220,1
34293.779,2,259447,966,246510,1
34293.843,1,261321,2000,247280,-1
34293.891,2,261321,2000,247280,-1
34294.195,1,261438,1000,247190,-1
34294.44,2,259404,1000,246110,1
34294.462,2,261139,2000,246620,1
34294.517,1,261584,2000,246620,1
34294.742,1,261677,100,246800,1
34294.776,2,261164,500,246600,1
34294.778,2,261584,2000,246620,1
34294.811,5,261689,50,246820,1
34295.077,1,261841,2000,246720,1
34295.996,2,261841,2000,246720,1
34296.065,1,262271,2000,246620,1
34296.391,2,262271,2000,246620,1
34296.718,1,262607,2000,246720,1
34297.484,2,262607,2000,246720,1
34297.595,1,262979,2000,246620,1
34297.791,5,261689,100,246820,1
34298.095,5,262313,100,246880,-1
34298.145,2,261438,1000,247190,-1
34298.616,5,263171,200,246950,-1
34298.616,5,262854,100,247000,-1
34298.642,1,263388,2000,247380,-1
34299.156,1,263567,2000,247180,-1
34299.328,2,263567,2000,247180,-1
34300.032,1,263870,2000,247180,-1
34300.249,2,263388,2000,247380,-1
34300.482,2,263870,2000,247180,-1
34300.801,1,264119,100,246900,1
34300.904,1,264152,2000,246820,1
34301.001,2,264152,2000,246820,1
34301.194,1,264245,1000,247190,-1
34301.96,2,264245,1000,247190,-1
34302.109,1,264640,2000,247380,-1
34302.656,1,264870,2000,246820,1
34302.871,2,264640,2000,247380,-1
34302.984,2,262979,2000,246620,1
34303.098,2,264870,2000,246820,1
34303.233,1,265164,2000,246820,1
34303.594,2,265164,2000,246820,1
34303.799,1,265383,2000,247280,-1
34304.275,2,265383,2000,247280,-1
34304.343,1,265585,2000,246820,1
34304.487,2,265585,2000,246820,1
34304.897,1,265803,2000,247280,-1
34305.122,2,265803,2000,247280,-1
34305.502,1,265989,100,247000,-1
34305.585,4,265989,100,247000,-1
34305.671,1,266051,2000,247280,-1
34305.71,2,266051,2000,247280,-1
34306.079,1,266196,100,247000,1
34306.218,1,266256,2000,247380,-1
34306.305,2,266256,2000,247380,-1
34306.359,2,234088,1000,245000,1
34307.038,1,266537,3700,247040,-1
34307.164,4,266537,200,247040,-1
34307.184,1,266581,890,247000,1
34307.205,4,266537,500,247040,-1
34307.257,4,266537,1000,247040,-1
34307.548,1,266695,100,246000,1
34307.895,4,266537,400,247040,-1
34309.012,4,266537,1000,247040,-1
34309.506,2,266537,600,247040,-1
34309.509,1,267697,600,247200,-1
34309.63,1,267764,2000,247480,-1
34309.92,1,267897,8000,247040,1
34310.694,2,261677,100,246800,1
34310.696,2,264119,100,246900,1
34310.697,2,266196,100,247000,1
34311.905,1,268663,100,247100,1
34312.126,2,267697,600,247200,-1
34312.128,4,268663,100,247100,1
34312.128,4,267897,500,247040,1
34313.04,2,267764,2000,247480,-1
34313.268,1,269229,2000,247480,-1
34313.81,2,269229,2000,247480,-1
34314.317,2,267897,7500,247040,1
34315.67,1,270123,2000,246920,1
34315.758,1,270143,1000,247100,-1
34316.42,2,270123,2000,246920,1
34316.561,1,270430,2000,246820,1
34317.344,4,270143,1000,247100,-1
34317.445,1,270719,2000,247480,-1
34318.744,2,270719,2000,247480,-1
34318.943,1,271260,2000,247480,-1
34319.056,1,271317,966,247100,1
34319.312,2,271260,2000,247480,-1
34319.487,4,168165,200,247200,-1
34319.609,1,271596,2000,247580,-1
34319.653,2,271596,2000,247580,-1
34319.945,1,271720,400,250000,-1
34320.155,1,271797,2000,247580,-1
34320.204,2,271797,2000,247580,-1
34320.709,1,272018,2000,247020,1
34320.919,2,271317,966,247100,1
34320.923,2,270430,2000,246820,1
34321.25,1,272238,2000,247680,-1
34321.344,2,272238,2000,247680,-1
34321.813,1,272475,2000,247580,-1
34322.139,2,272475,2000,247580,-1
34322.361,1,272840,2000,247680,-1
34323.992,1,274126,200,247500,-1
34324.246,1,274288,1000,247030,1
34324.597,2,272840,2000,247680,-1
34324.763,2,274126,200,247500,-1
34324.795,1,274586,500,247100,1
34324.83,1,274599,2000,247780,-1
34324.842,2,274288,1000,247030,1
34324.947,2,96729,100,247500,-1
34324.955,2,274586,500,247100,1
34324.997,1,274680,500,247100,1
34325.397,1,274879,2000,247880,-1
34325.454,2,274599,2000,247780,-1
34325.527,1,274920,200,247600,-1
34326.051,1,275171,2000,247680,-1
34326.481,2,274879,2000,247880,-1
34326.576,2,275171,2000,247680,-1
34326.594,1,275462,2000,247220,1
34326.616,2,274680,500,247100,1
34326.624,1,275476,500,247200,1
34327.035,2,272018,2000,247020,1
34327.143,1,275744,2000,247880,-1
34327.536,2,275476,500,247200,1
34327.581,2,275462,2000,247220,1
34327.687,1,275965,2000,247120,1
34327.896,2,274920,200,247600,-1
34328.117,2,275744,2000,247880,-1
34328.236,1,276192,2000,247880,-1
34328.484,1,276327,200,247700,-1
34328.519,1,276348,300,247500,1
34328.676,2,276192,2000,247880,-1
34328.783,1,276476,2000,247320,1
34329.188,2,275965,2000,247120,1
34329.394,1,276785,2000,247980,-1
34329.501,2,276327,200,247700,-1
34329.908,1,277016,1000,247500,1
34330.155,2,276785,2000,247980,-1
34330.186,2,266581,890,247000,1
34330.203,1,277157,2000,247520,1
34330.221,2,276476,2000,247320,1
34330.223,1,277165,200,247800,-1
34330.283,2,277157,2000,247520,1
34330.774,1,277385,2000,247320,1
34331.322,1,277597,2000,247520,1
34331.767,2,277385,2000,247320,1
34332.129,2,277597,2000,247520,1
34332.691,2,277016,1000,247500,1
34333.752,5,278198,100,247670,-1
34333.986,1,279011,2000,247420,1
34334.659,1,279279,2000,247980,-1
34335.144,2,277165,200,247800,-1
34335.315,2,279279,2000,247980,-1
34335.421,1,279704,2000,248080,-1
34337.193,1,280653,500,247990,-1
34337.605,1,280836,2000,247700,-1
34337.845,2,280653,500,247990,-1
34337.945,5,280845,150,247680,-1
34337.945,4,280836,150,247700,-1
34338.972,2,279011,2000,247420,1
34339.188,1,281599,2000,247420,1
34339.472,2,281599,2000,247420,1
34339.525,1,281745,500,247680,-1
34339.764,1,281861,2000,247320,1
34341.165,4,276348,300,247500,1
34341.165,5,281188,100,247500,1
34342.084,1,282756,2000,247220,1
34342.086,2,281861,2000,247320,1
34342.193,1,282783,1000,247230,1
34342.242,2,282783,1000,247230,1
34345.66,2,282756,2000,247220,1
34345.718,1,284511,2000,246120,1
34346.193,1,284736,1000,246500,1
34346.259,1,284775,200,250800,-1
34346.264,1,284777,2000,246620,1
34346.3,2,284736,1000,246500,1
34346.412,1,284840,1000,246630,1
34346.713,2,284511,2000,246120,1
34347.365,1,285233,2000,247600,-1
34347.386,1,285236,890,247700,-1
34347.437,2,285233,2000,247600,-1
34348.346,1,285644,2000,247600,-1
34348.349,2,279704,2000,248080,-1
34348.575,1,285730,890,247600,-1
34348.949,2,285644,2000,247600,-1
34349.383,1,286099,2000,247500,-1
34349.421,2,286099,2000,247500,-1
34350.179,1,286413,2000,247580,-1
34351.983,1,287164,890,247200,1
34352.047,1,287197,2000,247020,1
34352.05,2,286413,2000,247580,-1
34352.164,2,284777,2000,246620,1
34352.435,5,287153,500,247250,1
34352.538,2,287197,2000,247020,1
34352.594,1,287526,2000,247480,-1
34352.708,2,287526,2000,247480,-1
34352.822,1,287658,500,247220,1
34353.194,1,287865,400,247590,-1
34353.471,2,287865,400,247590,-1
34353.499,1,288050,2000,247580,-1
34353.688,2,288050,2000,247580,-1
34356.378,1,289772,320,247200,1
34356.484,2,287658,500,247220,1
34356.56,1,289843,2000,247120,1
34356.601,2,289843,2000,247120,1
34356.656,1,289867,100,247000,1
34356.66,1,289869,800,247300,1
34357.108,1,290030,2000,247120,1
34357.162,2,290030,2000,247120,1
34357.975,1,290385,100,242500,1
34358.324,2,285236,890,247700,-1
34358.364,2,285730,890,247600,-1
34358.423,1,290630,2000,247680,-1
34358.476,2,290630,2000,247680,-1
34359.843,1,291153,2000,247220,1
34360.281,2,291153,2000,247220,1
34360.518,1,291470,2000,247220,1
34361.339,2,291470,2000,247220,1
34361.611,1,292058,2000,247220,1
34361.987,1,292215,100,247500,1
34362.264,2,292058,2000,247220,1
34362.286,5,292227,200,247520,1
34362.286,4,292215,100,247500,1
34362.286,1,292361,700,247500,-1
34362.483,1,292428,2000,247220,1
34362.652,2,292428,2000,247220,1
34362.958,4,292361,600,247500,-1
34363.412,4,292361,100,247500,-1
34363.58,1,292918,2000,247220,1
34364.887,1,293373,500,247700,-1
34365.326,2,292918,2000,247220,1
34365.33,1,293605,2000,247680,-1
34365.596,2,293373,500,247700,-1
34365.638,2,293605,2000,247680,-1
34365.955,2,289869,800,247300,1
34366.231,1,293987,2000,247680,-1
34366.677,2,293987,2000,247680,-1
34366.792,1,294217,2000,247120,1
34366.846,2,294217,2000,247120,1
34366.929,5,294210,300,247470,-1
34367.167,1,294353,1000,247600,-1
34367.235,5,288351,600,247230,1
34367.342,1,294455,2000,247120,1
34367.39,5,294391,100,247400,1
34367.39,5,294461,300,247250,1
34367.39,5,288351,290,247230,1
34367.39,4,287164,890,247200,1
34367.39,4,289772,320,247200,1
34367.67,2,294455,2000,247120,1
34367.706,2,284840,1000,246630,1
34367.747,1,294646,1000,247010,1
34367.783,5,294642,100,247300,-1
34367.888,1,294721,100,247200,1
34367.907,1,294731,2000,247020,1
34368.003,2,294646,1000,247010,1
34368.561,1,295024,2000,247580,-1
34368.673,2,294731,2000,247020,1
34368.789,2,295024,2000,247580,-1
34369.132,1,295231,2000,247020,1
34369.388,2,281745,500,247680,-1
34369.707,1,295444,2000,247680,-1
34370.307,1,295612,180,247500,-1
34370.361,2,295444,2000,247680,-1
34370.798,1,295769,2000,247580,-1
34371.46,2,295769,2000,247580,-1
34371.732,1,296075,500,247500,-1
34371.829,1,296108,2000,247580,-1
34371.874,2,296108,2000,247580,-1
34372.273,1,296303,100,247300,1
34373.763,2,296303,100,247300,1
34373.918,2,294721,100,247200,1
34374.045,2,289867,100,247000,1
34374.872,2,295231,2000,247020,1
34374.887,1,297647,2000,246920,1
34375.595,1,297995,500,247000,1
34375.903,1,298160,100,247400,1
34376.452,2,298160,100,247400,1
34376.643,1,298438,2000,247580,-1
34376.968,2,298438,2000,247580,-1
34377.052,5,298576,300,247430,1
34377.186,1,298641,2000,247580,-1
34377.193,1,298645,1000,247010,1
34377.241,2,298641,2000,247580,-1
34377.35,2,297995,500,247000,1
34377.733,1,298808,2000,247120,1
34378.065,2,297647,2000,246920,1
34378.069,2,298808,2000,247120,1
34378.279,1,298954,2000,246920,1
34378.643,1,299059,500,247700,-1
34378.826,1,299135,300,247200,1
34378.828,1,299138,2000,247580,-1
34379.894,2,298645,1000,247010,1
34380.441,4,299135,200,247200,1
34380.607,2,231566,200,241100,1
34380.615,1,299942,200,243100,1
34381.254,4,299135,100,247200,1
34381.53,2,298954,2000,246920,1
34381.615,1,300588,2000,247380,-1
34381.711,5,300600,9,247330,-1
34381.799,2,299138,2000,247580,-1
34382.126,1,300815,2000,246120,1
34382.296,2,300588,2000,247380,-1
34382.718,1,301044,2000,247380,-1
34382.796,2,295612,180,247500,-1
34383.192,1,301178,1000,246130,1
34383.592,1,301323,180,247200,-1
34384.077,1,301494,2000,247180,-1
34384.379,1,301606,1000,247100,-1
34384.514,2,301044,2000,247380,-1
34384.65,2,301494,2000,247180,-1
34384.765,1,301760,2000,247000,-1
34384.824,2,301323,180,247200,-1
34384.964,2,301760,2000,247000,-1
34385.144,1,301896,100,247000,-1
34385.348,1,301973,2000,247000,-1
34385.633,2,294353,1000,247600,-1
34385.721,2,301178,1000,246130,1
34385.866,1,302228,700,246130,1
34386.21,2,301973,2000,247000,-1
34387.995,1,303149,2000,249500,-1
34388.155,1,303214,500,246720,1
34388.405,1,303330,2000,246420,1
34388.73,2,300815,2000,246120,1
34388.903,2,302228,700,246130,1
34388.955,1,303556,2000,247080,-1
34389.125,2,303556,2000,247080,-1
34389.457,1,303778,1000,249500,-1
34389.501,1,303793,2000,247080,-1
34390.264,2,303793,2000,247080,-1
34390.734,4,301896,100,247000,-1
34390.734,5,304272,200,247000,-1
34391.016,5,304477,200,247080,-1
34391.016,4,301606,1000,247100,-1
34391.016,5,301608,100,247100,-1
34391.175,1,304679,1000,247100,-1
34391.193,1,304682,400,247490,-1
34391.634,1,304890,100,255100,-1
34391.855,4,304679,400,247100,-1
34391.879,4,304679,600,247100,-1
34391.879,5,301608,400,247100,-1
34391.991,1,305049,1000,249000,-1
34392.076,1,305112,1000,247100,-1
34392.128,1,305145,2000,247380,-1
34392.396,2,303214,500,246720,1
34392.456,2,304682,400,247490,-1
34392.769,4,305112,228,247100,-1
34392.806,4,305112,228,247100,-1
34392.897,1,305660,2000,247180,-1
34393.01,2,305660,2000,247180,-1
34393.031,1,305763,300,246800,1
34393.443,1,306020,2000,247080,-1
34393.609,2,305145,2000,247380,-1
34394.001,2,306020,2000,247080,-1
34394.388,1,306541,890,247000,1
34394.437,1,306562,2000,247180,-1
34394.478,2,306562,2000,247180,-1
34394.68,1,306692,500,246920,1
34394.989,1,306869,2000,247280,-1
34395.571,4,305112,544,247100,-1
34395.571,5,301608,456,247100,-1
34395.678,1,307330,1000,247100,-1
34396.666,2,305763,300,246800,1
34397.114,4,306541,890,247000,1
34397.173,1,308094,2000,246720,1
34397.175,1,308095,500,247020,1
34397.322,2,306869,2000,247280,-1
34397.361,2,303330,2000,246420,1
34397.705,4,308095,500,247020,1
34397.705,1,308346,500,247010,-1
34397.748,1,308362,2000,247280,-1
34397.854,2,308094,2000,246720,1
34398.01,2,306692,500,246920,1
34398.218,1,308549,1000,246010,1
34398.311,1,308597,2000,246120,1
34398.346,2,308549,1000,246010,1
34398.383,1,308625,800,246130,1
34398.861,1,308802,2000,246980,-1
34398.899,2,308802,2000,246980,-1
34399.485,2,296075,500,247500,-1
34399.626,1,309110,2000,246980,-1
34399.851,2,309110,2000,246980,-1
34400.704,2,308346,500,247010,-1
34401.388,2,307330,1000,247100,-1
34402.192,1,310091,1000,247270,-1
34402.273,1,310138,500,247300,-1
34403.231,2,77130,700,232000,1
34406.252,2,310091,1000,247270,-1
34406.288,2,310138,500,247300,-1
34407.312,1,312492,2000,247000,1
34408.298,2,308362,2000,247280,-1
34408.316,1,312886,2000,247380,-1
34408.874,1,313103,2000,246720,1
34409.123,2,312886,2000,247380,-1
34409.187,2,308597,2000,246120,1
34409.424,1,313432,2000,247680,-1
34410.004,1,313744,2000,246920,1
34410.079,2,313744,2000,246920,1
34410.22,1,313894,1000,247670,-1
34410.353,1,313941,890,247100,1
34410.593,1,314053,2000,247120,1
34410.658,2,314053,2000,247120,1
34410.745,2,313894,1000,247670,-1
34411.124,1,314390,2000,247020,1
34411.18,1,314428,5000,247500,-1
34411.347,2,313103,2000,246720,1
34411.457,1,314591,1000,247290,1
34411.619,2,313432,2000,247680,-1
34412.999,1,315256,2000,247680,-1
34413.454,1,315434,680,247400,-1
34413.568,1,315478,2000,247220,1
34413.571,2,314390,2000,247020,1
34413.574,2,315256,2000,247680,-1
34413.65,2,315478,2000,247220,1
34413.704,4,315434,27,247400,-1
34414.045,4,315434,653,247400,-1
34414.11,1,315660,2000,247120,1
34414.146,2,315660,2000,247120,1
34414.453,2,314591,1000,247290,1
34414.502,2,308625,800,246130,1
34414.537,1,315837,300,247110,1
34414.554,1,315851,500,247380,-1
34414.659,1,315889,2000,247120,1
34414.7,2,315889,2000,247120,1
34414.865,2,315837,300,247110,1
34415.217,1,316095,2000,247120,1
34415.267,2,316095,2000,247120,1
34415.362,5,316109,200,247370,-1
34415.362,4,315851,500,247380,-1
34415.387,2,313941,890,247100,1
34415.803,1,316308,2000,247120,1
34415.87,1,316336,500,247400,-1
34416.053,2,316308,2000,247120,1
34416.193,1,316450,300,247010,1
34416.377,1,316536,2000,247120,1
34417.964,1,317222,400,247300,1
34418.098,1,317283,3500,221000,1
34420.299,2,316450,300,247010,1
34420.76,2,317222,400,247300,1
34420.762,5,317053,90,247370,-1
34420.762,4,316336,310,247400,-1
34421.303,2,316536,2000,247120,1
34421.326,1,318537,2000,247020,1
34422.205,2,318537,2000,247020,1
34422.311,1,319156,2000,246920,1
34423.732,1,319763,2000,247120,1
34423.953,2,319156,2000,246920,1
34424.281,1,320071,2000,247020,1
34424.503,2,320071,2000,247020,1
34425.574,4,316336,190,247400,-1
34425.736,1,320908,100,247420,1
34425.75,1,320912,2000,247680,-1
34425.787,2,320912,2000,247680,-1
34426.572,5,320927,100,247440,1
34428.044,4,320908,100,247420,1
34428.111,5,322036,100,247460,-1
34428.111,4,314428,900,247500,-1
34428.236,1,322118,700,247400,1
34428.694,4,314428,1000,247500,-1
34428.947,4,314428,1000,247500,-1
34429.441,4,314428,2000,247500,-1
34429.675,4,314428,100,247500,-1
34429.712,5,322794,200,247420,1
34429.712,1,322810,300,247410,-1
34430.205,4,322810,300,247410,-1
34430.312,4,322118,700,247400,1
34430.361,1,323103,2000,247780,-1
34430.429,1,323127,1000,240300,1
34430.603,2,323103,2000,247780,-1
34430.907,1,323306,2000,247880,-1
34430.952,5,323318,500,247450,1
34432.238,1,323799,200,246800,1
34432.689,2,323306,2000,247880,-1
34432.78,1,323962,2000,247880,-1
34434.009,5,322980,200,247300,1
34434.009,5,323253,100,247300,1
34435.214,2,305049,1000,249000,-1
34436.104,2,319763,2000,247120,1
34436.106,1,325874,2000,247020,1
34436.213,1,325944,100,247400,1
34436.238,1,325957,500,247420,1
34436.262,4,325957,500,247420,1
34436.658,1,326155,2000,247220,1
34436.794,4,325944,100,247400,1
34436.794,5,326166,100,247400,1
34436.83,1,326219,500,247700,-1
34436.831,4,326155,900,247220,1
34437.02,2,326155,1100,247220,1
34437.022,2,325874,2000,247020,1
34437.236,1,326416,900,247580,-1
34437.26,2,326219,500,247700,-1
34437.267,1,326430,500,247600,-1
34437.425,1,326514,300,247200,1
34437.557,2,323962,2000,247880,-1
34438.175,5,326321,4,247350,-1
34438.243,2,326514,300,247200,1
34439.524,5,327017,24,247250,-1
34439.651,1,327771,100,247100,1
34440.223,1,328082,1000,247570,-1
34441.079,2,327771,100,247100,1
34442.665,5,329271,100,247100,1
34442.709,2,326430,500,247600,-1
34443.328,4,312492,2000,247000,1
34443.42,1,329805,2000,246420,1
34443.567,1,329920,700,247100,1
34443.667,4,329920,700,247100,1
34444.266,2,329805,2000,246420,1
34444.521,1,330331,2000,246420,1
34444.771,2,330331,2000,246420,1
34445.067,1,330593,2000,246320,1
34445.589,5,304515,200,246920,1
34445.739,5,304515,300,246920,1
34445.739,4,323799,200,246800,1
34446.194,1,331121,900,246330,1
34446.636,2,330593,2000,246320,1
34446.732,1,331370,2000,246020,1
34446.885,2,331370,2000,246020,1
34447.519,1,331746,2000,246220,1
34447.574,2,331746,2000,246220,1
34448.06,1,331934,2000,246120,1
34448.608,1,332210,2000,246320,1
34449.049,2,331934,2000,246120,1
34449.136,1,332473,500,246720,1
34449.255,4,332473,200,246720,1
34449.291,2,332210,2000,246320,1
34449.591,1,332747,2000,246520,1
34449.656,2,332747,2000,246520,1
34450.312,4,332473,300,246720,1
34450.48,1,333148,2000,246420,1
34450.518,2,333148,2000,246420,1
34450.731,1,333244,100,246600,-1
34450.771,4,333244,100,246600,-1
34451.357,1,333516,2000,246120,1
34451.399,2,333516,2000,246120,1
34451.646,2,331121,900,246330,1
34451.724,1,333674,1000,246010,1
34452.473,2,280836,1850,247700,-1
34452.499,1,333945,100,249500,-1
34452.681,1,334005,2000,246120,1
34452.719,2,333674,1000,246010,1
34452.913,1,334088,1000,246130,1
34453.031,2,334005,2000,246120,1
34453.342,1,334247,2000,246220,1
34453.544,2,334247,2000,246220,1
34453.753,1,334397,1850,247500,-1
34453.799,2,328082,1000,247570,-1
34453.832,1,334430,1000,247490,-1
34453.89,1,334446,400,247380,-1
34454.002,2,334430,1000,247490,-1
34454.037,1,334494,1000,247370,-1
34454.175,2,326416,900,247580,-1
34454.891,1,334789,2000,246120,1
34455.744,2,334494,1000,247370,-1
34455.88,1,335164,500,247370,-1
34459.445,1,336821,100,246500,1
34459.456,2,335164,500,247370,-1
34459.49,1,336836,1000,247370,-1
34459.514,1,336846,2000,246320,1
34459.847,2,334789,2000,246120,1
34460.389,1,337238,500,247000,-1
34460.391,1,337239,2000,246620,1
34460.427,2,336846,2000,246320,1
34460.43,2,337239,2000,246620,1
34460.441,2,336836,1000,247370,-1
34460.473,1,337279,1000,246990,-1
34460.959,1,337457,2000,246980,-1
34460.996,2,334446,400,247380,-1
34461.042,2,337279,1000,246990,-1
34461.513,1,337643,2000,246420,1
34461.586,2,337643,2000,246420,1
34462.094,1,337909,2000,246420,1
34462.134,5,337365,500,246540,1
34462.236,2,337909,2000,246420,1
34462.274,5,336973,200,246510,1
34462.274,4,336821,100,246500,1
34462.641,1,338181,2000,246220,1
34462.84,2,338181,2000,246220,1
34463.208,1,338466,2000,246220,1
34463.554,1,338865,700,246600,-1
34463.632,2,338466,2000,246220,1
34463.75,1,339030,2000,246020,1
34464.303,1,339372,2000,246680,-1
34464.309,2,337457,2000,246980,-1
34464.739,2,339372,2000,246680,-1
34464.849,1,339702,2000,246220,1
34465.282,2,339030,2000,246020,1
34465.401,1,340019,2000,246780,-1
34465.717,2,339702,2000,246220,1
34465.931,5,338886,200,246580,-1
34465.931,4,338865,500,246600,-1
34465.935,1,340327,2000,246020,1
34467.462,1,340967,4000,246500,1
34467.687,1,341083,2000,246220,1
34468.125,2,340327,2000,246020,1
34468.419,4,338865,200,246600,-1
34468.704,2,340019,2000,246780,-1
34468.751,1,341521,500,247100,-1
34468.78,1,341535,2000,246880,-1
34469.413,2,341535,2000,246880,-1
34469.436,1,341831,2000,246980,-1
34470.112,1,342165,100,246500,1
34470.193,1,342203,400,246970,-1
34470.217,1,342213,2000,246420,1
34470.282,2,341083,2000,246220,1
34470.498,2,342213,2000,246420,1
34470.77,1,342530,2000,246220,1
34473.444,2,340967,4000,246500,1
34474.081,2,342203,400,246970,-1
34474.343,1,344351,2000,246420,1
34474.611,2,344351,2000,246420,1
34474.675,2,342530,2000,246220,1
34474.888,1,344649,2000,246420,1
34475.495,2,344649,2000,246420,1
34476.024,1,345194,890,246900,-1
34476.094,1,345228,2000,246780,-1
34476.136,2,345228,2000,246780,-1
34476.982,1,345545,2000,246320,1
34478.993,2,345545,2000,246320,1
34479.06,1,346427,2000,246220,1
34480.154,1,346953,2000,246420,1
34480.246,2,346953,2000,246420,1
34480.707,1,347236,2000,246420,1
34480.885,2,347236,2000,246420,1
34481.05,2,342165,100,246500,1
34481.205,1,347437,400,246890,-1
34483.017,1,348493,2000,246780,-1
34483.049,2,347437,400,246890,-1
34483.454,2,341831,2000,246980,-1
34483.455,2,346427,2000,246220,1
34483.563,1,348823,2000,246120,1
34484.616,2,334088,1000,246130,1
34485.753,2,348823,2000,246120,1
34485.756,1,350050,2000,246020,1
34486.13,1,350251,320,246880,-1
34486.19,1,350273,700,246030,1
34486.219,2,350273,700,246030,1
34486.389,1,350382,1000,246030,1
34486.477,1,350434,500,246800,-1
34486.735,2,350050,2000,246020,1
34486.845,2,350382,1000,246030,1
34486.9,2,350434,500,246800,-1
34486.903,5,350632,100,246400,-1
34486.903,5,350615,600,246450,-1
34486.953,1,350671,2000,246120,1
34486.992,2,350671,2000,246120,1
34487.501,1,351013,2000,246020,1
34487.734,1,351142,500,246100,1
34488.063,1,351418,2000,246220,1
34488.11,2,351418,2000,246220,1
34488.116,2,351142,500,246100,1
34488.124,1,351463,500,246200,1
34488.195,1,351515,1000,246770,-1
34488.752,2,351515,1000,246770,-1
34489.264,1,352215,2000,246220,1
34489.481,2,351013,2000,246020,1
34489.539,2,352215,2000,246220,1
34489.678,2,351463,500,246200,1
34489.724,2,348493,2000,246780,-1
34489.816,1,352556,2000,246880,-1
34490.191,1,352768,800,246010,1
34490.223,1,352808,1000,246870,-1
34490.403,1,352927,2000,246120,1
34490.482,2,350251,320,246880,-1
34490.863,2,352927,2000,246120,1
34491.08,1,353459,2000,246120,1
34491.141,2,353459,2000,246120,1
34491.623,1,353785,2000,246020,1
34493.018,2,352768,800,246010,1
34493.136,2,353785,2000,246020,1
34493.267,1,354657,2000,246120,1
34493.533,2,354657,2000,246120,1
34493.857,1,355056,2000,245920,1
34494.192,1,355202,900,246010,1
34494.435,1,355316,2000,246120,1
34494.535,2,355202,900,246010,1
34494.681,2,355316,2000,246120,1
34494.816,2,355056,2000,245920,1
34494.981,1,355645,2000,246120,1
34496.269,2,355645,2000,246120,1
34496.293,1,356423,2000,246020,1
34496.767,1,356746,100,246300,-1
34496.812,1,356773,500,230000,1
34496.846,1,356789,2000,246680,-1
34496.886,2,356423,2000,246020,1
34496.888,2,352556,2000,246880,-1
34497.403,1,357169,2000,246480,-1
34497.406,2,356789,2000,246680,-1
34497.935,1,357453,2000,245820,1
34498.437,1,357710,1000,247700,-1
34498.49,1,357734,700,246000,1
34498.501,1,357742,700,246100,1
34498.875,5,357762,200,246130,1
34498.875,4,357742,700,246100,1
34498.875,5,355758,100,246100,1
34498.914,2,357453,2000,245820,1
34498.918,2,357169,2000,246480,-1
34499.305,5,355758,100,246100,1
34499.305,5,356756,637,246070,1
34499.305,5,357945,263,246050,1
34499.516,5,358142,100,246100,1
34499.516,5,357945,537,246050,1
34499.516,4,266695,100,246000,1
34499.516,4,357734,63,246000,1
34499.753,4,357734,400,246000,1
34499.825,4,357734,100,246000,1
34499.861,4,357734,137,246000,1
34500.194,1,358576,1000,244900,1
34500.518,2,337238,500,247000,-1
34501.673,5,359366,100,245900,1
34501.679,2,352808,1000,246870,-1
34501.723,1,359434,600,246290,-1
34501.77,2,359434,600,246290,-1
34501.886,1,359527,300,246290,-1
34502.168,1,359707,320,246880,-1
34502.253,2,359527,300,246290,-1
34502.319,1,359781,1000,246280,-1
34502.725,2,356746,100,246300,-1
34502.811,5,359460,200,245900,-1
34503.556,2,359781,1000,246280,-1
34503.642,1,360514,500,244800,1
34503.759,1,360597,1000,246870,-1
34503.774,1,360603,500,244800,1
34505.023,1,361380,200,246000,-1
34505.566,1,361656,500,245820,1
34506.23,5,361671,200,245980,-1
34506.23,4,361380,200,246000,-1
34508.023,1,362780,500,244900,1
34508.281,2,360603,500,244800,1
34508.284,1,362889,100,245900,1
34508.298,2,358576,1000,244900,1
34508.307,2,360514,500,244800,1
34508.451,2,361656,500,245820,1
34508.649,2,122867,1000,237100,1
34509.069,1,363287,1000,241200,1
34509.165,2,359707,320,246880,-1
34509.958,2,341521,500,247100,-1
34510.326,1,363877,500,247000,-1
34510.489,1,363944,100,244800,1
34510.576,1,363997,1000,246100,1
34511.006,5,363926,100,246220,1
34512.639,5,364016,200,246150,1
34513.04,2,363997,1000,246100,1
34514.111,1,365527,500,254200,-1
34515.295,1,366109,500,246100,1
34516.229,4,366109,500,246100,1
34516.877,1,367076,500,246900,-1
34518.737,4,362889,100,245900,1
34519.169,5,361522,100,245900,1
34519.169,5,362540,100,245900,1
34519.464,2,367076,500,246900,-1
34519.873,1,368464,500,244900,1
34520.193,1,368637,1000,244910,1
34520.6,2,368464,500,244900,1
34520.719,1,368916,320,246880,-1
34521.484,2,363944,100,244800,1
34522.943,1,370011,300,246000,-1
34525.767,5,369768,100,245800,1
34525.767,1,371412,400,245800,-1
34527.423,5,371428,24,245750,-1
34527.462,5,371428,176,245750,-1
34527.462,4,371412,400,245800,-1
34529.456,4,370011,300,246000,-1
34530.58,1,374164,300,245100,1
34530.627,2,368637,1000,244910,1
34530.664,1,374221,1000,245110,1
34530.806,1,374283,1000,245800,1
34530.861,2,374221,1000,245110,1
34530.896,1,374329,700,245810,1
34531.204,2,374329,700,245810,1
34531.254,1,374510,1000,245810,1
34531.97,1,374900,1000,246000,1
34532.224,2,368916,320,246880,-1
34532.251,2,363877,500,247000,-1
34532.669,1,375283,200,240000,1
34532.809,1,375376,200,246200,-1
34532.814,2,374510,1000,245810,1
34532.891,4,375376,200,246200,-1
34534.968,1,376724,1300,246500,-1
34535.017,2,360597,1000,246870,-1
34535.052,1,376774,700,246490,-1
34538.043,2,374900,1000,246000,1
34538.194,1,378138,700,245810,1
34540.423,2,378138,700,245810,1
34540.63,1,379227,1000,245810,1
34542.672,2,139681,100,242000,1
34542.784,1,380526,100,246100,1
34542.876,2,376774,700,246490,-1
34542.91,1,380582,300,246490,-1
34542.94,2,380582,300,246490,-1
34542.973,1,380630,700,246490,-1
34543.003,2,380630,700,246490,-1
34543.152,1,380720,1000,246490,-1
34543.877,2,380720,1000,246490,-1
34544.579,2,379227,1000,245810,1
34544.787,1,381831,1000,246110,1
34545.059,1,382063,1000,246390,1
34545.363,2,374283,1000,245800,1
34545.536,4,376724,500,246500,-1
34545.648,2,32208,500,236000,1
34546.9,1,383124,1000,245300,1
34547.275,4,376724,800,246500,-1
34548.057,2,382063,1000,246390,1
34548.069,2,374164,300,245100,1
34549.578,1,384595,100,249300,-1
34549.802,1,384724,1000,246300,1
34549.816,1,384736,500,246200,1
34549.826,2,384736,500,246200,1
34549.834,1,384745,500,246300,1
34549.861,2,381831,1000,246110,1
34549.9,1,384774,1000,246310,1
34550.074,5,383348,500,246850,-1
34550.074,5,381842,200,246890,-1
34550.074,5,383393,300,246890,-1
34550.533,2,384724,1000,246300,1
34551.044,5,383393,200,246890,-1
34551.163,2,345194,890,246900,-1
34551.326,1,385441,500,247500,-1
34551.927,5,385533,26,246880,-1
34552.086,1,385786,500,246900,1
34553.194,1,386283,1000,247490,-1
34553.521,2,385441,500,247500,-1
34553.639,5,385796,200,246950,1
34553.639,4,385786,500,246900,1
34553.639,5,385729,174,246900,1
34553.89,5,386524,200,246880,-1
34556.989,1,388261,500,246900,-1
34557.872,2,380526,100,246100,1
34562.325,1,391161,100,246900,-1
34563.699,2,388261,500,246900,-1
34564.787,1,392804,1000,246000,1
34565.084,1,392934,1400,246700,1
34565.93,1,393480,890,246800,-1
34568.7,4,392934,700,246700,1
34568.85,4,392934,700,246700,1
34571.474,1,396231,500,246520,1
34571.503,2,384745,500,246300,1
34571.511,1,396250,500,246500,1
34571.812,2,396250,500,246500,1
34572.108,5,396359,500,246750,-1
34572.108,5,393486,200,246780,-1
34572.108,1,396559,1300,246790,1
34572.111,2,396559,1300,246790,1
34572.342,1,396651,518,203900,1
34572.527,1,396759,1300,246790,1
34572.53,2,396759,1300,246790,1
34572.738,1,396863,1300,246790,1
34572.74,2,396863,1300,246790,1
34573.157,1,397061,1300,246790,1
34573.162,2,397061,1300,246790,1
34573.361,5,397130,76,246790,-1
34573.361,1,397213,1224,246790,1
34573.364,2,397213,1224,246790,1
34573.572,1,397361,1224,246790,1
34573.575,2,397361,1224,246790,1
34573.774,1,397542,1224,246790,1
34573.78,2,397542,1224,246790,1
34573.81,4,393480,800,246800,-1
34573.977,1,397745,1224,246790,1
34573.979,2,397745,1224,246790,1
34573.991,2,393480,90,246800,-1
34574.179,1,397889,1224,246790,1
34574.18,4,397889,400,246790,1
34574.181,2,397889,824,246790,1
34574.386,1,398042,824,246790,1
34574.39,2,398042,824,246790,1
34574.808,1,398362,824,246790,1
34574.82,2,398362,824,246790,1
34576.202,1,399292,710,246700,1
34576.899,1,399662,824,246800,1
34577.265,4,391161,100,246900,-1
34579.083,2,396231,500,246520,1
34579.486,2,384774,1000,246310,1
34579.86,2,386283,1000,247490,-1
34580.006,1,401277,1000,247490,-1
34581.115,2,392804,1000,246000,1
34581.835,2,399292,710,246700,1
34583.464,1,403097,500,247500,-1
34583.879,5,401725,100,246900,1
34584.298,2,403097,500,247500,-1
34584.421,5,399855,100,246850,1
34585.594,5,399855,100,246850,1
34585.95,2,106755,1000,242600,1
34586.418,4,399662,100,246800,1
34586.58,1,404537,5000,244500,1
34587.711,5,404876,100,246850,1
34588.312,5,404876,400,246850,1
34588.312,4,399662,100,246800,1
34588.384,4,399662,600,246800,1
34588.658,4,399662,24,246800,1
34589.195,1,406031,1000,245800,1
34590.072,2,224778,5000,242400,1
34590.165,1,406503,100,245000,1
34594.243,1,408214,500,246720,1
34595.6,1,408890,100,246700,1
34596.304,2,408214,500,246720,1
34596.344,2,406031,1000,245800,1
34596.378,1,409218,1000,246710,1
34596.502,2,409218,1000,246710,1
34597.318,1,409591,100,246900,1
34597.933,2,362780,500,244900,1
34598.082,1,409930,500,244900,1
34598.289,2,401277,1000,247490,-1
34598.348,1,410074,500,247490,-1
34599.818,1,410795,100,247000,1
34600.881,2,410074,500,247490,-1
34601.571,1,411735,100,247100,1
34603.884,1,413089,500,247600,-1
34603.988,1,413142,100,247250,-1
34604.166,1,413262,890,247200,1
34604.885,4,413262,800,247200,1
34605.992,4,413262,90,247200,1
34606.576,2,413142,100,247250,-1
34608.192,1,415562,1000,247490,-1
34608.355,2,411735,100,247100,1
34608.374,2,408890,100,246700,1
34608.378,2,410795,100,247000,1
34608.392,2,409591,100,246900,1
34608.415,1,415687,500,246100,1
34609.488,1,416312,890,247400,-1
34610.194,1,416667,1000,246150,1
34610.806,1,416913,100,247200,-1
34611.454,2,413089,500,247600,-1
34612.787,2,416913,100,247200,-1
34612.795,2,415687,500,246100,1
34612.865,1,417992,500,247400,-1
34614.75,2,415562,1000,247490,-1
34614.811,1,419117,1000,247390,-1
34616.348,2,334397,1850,247500,-1
34616.374,2,419117,1000,247390,-1
34617.059,1,420264,500,247500,-1
34623.704,1,423394,1000,247190,1
34626.375,2,406503,100,245000,1
34626.71,2,423394,1000,247190,1
34628.692,1,425766,100,246000,1
34631.835,1,427256,890,247500,-1
34632.349,5,418884,200,247200,1
34632.349,1,427482,300,247200,-1
34634.096,2,417992,500,247400,-1
34635.498,1,429150,500,247300,-1
34639.325,1,430851,300,217500,1
34640.104,1,431257,500,247000,-1
34640.149,1,431281,500,246720,1
34643.331,1,432808,100,246900,-1
34643.973,5,432816,200,246880,-1
34643.973,4,432808,100,246900,-1
34643.985,1,433095,100,246900,1
34644.077,4,433095,100,246900,1
34644.101,1,433132,100,246900,-1
34644.11,2,433132,100,246900,-1
34644.663,1,433354,500,246820,1
34645.171,4,433354,400,246820,1
34645.303,4,433354,100,246820,1
34645.807,2,431281,500,246720,1
34645.836,1,433737,500,246200,1
34645.874,2,416667,1000,246150,1
34645.91,1,433758,1000,246210,1
34649.045,1,435099,200,247200,-1
34650.407,2,433758,1000,246210,1
34650.44,1,435635,700,246210,1
34650.449,2,433737,500,246200,1
34650.799,2,435635,700,246210,1
34650.853,1,435782,1000,246010,1
34651.705,4,431257,500,247000,-1
34651.705,5,431799,100,247000,-1
34651.705,5,435280,100,247000,-1
34651.908,2,429150,500,247300,-1
34652.553,2,435099,200,247200,-1
34653.385,5,436541,300,246990,-1
34656.089,1,437713,500,247200,-1
34656.193,1,437752,1000,247190,-1
34657.791,1,438334,100,246900,-1
34658.065,2,437752,1000,247190,-1
34658.195,2,437713,500,247200,-1
34659.449,1,439024,100,246800,-1
34660.745,2,425766,100,246000,1
34662.837,1,440541,100,246200,1
34663.006,2,435782,1000,246010,1
34663.05,1,440620,1000,246210,1
34676.559,2,384595,100,249300,-1
34676.567,1,447425,100,249000,-1
34677.348,1,447738,800,227500,1
34679.91,1,449125,500,246300,1
34679.952,2,440620,1000,246210,1
34680.084,1,449223,1000,246310,1
34680.13,4,439024,100,246800,-1
34680.293,1,449348,700,246800,-1
34680.533,4,449348,700,246800,-1
34680.533,5,449355,300,246800,-1
34680.767,1,449543,700,246800,-1
34681.151,4,449543,700,246800,-1
34681.19,1,449764,700,246800,-1
34681.203,4,449764,300,246800,-1
34681.577,2,438334,100,246900,-1
34682.92,4,449764,400,246800,-1
34682.92,5,449355,600,246800,-1
34683.168,1,451046,700,246800,-1
34683.19,1,451061,1000,247190,-1
34684.281,4,451046,700,246800,-1
34684.281,5,449355,300,246800,-1
34684.491,1,451758,700,246800,-1
34684.601,2,449125,500,246300,1
34686.573,4,451758,300,246800,-1
34689.779,1,454544,1000,246700,1
34691.257,1,455228,3000,246800,-1
34694.187,2,151800,100,239100,1
34696.383,5,456090,100,246760,-1
34697.555,4,454544,1000,246700,1
34702.222,4,451758,400,246800,-1
34702.222,4,455228,3000,246800,-1
34702.256,1,461082,700,246800,-1
34702.271,1,461091,500,247200,-1
34703.624,4,461082,700,246800,-1
34703.624,5,449355,300,246800,-1
34703.84,1,461778,700,246800,-1
34704.062,2,451061,1000,247190,-1
34704.258,4,461778,700,246800,-1
34704.258,5,449355,300,246800,-1
34704.297,5,449355,680,246800,-1
34704.505,1,462113,1100,246800,-1
34705.315,2,78,50,250000,-1
34705.323,1,462521,50,253500,-1
34705.361,4,462113,1100,246800,-1
34705.361,5,449355,1520,246800,-1
34705.768,2,427482,300,247200,-1
34706.219,1,462959,900,247190,-1
34706.554,1,463162,100,246700,1
34708.329,2,462959,900,247190,-1
34708.365,1,464045,1000,247190,-1
34708.407,2,461091,500,247200,-1
34708.548,5,463651,100,246740,1
34708.672,2,464045,1000,247190,-1
34708.85,1,464232,1000,247390,-1
34708.942,5,464173,100,246750,1
34709.146,5,464173,100,246750,1
34709.16,4,463162,100,246700,1
34710.617,2,440541,100,246200,1
34712.91,1,466040,100,246500,1
34715.099,1,466872,900,242100,1
34718.242,1,468207,100,246800,-1
34719.148,1,468634,62,203900,1
34721.634,2,468634,62,203900,1
34724.425,1,471421,200,247900,-1
34724.428,1,471424,200,245500,1
34726.815,1,472601,1000,246800,-1
34731.839,2,468207,100,246800,-1
34731.946,1,475667,3000,243000,1
34734.072,1,477131,700,246800,-1
34734.54,5,466049,300,246550,1
34735.047,1,477694,400,246800,-1
34738.535,5,476648,100,246700,-1
34741.88,2,420264,500,247500,-1
34742.303,1,481324,500,246800,-1
34743.722,5,476648,100,246700,-1
34743.722,5,477467,280,246750,-1
34746.315,1,483179,1000,246800,-1
34746.653,5,480519,100,246600,1
34753.105,1,486137,3000,246700,-1
34753.408,4,486137,3000,246700,-1
34753.418,5,486308,200,246780,-1
34753.418,4,472601,1000,246800,-1
34753.418,4,477131,700,246800,-1
34753.418,4,477694,400,246800,-1
34753.418,4,481324,500,246800,-1
34753.418,4,483179,800,246800,-1
34753.429,1,486316,500,246800,-1
34753.45,4,483179,200,246800,-1
34753.45,4,486316,500,246800,-1
34753.45,5,481325,850,246800,-1
34754.07,1,486658,500,247400,-1
34754.669,2,486658,500,247400,-1
34755.483,2,449223,1000,246310,1
34755.518,1,487317,1000,246510,1
34755.536,1,487322,500,246500,1
34756.063,5,487398,100,246900,-1
34756.573,5,487702,100,247000,1
34758.67,2,464232,1000,247390,-1
34760.19,1,489445,1000,247390,-1
34761.015,2,489445,1000,247390,-1
34762.857,2,487322,500,246500,1
34763.602,1,491146,500,247100,-1
34763.666,4,491146,500,247100,-1
34764.263,5,491275,200,247090,-1
34765.256,5,491833,200,247090,-1
34767.938,1,493129,100,247000,1
34768.358,2,487317,1000,246510,1
34768.448,1,493353,890,247000,1
34768.979,2,493129,100,247000,1
34768.981,5,492381,100,247200,-1
34769.164,1,493609,1300,247100,1
34769.517,1,493750,57,247300,-1
34769.874,4,493750,57,247300,-1
34769.874,5,492062,200,247390,-1
34769.874,4,416312,743,247400,-1
34769.961,4,416312,147,247400,-1
34770.403,1,494091,1000,247000,1
34771.421,5,493923,820,247450,-1
34771.421,5,426563,890,247480,-1
34771.421,5,494031,200,247490,-1
34771.421,4,427256,890,247500,-1
34771.855,5,494672,200,247490,-1
34772.216,1,494892,1000,247110,1
34773.047,5,494924,200,247690,-1
34773.047,4,299059,500,247700,-1
34773.047,4,357710,300,247700,-1
34773.139,4,357710,700,247700,-1
34774.265,2,493609,1300,247100,1
34774.455,2,493353,890,247000,1
34774.644,5,495545,200,247890,-1
34774.796,4,471421,200,247900,-1
34774.819,1,495880,800,248000,-1
34775.108,1,495994,300,249600,-1
34776.2,2,495880,800,248000,-1
34776.208,1,496459,300,248000,-1
34776.241,2,151579,100,248000,-1
34776.249,2,496459,300,248000,-1
34776.597,5,496279,100,247900,1
34776.603,2,494091,1000,247000,1
34776.87,5,496640,100,247900,-1
34777.003,1,496778,2000,241000,1
34778.192,1,497353,1000,248990,-1
34778.837,1,497650,1500,247700,1
34778.874,2,494892,1000,247110,1
34778.876,1,497663,250,252000,-1
34778.908,1,497674,1000,247710,1
34781.687,2,497674,1000,247710,1
34781.721,1,498737,400,247710,1
34783.324,2,495994,300,249600,-1
34783.34,1,499351,300,250600,-1
34783.389,2,498737,400,247710,1
34783.495,5,499315,500,248150,-1
34783.901,1,499541,500,249000,-1
34783.939,2,499541,500,249000,-1
34783.986,2,303778,1000,249500,-1
34784.062,1,499584,500,248300,-1
34784.679,5,499668,500,248260,-1
34784.679,4,499584,500,248300,-1
34784.679,1,499804,1000,248500,1
34784.683,4,499804,500,248500,1
34784.683,4,499804,500,248500,1
34784.896,1,499946,700,248100,1
34784.902,1,499948,100,247900,1
34785.185,1,500091,500,248100,1
34785.383,5,500086,100,248170,-1
34785.745,1,500334,1000,248400,-1
34785.782,2,497353,1000,248990,-1
34785.816,1,500365,300,248390,-1
34786.28,2,500365,300,248390,-1
34786.363,1,500573,100,247100,1
34786.575,1,500646,100,248300,-1
34787.166,2,499946,700,248100,1
34787.168,1,500887,700,248200,1
34787.38,4,500887,300,248200,1
34787.482,4,500646,100,248300,-1
34787.63,5,500984,200,248220,1
34787.63,4,500887,300,248200,1
34787.763,1,501075,500,248300,-1
34788.118,2,500887,100,248200,1
34788.12,1,501175,100,248100,1
34788.284,2,501175,100,248100,1
34788.287,1,501231,100,248200,1
34788.306,4,501075,500,248300,-1
34788.365,2,501231,100,248200,1
34788.367,1,501276,100,248300,1
34788.486,4,501276,100,248300,1
34789.628,2,500091,500,248100,1
34789.798,5,501783,200,248350,-1
34789.798,4,500334,800,248400,-1
34789.81,2,497650,1500,247700,1
34789.98,4,500334,200,248400,-1
34790.188,1,501997,1000,248990,-1
34790.756,5,502193,100,248370,-1
34791.19,1,502414,400,247910,1
34791.217,2,502414,400,247910,1
34791.424,1,502531,1000,247910,1
34791.789,1,502713,1000,247000,1
34792.343,1,502977,100,248600,-1
34792.495,1,503044,100,248550,-1
34792.517,4,503044,100,248550,-1
34792.517,4,502977,100,248600,-1
34792.517,5,502490,100,248600,-1
34793.006,1,503291,4000,240600,1
34793.013,1,503294,300,248400,1
34793.967,2,502531,1000,247910,1
34794.078,1,503812,500,248400,1
34794.874,2,501997,1000,248990,-1
34794.877,1,504183,1000,248600,1
34795.261,5,504192,700,248650,1
34795.412,2,503812,500,248400,1
34795.42,1,504411,500,248600,1
34795.959,1,504626,400,249000,-1
34797.252,2,504411,500,248600,1
34797.603,1,505509,100,249000,-1
34797.694,2,150596,1000,237000,1
34798.08,2,502713,1000,247000,1
34799.472,2,499948,100,247900,1
34799.533,1,506749,1000,248800,-1
34799.645,1,506840,100,248700,-1
34800.283,4,504183,500,248600,1
34800.476,1,507369,1000,246300,1
34800.665,1,507541,1000,248600,1
34800.675,4,504183,200,248600,1
34801.395,4,504183,300,248600,1
34801.395,4,507541,200,248600,1
34801.489,4,507541,300,248600,1
34801.555,5,508202,200,248670,-1
34801.555,4,506840,100,248700,-1
34801.555,5,507187,100,248700,-1
34801.555,5,507288,500,248700,-1
34801.555,1,508223,100,248700,1
34801.573,4,508223,100,248700,1
34801.996,4,507541,500,248600,1
34802.098,1,508569,5000,246700,1
34803.347,1,509391,890,248700,-1
34804.344,1,510504,1000,247000,1
34804.436,1,510577,500,248900,-1
34804.436,1,510581,500,248600,-1
34805.097,4,503294,300,248400,1
34805.308,1,511479,1000,247500,1
34805.545,2,511479,1000,247500,1
34805.558,2,303149,2000,249500,-1
34805.631,1,511769,500,248900,-1
34805.752,1,511892,600,247400,1
34805.873,2,511892,600,247400,1
34806.082,1,512252,1000,247400,1
34806.163,2,299942,200,243100,1
34806.172,1,512335,200,245100,1
34806.422,1,512584,1000,248600,-1
34806.505,2,509391,890,248700,-1
34806.927,1,513145,3000,247400,1
34807.015,2,512252,1000,247400,1
34807.05,1,513317,700,247410,1
34807.209,1,513414,890,248400,-1
34807.539,2,500573,100,247100,1
34807.75,2,513317,700,247410,1
34807.814,1,513856,1000,247410,1
34808.229,5,514019,100,248300,-1
34808.229,5,513218,700,248350,-1
34808.229,5,513506,100,248370,-1
34808.229,4,513414,100,248400,-1
34808.7,2,511769,500,248900,-1
34808.855,2,510577,500,248900,-1
34809.218,2,508569,5000,246700,1
34809.7,5,514978,100,248200,-1
34809.7,4,513414,790,248400,-1
34809.7,1,515220,110,248400,1
34809.705,4,515220,100,248400,1
34809.707,4,515220,10,248400,1
34809.758,1,515284,110,248400,-1
34809.771,2,466040,100,246500,1
34809.918,2,515284,110,248400,-1
34809.936,2,513856,1000,247410,1
34809.973,1,515459,700,247410,1
34810.192,1,515630,1000,248590,-1
34810.442,2,512335,200,245100,1
34810.45,1,515798,200,244100,1
34810.863,5,515869,100,248000,-1
34811.03,2,515459,700,247410,1
34811.081,1,516192,100,247000,1
34811.276,1,516283,500,247500,1
34811.436,1,516358,890,247600,1
34811.457,1,516371,200,247900,1
34811.969,2,513145,3000,247400,1
34812.156,5,516382,200,247950,1
34812.177,5,516687,200,247910,1
34812.204,4,516371,100,247900,1
34812.438,2,510581,500,248600,-1
34812.687,2,510504,1000,247000,1
34812.842,5,516960,100,247910,1
34813.007,5,516960,100,247910,1
34813.333,1,517346,500,247500,1
34814.253,1,517832,2600,246200,1
34816.031,5,517869,500,247940,1
34816.483,1,519013,500,248600,-1
34816.944,1,519245,200,247500,1
34817.131,2,519013,500,248600,-1
34817.54,1,519511,100,248030,1
34818.218,1,519819,1000,249000,-1
34818.43,1,519913,890,248000,1
34820.064,1,520536,100,248390,-1
34820.067,2,519511,100,248030,1
34821.318,1,521230,200,248300,-1
34821.578,5,521241,200,248280,-1
34821.578,4,521230,200,248300,-1
34821.635,4,520536,100,248390,-1
34821.655,2,515630,1000,248590,-1
34822.475,1,521971,1000,247000,1
34823.587,1,522679,500,248300,-1
34824.19,1,523094,100,248010,1
34824.268,2,523094,100,248010,1
34824.457,1,523266,400,248010,1
34824.478,4,522679,500,248300,-1
34824.691,2,504626,400,249000,-1
34824.706,1,523408,400,248600,-1
34824.719,1,523412,100,248390,1
34824.738,2,523266,400,248010,1
34824.962,4,523412,100,248390,1
34825.809,1,524029,100,248300,-1
34826.025,1,524118,100,248490,-1
34826.19,1,524214,100,248010,1
34826.244,2,524214,100,248010,1
34826.431,1,524336,700,248010,1
34828.924,5,522224,100,248200,1
34828.924,5,523078,100,248200,1
34828.924,5,521225,600,248150,1
34828.98,4,524029,100,248300,-1
34829.391,1,525775,1000,248100,1
34829.583,2,524336,700,248010,1
34832.273,2,517346,500,247500,1
34832.305,2,523408,400,248600,-1
34832.366,2,515798,200,244100,1
34832.374,1,527397,200,245100,1
34832.419,2,506749,1000,248800,-1
34832.86,5,526144,200,248120,1
34832.86,5,525966,200,248110,1
34832.86,4,525775,600,248100,1
34833.388,5,527693,100,248110,1
34834.119,5,527693,100,248110,1
34834.119,4,525775,200,248100,1
34834.431,2,519913,890,248000,1
34834.625,2,516358,890,247600,1
34835.16,5,528284,200,248110,1
34835.16,4,525775,200,248100,1
34835.777,2,512584,1000,248600,-1
34835.785,1,529131,1000,248200,-1
34836.343,2,516371,100,247900,1
34836.395,1,529466,3000,247500,1
34836.491,2,157614,200,249400,-1
34837.203,1,529926,1000,247510,1
34837.642,2,529926,1000,247510,1
34837.674,1,530184,200,247510,1
34839.017,2,529466,3000,247500,1
34839.117,1,530976,400,247900,1
34839.188,1,531017,900,248190,-1
34839.191,5,521667,100,248000,1
34839.234,5,521667,200,248000,1
34839.308,5,521667,200,248000,1
34839.47,5,521667,900,248000,1
34839.56,2,531017,900,248190,-1
34839.61,5,521667,1300,248000,1
34839.75,5,521667,100,248000,1
34839.769,1,531285,700,248190,-1
34839.809,5,521667,400,248000,1
34839.991,2,531285,700,248190,-1
34840.081,5,521667,300,248000,1
34840.1,1,531424,500,248190,-1
34840.127,2,531424,500,248190,-1
34840.149,5,521667,100,248000,1
34840.219,1,531487,900,248190,-1
34840.485,2,531487,900,248190,-1
34840.518,1,531607,500,248190,-1
34840.62,5,521667,100,248000,1
34840.702,5,521667,100,248000,1
34841.143,2,530184,200,247510,1
34841.265,5,521667,100,248000,1
34841.702,1,532175,890,247800,1
34842.438,1,532507,500,249800,-1
34842.811,2,531607,500,248190,-1
34846.988,1,534719,2000,247900,1
34847.398,1,534889,200,248590,-1
34847.94,2,534719,2000,247900,1
34847.943,1,535134,2000,248000,1
34848.082,2,516192,100,247000,1
34848.44,5,535302,200,248010,1
34848.44,4,535134,800,248000,1
34848.767,4,535134,100,248000,1
34848.785,4,535134,300,248000,1
34849.176,1,535687,100,247500,1
34850.156,5,535909,500,248030,1
34851.199,2,532175,890,247800,1
34855.273,4,535134,300,248000,1
34855.364,2,530976,400,247900,1
34855.671,4,535134,500,248000,1
34855.671,5,521667,700,248000,1
34855.701,1,538492,500,247600,1
34856.19,1,538709,1000,247610,1
34856.889,2,538709,1000,247610,1
34856.924,1,539030,700,247620,1
34857.031,5,534206,500,248100,-1
34857.342,2,539030,700,247620,1
34857.379,1,539318,300,247610,1
34857.433,2,538492,500,247600,1
34859.468,2,539318,300,247610,1
34859.674,1,540634,300,247510,1
34859.831,1,540729,890,247600,1
34860.067,1,540825,100,248100,-1
34864.335,1,542705,500,247900,-1
34864.795,2,540634,300,247510,1
34865.196,2,524118,100,248490,-1
34865.198,2,505509,100,249000,-1
34865.875,2,542705,500,247900,-1
34866.0,1,543321,500,247800,-1
34866.001,5,539042,400,247670,1
34866.001,5,540737,490,247650,1
34866.156,1,543378,500,245700,1
34866.874,2,540729,890,247600,1
34868.08,2,516283,500,247500,1
34868.31,1,544198,1500,247800,-1
34869.667,5,544039,500,247750,-1
34869.667,5,543667,200,247780,-1
34869.667,1,544870,1900,247790,1
34869.668,2,544870,1900,247790,1
34869.869,1,545001,4100,247790,1
34869.87,2,545001,4100,247790,1
34870.077,1,545145,4100,247790,1
34870.078,2,545145,4100,247790,1
34870.153,1,545213,100,247500,1
34870.286,1,545300,4300,247790,1
34870.288,2,545300,4300,247790,1
34870.495,1,545423,4300,247790,1
34870.496,2,545423,4300,247790,1
34870.708,1,545582,4300,247790,1
34870.71,2,545582,4300,247790,1
34870.912,1,545752,4300,247790,1
34870.915,2,545752,4300,247790,1
34871.334,1,546045,4300,247790,1
34871.335,2,546045,4300,247790,1
34871.542,1,546205,4100,247790,1
34871.545,2,546205,4100,247790,1
34871.752,1,546373,4100,247790,1
34871.755,2,546373,4100,247790,1
34871.961,1,546518,4100,247790,1
34871.965,2,546518,4100,247790,1
34872.173,1,546626,4100,247790,1
34872.175,2,546626,4100,247790,1
34872.381,1,546752,4100,247790,1
34872.385,2,546752,4100,247790,1
34872.596,1,546912,4100,247790,1
34872.596,2,546912,4100,247790,1
34872.804,1,547063,4100,247790,1
34872.806,2,547063,4100,247790,1
34873.013,1,547177,4100,247790,1
34873.015,2,547177,4100,247790,1
34873.221,1,547269,4100,247790,1
34873.226,2,547269,4100,247790,1
34873.424,1,547428,4100,247790,1
34873.425,2,547428,4100,247790,1
34873.625,1,547574,4100,247790,1
34873.626,2,547574,4100,247790,1
34873.834,1,547701,4100,247790,1
34873.836,2,547701,4100,247790,1
34874.043,1,547854,4100,247790,1
34874.046,2,547854,4100,247790,1
34874.257,1,547992,4100,247790,1
34874.259,2,547992,4100,247790,1
34874.46,1,548130,4300,247790,1
34874.465,2,548130,4300,247790,1
34874.667,1,548266,4200,247790,1
34874.669,2,548266,4200,247790,1
34874.877,1,548368,4200,247790,1
34874.878,2,548368,4200,247790,1
34875.085,1,548494,4300,247790,1
34875.087,2,548494,4300,247790,1
34875.295,1,548647,4300,247790,1
34875.296,2,548647,4300,247790,1
34875.35,2,519245,200,247500,1
34875.455,1,548752,200,247500,1
34875.474,5,544874,500,247550,1
34875.474,5,548755,200,247520,1
34875.474,5,543780,200,247510,1
34875.474,5,545283,100,247510,1
34875.503,5,548673,500,247750,-1
34875.503,5,548682,490,247750,-1
34875.503,5,548781,500,247750,-1
34875.503,5,548777,200,247780,-1
34875.503,1,548790,2610,247790,1
34875.507,2,548790,2610,247790,1
34875.691,1,548937,1000,230600,1
34875.691,5,548807,200,247520,1
34875.691,5,545283,100,247510,1
34876.025,2,543321,500,247800,-1
34876.027,2,544198,1500,247800,-1
34876.052,1,549197,500,248100,-1
34876.192,1,549283,1000,248090,-1
34876.245,1,549314,500,247600,-1
34876.452,1,549423,1500,247600,-1
34876.603,2,540825,100,248100,-1
34876.609,5,545283,690,247510,1
34876.609,4,535687,100,247500,1
34876.609,4,545213,100,247500,1
34876.609,4,548752,200,247500,1
34876.609,5,548756,510,247500,1
34876.93,1,549675,200,247500,1
34876.957,4,549675,200,247500,1
34877.14,5,548756,100,247500,1
34877.16,1,549836,200,247500,1
34877.164,4,549836,100,247500,1
34877.324,4,549836,100,247500,1
34877.545,5,548756,500,247500,1
34877.586,1,550076,200,247500,1
34877.633,4,550076,100,247500,1
34877.76,4,550076,100,247500,1
34877.765,2,549314,500,247600,-1
34877.767,2,549423,1500,247600,-1
34877.802,2,549197,500,248100,-1
34877.811,1,550195,500,248100,-1
34877.858,1,550213,500,247000,1
34878.006,1,550279,200,247500,1
34878.037,2,550195,500,248100,-1
34878.265,2,549283,1000,248090,-1
34878.299,1,550393,600,248080,-1
34878.843,1,550635,500,247100,1
34878.851,2,521971,1000,247000,1
34878.869,5,550299,200,247550,1
34878.869,4,550279,200,247500,1
34878.869,5,548756,100,247500,1
34879.069,1,550721,33,247500,1
34879.077,1,550724,200,247500,1
34879.811,2,550393,600,248080,-1
34879.865,1,551123,1000,248190,-1
34880.031,4,550721,33,247500,1
34880.031,4,550724,200,247500,1
34880.031,5,548756,1267,247500,1
34880.313,1,551312,200,247500,1
34880.642,2,551123,1000,248190,-1
34880.706,1,551536,600,248190,-1
34880.741,2,551536,600,248190,-1
34880.781,1,551574,900,248190,-1
34881.622,2,551574,900,248190,-1
34881.659,1,551995,600,248190,-1
34881.858,2,551995,600,248190,-1
34881.989,1,552157,900,248190,-1
34882.165,4,551312,200,247500,1
34882.165,5,548756,200,247500,1
34882.17,5,548756,500,247500,1
34882.347,1,552292,200,247500,1
34884.06,5,551525,100,247600,-1
34884.06,5,534206,500,248100,-1
34884.06,5,534894,1000,248100,-1
34884.06,5,552167,200,248140,-1
34884.06,4,552157,900,248190,-1
34884.527,1,553251,500,247300,1
34884.588,1,553278,1000,246800,1
34884.819,4,529131,1000,248200,-1
34884.849,1,553420,3000,248600,-1
34885.122,1,553584,500,247520,1
34885.163,1,553606,1000,248580,-1
34885.949,1,554016,400,247700,1
34886.499,2,554016,400,247700,1
34887.441,2,552292,200,247500,1
34887.584,1,554700,400,248100,1
34887.683,1,554765,200,247400,1
34887.767,5,554716,100,248120,1
34888.2,2,553606,1000,248580,-1
34889.075,2,553420,3000,248600,-1
34889.132,2,554700,400,248100,1
34889.17,1,555621,500,247500,1
34890.215,1,556155,1000,247530,1
34890.287,1,556187,800,248200,1
34892.8,1,557297,1000,247000,1
34893.319,2,556155,1000,247530,1
34893.706,1,557631,400,248300,1
34894.024,1,557738,400,248600,-1
34894.075,5,557641,100,248320,1
34894.538,2,557738,400,248600,-1
34894.585,2,557631,400,248300,1
34894.615,2,556187,800,248200,1
34894.625,2,555621,500,247500,1
34894.633,1,558019,500,248200,1
34894.64,1,558024,3000,247500,1
34895.04,1,558243,100,248600,-1
34895.643,2,558019,500,248200,1
34897.188,1,559196,400,247530,1
34897.216,2,559196,400,247530,1
34897.411,1,559280,1000,247530,1
34897.904,2,559280,1000,247530,1
34897.938,1,559467,600,247530,1
34898.193,1,559572,1000,248580,-1
34898.641,2,559467,600,247530,1
34898.672,1,559730,200,247530,1
34899.126,2,554765,200,247400,1
34899.809,2,559730,200,247530,1
34899.872,1,560297,500,247530,1
34901.456,1,561300,890,248100,-1
34901.583,1,561386,400,248000,-1
34902.316,2,553278,1000,246800,1
34902.591,2,560297,500,247530,1
34902.624,1,561944,200,247530,1
34902.708,2,447425,100,249000,-1
34903.75,2,561944,200,247530,1
34904.9,2,561386,400,248000,-1
34905.408,1,563344,100,247900,-1
34905.85,1,563556,1000,248300,-1
34905.95,2,558024,3000,247500,1
34908.097,2,519819,1000,249000,-1
34908.386,1,564758,1000,249000,-1
34908.785,2,561300,890,248100,-1
34908.982,5,563362,100,247880,-1
34912.402,1,566988,2000,248200,-1
34912.96,5,566103,100,247700,1
34912.96,5,559282,68,247580,1
34913.394,5,563362,100,247880,-1
34913.394,4,563344,100,247900,-1
34913.394,5,567375,100,247900,-1
34913.448,2,557297,1000,247000,1
34913.451,2,559572,1000,248580,-1
34913.485,1,567611,1000,248190,-1
34913.925,1,567871,500,248200,-1
34915.248,1,568502,320,248600,-1
34916.024,2,567871,500,248200,-1
34916.577,1,569209,500,247720,1
34917.107,2,567611,1000,248190,-1
34917.142,1,569470,700,248190,-1
34918.22,2,569470,700,248190,-1
34918.424,1,570373,1000,248190,-1
34919.052,2,570373,1000,248190,-1
34919.618,5,571037,68,247950,-1
34919.618,5,570708,100,248000,-1
34921.822,2,568502,320,248600,-1
34922.087,2,553584,500,247520,1
34922.113,2,569209,500,247720,1
34922.348,1,573791,400,247900,1
34922.519,2,550635,500,247100,1
34922.524,2,553251,500,247300,1
34922.76,2,558243,100,248600,-1
34922.777,1,574128,400,248200,-1
34922.906,2,573791,400,247900,1
34922.956,1,574240,3000,247000,1
34923.186,1,574391,1000,247010,1
34923.559,1,574634,500,248000,1
34924.062,4,566988,1000,248200,-1
34924.251,1,575051,1000,248100,-1
34924.33,4,575051,400,248100,-1
34924.513,4,575051,600,248100,-1
34924.746,4,566988,500,248200,-1
34925.212,2,574634,500,248000,1
34925.239,1,575568,500,247100,1
34925.285,2,574391,1000,247010,1
34925.412,1,575670,1000,247110,1
34925.455,2,574240,3000,247000,1
34925.479,1,575701,3000,247100,1
34925.603,1,575766,1000,247800,1
34925.624,2,575568,500,247100,1
34925.632,1,575782,500,247800,1
34925.654,2,575670,1000,247110,1
34925.687,1,575812,1000,247810,1
34925.769,2,575782,500,247800,1
34925.816,2,574128,400,248200,-1
34926.241,4,566988,500,248200,-1
34926.321,4,563556,500,248300,-1
34926.417,1,576193,100,248100,1
34926.816,4,563556,500,248300,-1
34928.589,5,577092,100,248300,1
34928.956,5,577881,100,248500,-1
34928.956,4,534889,200,248590,-1
34929.186,2,575812,1000,247810,1
34929.253,1,578134,100,248900,-1
34929.534,2,578134,100,248900,-1
34929.558,1,578390,100,249000,-1
34930.757,1,579232,500,248420,1
34931.12,5,579250,200,248470,1
34931.665,4,579232,500,248420,1
34931.665,1,579809,100,248420,-1
34931.752,4,579809,100,248420,-1
34932.548,5,579644,100,248600,-1
34933.953,1,581025,900,248110,1
34933.954,1,581026,1000,248990,-1
34934.127,1,581134,1000,248400,1
34934.164,1,581171,400,248400,1
34934.231,2,581025,900,248110,1
34934.761,2,581171,400,248400,1
34935.078,2,578390,100,249000,-1
34935.113,2,550213,500,247000,1
34935.473,4,581134,1000,248400,1
34935.962,1,582219,200,247000,1
34936.193,1,582323,1000,248110,1
34936.234,2,582323,1000,248110,1
34936.455,1,582442,700,248110,1
34936.853,1,582620,250,248800,-1
34936.889,2,581026,1000,248990,-1
34936.921,1,582647,1000,248790,-1
34937.427,1,582891,400,248400,1
34938.171,2,582647,1000,248790,-1
34938.208,1,583202,700,248790,-1
34938.219,5,583195,100,248450,1
34938.235,2,583202,700,248790,-1
34938.424,1,583305,200,248790,-1
34938.576,2,582891,400,248400,1
34939.062,1,583550,1000,248800,-1
34939.397,2,583305,200,248790,-1
34939.423,2,582442,700,248110,1
34939.506,1,583741,320,249990,-1
34939.52,1,583748,1000,248110,1
34941.077,1,584582,200,248600,1
34941.697,2,584582,200,248600,1
34941.7,5,582195,200,248700,-1
34941.74,2,583550,1000,248800,-1
34941.912,5,582195,100,248700,-1
34942.148,5,582195,200,248700,-1
34942.148,5,584909,200,248750,-1
34942.148,5,585081,400,248780,-1
34943.057,1,585708,1000,247800,1
34943.182,2,527397,200,245100,1
34943.189,1,585795,200,246100,1
34943.508,5,585081,400,248780,-1
34943.551,5,585081,100,248780,-1
34943.886,5,585081,100,248780,-1
34943.886,4,582620,200,248800,-1
34944.358,4,582620,50,248800,-1
34945.71,1,587484,400,248900,-1
34946.142,1,587764,500,249500,-1
34946.191,4,587484,400,248900,-1
34946.289,1,587857,200,248800,-1
34946.739,2,585708,1000,247800,1
34946.752,1,588111,100,248700,1
34946.788,1,588154,1000,248900,-1
34946.879,4,587857,200,248800,-1
34947.024,4,588154,1000,248900,-1
34947.697,5,588613,100,248850,-1
34948.17,5,588828,500,248750,1
34949.039,5,589426,500,248850,-1
34949.039,5,588916,500,248870,-1
34949.98,4,564758,1000,249000,-1
34950.004,1,590214,500,249500,-1
34950.049,5,589233,200,249000,-1
34950.97,5,590335,300,249000,-1
34951.454,1,591139,500,248820,1
34952.932,2,590214,500,249500,-1
34953.279,4,175469,50,249100,-1
34953.279,5,591694,200,249100,-1
34954.029,1,592798,100,249000,1
34955.189,1,593622,1000,249490,-1
34956.329,2,592798,100,249000,1
34957.998,2,591139,500,248820,1
34958.028,2,583748,1000,248110,1
34960.519,2,333945,100,249500,-1
34960.528,1,597122,100,249900,-1
34961.304,1,597540,2600,248900,-1
34961.659,1,597756,100,249000,-1
34961.755,2,597756,100,249000,-1
34961.763,1,597815,100,248900,-1
34961.878,4,588111,100,248700,1
34961.923,1,597927,500,248100,1
34962.012,2,597927,500,248100,1
34962.216,1,598083,1000,248110,1
34963.172,1,598605,100,248700,-1
34963.518,5,598663,200,248670,-1
34963.518,4,598605,100,248700,-1
34963.518,1,598832,700,248700,1
34963.534,4,598832,500,248700,1
34963.547,4,598832,200,248700,1
34963.573,1,598858,1000,248500,1
34964.893,1,599673,500,248620,1
34964.988,1,599730,1000,248600,1
34965.241,1,599857,1000,248800,-1
34965.549,4,599857,1000,248800,-1
34965.849,4,597540,1200,248900,-1
34966.02,2,599730,1000,248600,1
34966.021,1,600283,1000,248800,1
34966.15,2,600283,1000,248800,1
34966.153,1,600352,1000,248600,1
34966.36,2,600352,1000,248600,1
34966.363,1,600459,1000,248800,1
34966.434,2,600459,1000,248800,1
34966.437,1,600505,1000,248600,1
34966.652,2,597540,1400,248900,-1
34966.795,2,600505,1000,248600,1
34966.797,1,600690,1000,248700,1
34967.302,2,600690,1000,248700,1
34967.303,1,600896,1000,248600,1
34967.515,1,600983,500,248720,1
34967.704,2,600896,1000,248600,1
34967.707,1,601063,1000,248700,1
34968.468,2,601063,1000,248700,1
34968.471,1,601388,1000,248800,1
34968.933,2,599673,500,248620,1
34968.958,2,600983,500,248720,1
34969.198,1,601670,200,248700,1
34969.7,4,601388,1000,248800,1
34969.712,1,601932,400,248800,1
34970.718,2,601932,400,248800,1
34972.652,1,603297,1000,259500,-1
34973.84,2,200546,200,241000,1
34974.115,1,604053,1000,250000,-1
34974.28,4,597815,100,248900,-1
34974.309,1,604133,3000,249500,-1
34977.999,1,606059,500,248800,1
34978.477,2,606059,500,248800,1
34980.63,2,601670,200,248700,1
34980.673,2,598083,1000,248110,1
34980.73,1,607664,1000,248510,1
34980.976,1,607803,1000,249000,1
34981.115,1,607873,500,248900,1
34981.497,2,576193,100,248100,1
34982.485,2,607803,1000,249000,1
34982.931,2,604133,3000,249500,-1
34984.607,1,609722,200,249100,-1
34984.88,4,609722,200,249100,-1
34985.938,5,609945,300,249200,-1
34986.416,1,610534,100,244000,1
34987.012,1,610795,1500,249100,1
34987.274,1,610910,100,249100,1
34988.069,2,593622,1000,249490,-1
34988.077,2,583741,320,249990,-1
34988.089,1,611308,200,249100,1
34988.424,1,611457,100,249000,1
34988.427,1,611459,1000,249000,1
34988.951,1,611786,1000,249000,1
34989.965,1,612460,500,249200,1
34991.48,2,607664,1000,248510,1
34991.964,2,612460,500,249200,1
34991.967,1,613606,500,249100,1
34992.271,2,613606,500,249100,1
34992.969,2,610795,1500,249100,1
34993.592,2,610910,100,249100,1
34993.651,1,614385,100,249000,1
34994.074,1,614640,250,249300,-1
34994.529,5,614551,500,249150,1
34994.529,5,613621,200,249120,1
34994.529,4,611308,200,249100,1
34994.529,5,612973,300,249100,1
34994.529,4,611457,100,249000,1
34994.529,4,611459,1000,249000,1
34994.529,4,611786,300,249000,1
34995.334,1,615290,200,249200,-1
34995.43,5,615304,100,249180,-1
34995.847,5,615304,100,249180,-1
34995.847,4,615290,200,249200,-1
34995.847,5,615488,200,249270,-1
34995.847,5,614317,100,249280,-1
34997.754,5,615509,100,249020,1
34997.984,1,616447,300,249200,-1
34998.079,4,611786,700,249000,1
34998.079,4,614385,100,249000,1
34998.519,5,616457,100,249180,-1
34998.519,4,616447,100,249200,-1
34998.846,1,616825,500,248100,1
34999.029,1,616903,500,248100,1
34999.12,1,616946,1000,249800,-1
34999.959,1,617381,200,250000,-1
35000.328,1,617543,500,248720,1
35001.921,2,616447,200,249200,-1
35001.924,1,618316,200,249100,-1
35002.215,1,618432,100,249100,-1
35003.116,2,618316,200,249100,-1
35003.117,4,607873,200,248900,1
35003.539,1,619006,1000,249400,-1
35004.824,4,607873,100,248900,1
35005.166,1,619610,500,248920,1
35007.802,2,617543,500,248720,1
35007.829,2,619610,500,248920,1
35008.132,1,620859,500,252000,-1
35010.338,5,621553,800,248930,1
35010.338,4,607873,200,248900,1
35010.879,4,618432,100,249100,-1
35011.213,1,622031,900,248510,1
35011.896,1,622294,1080,249000,1
35012.753,2,622294,1080,249000,1
35012.755,1,622709,1080,249100,1
35013.361,4,622709,200,249100,1
35014.321,5,623262,500,249140,1
35014.321,4,622709,500,249100,1
35015.676,5,624252,500,249140,1
35015.676,5,624247,400,249130,1
35015.676,5,624543,100,249120,1
35016.048,5,621903,800,249270,-1
35016.048,4,614640,250,249300,-1
35016.778,2,622709,380,249100,1
35017.01,2,616903,500,248100,1
35017.035,2,616825,500,248100,1
35017.989,5,625279,100,249350,-1
35017.989,4,619006,1000,249400,-1
35018.268,5,625942,350,249450,-1
35019.334,1,626602,400,249300,1
35019.898,2,626602,400,249300,1
35020.819,2,587764,500,249500,-1
35020.924,4,107928,500,249500,-1
35021.191,4,107928,100,249500,-1
35021.475,1,627508,100,249500,-1
35023.297,2,284775,200,250800,-1
35023.548,4,627508,100,249500,-1
35023.582,1,628349,500,249400,1
35023.832,1,628441,200,250500,-1
35023.988,1,628501,200,249500,-1
35024.18,4,628501,200,249500,-1
35024.641,2,628349,500,249400,1
35024.659,2,575701,3000,247100,1
35024.672,1,628776,3000,248500,1
35025.458,1,629116,400,245000,1
35026.42,1,629500,100,249800,-1
35028.531,2,499351,300,250600,-1
35028.535,1,630471,300,251300,-1
35029.622,1,631015,500,249500,1
35029.96,1,631133,1500,249690,1
35029.965,2,631133,1500,249690,1
35030.167,1,631228,1500,249690,1
35030.173,2,631228,1500,249690,1
35030.185,1,631234,890,249600,-1
35030.312,1,631301,500,249900,-1
35030.37,4,631234,890,249600,-1
35030.37,1,631332,610,249690,1
35030.373,2,631332,610,249690,1
35030.531,5,631376,400,249700,-1
35030.531,1,631405,600,249700,1
35030.543,4,631405,200,249700,1
35030.564,4,631405,200,249700,1
35030.578,1,631427,610,249690,1
35030.583,2,631427,610,249690,1
35030.706,4,631405,200,249700,1
35030.78,1,631540,610,249690,1
35030.785,2,631540,610,249690,1
35031.074,1,631786,2000,249600,-1
35031.196,1,631881,610,249590,1
35031.198,2,631881,610,249590,1
35031.467,2,597122,100,249900,-1
35031.476,1,632144,100,251100,-1
35031.539,4,631786,1132,249600,-1
35031.684,2,631786,868,249600,-1
35031.944,1,632568,1000,249500,1
35033.075,1,633334,300,249500,1
35033.348,1,633517,100,249800,-1
35033.998,1,633970,1000,249200,1
35034.03,1,633987,100,249610,1
35034.921,1,634582,2500,249900,-1
35035.002,2,633334,300,249500,1
35035.004,1,634623,300,249600,1
35035.227,5,633984,1000,249780,-1
35035.227,4,532507,500,249800,-1
35035.227,4,616946,200,249800,-1
35035.391,4,616946,800,249800,-1
35035.391,4,629500,100,249800,-1
35035.391,4,633517,100,249800,-1
35035.391,5,634261,200,249800,-1
35035.57,2,634623,300,249600,1
35035.572,1,634939,300,249700,1
35035.65,2,631301,500,249900,-1
35036.098,1,635217,1000,249500,1
35037.932,2,634939,300,249700,1
35037.934,1,636144,300,249800,1
35038.572,5,634011,1000,249860,-1
35039.473,5,637154,300,249870,-1
35039.542,5,636617,300,249830,1
35040.72,5,637519,1000,249820,1
35040.72,4,636144,300,249800,1
35040.934,5,637869,500,249860,-1
35040.934,5,637154,700,249870,-1
35040.934,1,638168,800,249890,1
35041.042,4,638168,800,249890,1
35042.169,5,635593,500,249720,1
35042.308,5,635593,500,249720,1
35042.404,5,639086,890,249770,-1
35042.404,5,639152,500,249800,-1
35042.404,5,638695,150,249850,-1
35042.404,5,638336,500,249860,-1
35042.404,5,638723,100,249870,-1
35042.404,5,638636,360,249880,-1
35042.448,4,633987,100,249610,1
35043.113,1,639616,300,252400,-1
35043.437,2,632144,100,251100,-1
35043.446,1,639868,100,251900,-1
35043.52,5,639225,500,249550,1
35043.52,4,631015,500,249500,1
35043.956,1,640196,500,249700,-1
35044.248,4,632568,800,249500,1
35044.413,1,640473,500,249900,-1
35044.608,1,640608,200,249800,-1
35045.012,4,632568,200,249500,1
35045.012,4,635217,800,249500,1
35045.02,4,635217,100,249500,1
35045.232,4,635217,100,249500,1
35046.067,5,640986,200,249500,-1
35047.446,1,642485,500,249220,1
35047.55,1,642528,500,249700,-1
35047.663,1,642594,400,249590,-1
35047.757,5,640986,500,249500,-1
35048.036,1,642848,890,249200,1
35048.962,1,643389,500,249500,-1
35049.972,2,642594,400,249590,-1
35050.204,5,643314,500,249400,-1
35050.204,5,643422,200,249470,-1
35050.204,5,643405,200,249480,-1
35050.204,5,642945,300,249490,-1
35050.204,4,643389,500,249500,-1
35050.204,5,642605,500,249540,-1
35050.204,4,640196,300,249700,-1
35050.26,1,644174,500,249700,-1
35050.32,2,642528,500,249700,-1
35050.462,2,640196,200,249700,-1
35051.19,1,644738,700,249690,-1
35051.334,2,628776,3000,248500,1
35051.515,2,644174,500,249700,-1
35051.927,1,645122,250,249300,1
35052.591,2,644738,700,249690,-1
35053.041,2,645122,250,249300,1
35053.043,1,645680,250,249400,1
35053.916,2,645680,250,249400,1
35053.918,1,646109,250,249500,1
35054.031,2,642485,500,249220,1
35055.181,1,646685,300,249800,-1
35055.283,2,642848,890,249200,1
35055.407,5,646129,200,249540,1
35055.912,1,647010,100,249500,1
35056.102,2,640608,200,249800,-1
35056.946,2,646109,250,249500,1
35056.948,2,647010,100,249500,1
35056.95,1,647628,250,249600,1
35056.951,1,647629,100,249600,1
35056.961,4,647628,200,249600,1
35056.962,4,647628,50,249600,1
35056.962,4,647629,100,249600,1
35056.995,2,622031,900,248510,1
35057.032,1,647667,700,249210,1
35057.186,1,647725,400,249600,-1
35057.313,2,647667,700,249210,1
35057.358,1,647817,1000,249210,1
35057.64,2,647817,1000,249210,1
35057.688,1,648009,700,249210,1
35058.051,4,647725,400,249600,-1
35058.051,5,648057,100,249600,-1
35058.463,2,648009,700,249210,1
35058.49,1,648413,600,249500,-1
35060.098,5,649127,500,249390,-1
35060.098,5,648870,100,249460,-1
35060.137,1,649161,500,249220,1
35060.2,2,648413,600,249500,-1
35062.187,1,650050,1000,249790,-1
35063.426,1,650581,500,249300,-1
35063.547,2,604053,1000,250000,-1
35063.801,1,650756,1000,249900,-1
35064.767,1,651236,300,249500,-1
35064.768,4,650581,500,249300,-1
35065.128,5,651237,390,249300,1
35065.128,5,649165,110,249270,1
35065.877,5,649165,390,249270,1
35065.877,5,651243,200,249240,1
35065.877,4,649161,410,249220,1
35066.471,1,652148,500,249300,1
35067.02,2,649161,90,249220,1
35067.119,2,646685,300,249800,-1
35067.589,1,652796,400,249300,1
35068.801,1,653466,200,249500,-1
35071.078,2,651236,300,249500,-1
35071.183,5,653475,200,249340,1
35072.144,2,640473,500,249900,-1
35072.173,5,654913,500,249340,1
35072.173,5,653719,300,249310,1
35072.173,4,652148,490,249300,1
35072.427,5,655362,300,249340,1
35072.427,4,652148,10,249300,1
35072.427,4,652796,190,249300,1
35075.646,1,656941,1000,252000,-1
35078.069,4,652796,210,249300,1
35078.069,5,653830,200,249300,1
35078.069,1,657891,290,249300,-1
35078.121,2,657891,290,249300,-1
35078.773,4,633970,290,249200,1
35078.873,4,633970,710,249200,1
35078.873,5,654879,290,249200,1
35078.893,1,658206,500,248600,1
35079.428,2,658206,500,248600,1
35079.436,5,654879,710,249200,1
35079.514,2,650050,1000,249790,-1
35079.547,1,658449,1000,249490,-1
35079.956,1,658623,400,249200,1
35080.337,2,658623,400,249200,1
35080.338,1,658753,400,249100,1
35080.558,2,658449,1000,249490,-1
35080.595,1,658865,700,249490,-1
35080.927,2,658865,700,249490,-1
35080.967,1,659110,200,249490,-1
35080.998,2,659110,200,249490,-1
35081.158,1,659200,300,249490,-1
35081.403,2,659200,300,249490,-1
35081.409,5,659258,500,249110,1
35081.409,4,658753,140,249100,1
35081.452,1,659361,1000,249490,-1
35081.803,2,659361,1000,249490,-1
35081.997,1,659712,900,249100,1
35082.054,1,659755,1000,249300,-1
35082.241,2,658753,260,249100,1
35082.306,1,659891,90,249100,1
35082.371,2,659755,1000,249300,-1
35084.167,5,660031,500,249110,1
35084.167,4,659712,900,249100,1
35084.167,4,659891,90,249100,1
35084.648,1,661070,100,249200,-1
35086.185,1,661854,1000,248510,1
35086.86,1,662139,300,249000,-1
35087.685,1,662603,700,249300,-1
35087.797,1,662670,2000,250000,-1
35089.775,1,663809,500,248920,1
35090.237,1,664033,1000,249000,-1
35090.528,4,663809,500,248920,1
35092.268,2,664033,1000,249000,-1
35092.318,1,665252,1000,248900,-1
35092.918,2,662603,700,249300,-1
35092.963,1,665740,700,249000,-1
35093.117,1,665863,700,249000,-1
35097.087,2,665252,1000,248900,-1
35097.536,1,668747,400,248800,1
35097.778,4,668747,400,248800,1
35097.989,2,661854,1000,248510,1
35099.262,1,669869,400,248800,-1
35099.655,1,670078,200,249800,-1
35100.858,2,662139,300,249000,-1
35102.619,1,671633,500,248500,1
35104.971,1,672890,500,248700,1
35105.574,2,672890,500,248700,1
35105.577,1,673190,500,248600,1
35105.851,2,471424,200,245500,1
35105.856,1,673337,200,247800,1
35106.019,2,673190,500,248600,1
35106.02,1,673412,500,248700,1
35107.302,2,673412,500,248700,1
35107.305,1,674314,500,248600,1
35107.56,5,674333,500,248630,1
35107.721,5,674333,300,248630,1
35107.721,4,674314,500,248600,1
35108.847,5,674612,300,248530,1
35109.265,1,675835,200,248600,1
35109.875,4,675835,200,248600,1
35110.607,5,676261,300,248530,1
35112.188,1,677734,500,248520,1
35112.65,1,678045,600,248600,-1
35113.469,4,677734,500,248520,1
35113.469,4,598858,500,248500,1
35114.257,4,598858,100,248500,1
35114.463,4,598858,400,248500,1
35114.463,4,671633,500,248500,1
35115.186,1,679385,1000,247810,1
35119.629,5,679450,200,248550,-1
35119.886,2,639616,300,252400,-1
35119.999,1,682530,1000,251000,-1
35120.264,4,678045,600,248600,-1
35121.642,5,684016,200,248620,1
35122.585,2,665863,700,249000,-1
35122.873,2,661070,100,249200,-1
35123.718,1,686377,2000,248600,1
35124.064,1,686715,600,248600,1
35124.113,1,686760,500,248600,1
35125.895,1,688124,1000,248600,1
35125.976,1,688179,500,248600,1
35126.213,5,686400,200,248630,1
35126.213,5,686417,100,248630,1
35126.321,1,688425,100,248700,-1
35126.346,5,686417,300,248630,1
35126.346,5,686398,200,248620,1
35126.346,5,687829,100,248620,1
35126.522,4,688425,100,248700,-1
35127.017,1,689114,500,248600,1
35127.197,4,669869,400,248800,-1
35127.197,5,689282,100,248800,-1
35127.218,1,689355,100,248720,1
35127.386,4,689355,100,248720,1
35128.01,2,688179,500,248600,1
35129.511,1,690876,1000,248500,1
35130.242,2,686715,600,248600,1
35130.242,2,688124,1000,248600,1
35130.244,1,691292,600,248700,1
35130.247,1,691294,1000,248700,1
35130.663,1,691595,500,248700,1
35130.78,1,691682,100,249290,-1
35130.881,2,691292,600,248700,1
35130.965,5,691492,500,248710,1
35130.965,4,691294,1000,248700,1
35130.965,4,691595,500,248700,1
35130.967,1,691803,100,250000,-1
35132.023,2,665740,700,249000,-1
35132.132,1,692556,500,249300,-1
35133.189,1,693129,1000,249280,-1
35133.844,2,686377,2000,248600,1
35134.487,1,693860,2000,248100,1
35134.692,1,693995,500,249000,-1
35134.717,2,692556,500,249300,-1
35134.726,1,694019,500,249000,-1
35135.612,1,694504,100,248700,1
35136.94,2,694019,500,249000,-1
35138.36,1,696175,400,248800,1
35139.068,2,686760,500,248600,1
35142.005,1,698814,1300,249200,-1
35142.13,1,698882,200,248900,-1
35143.159,4,698882,200,248900,-1
35143.18,2,696175,400,248800,1
35144.278,2,698814,1300,249200,-1
35144.321,5,699937,100,248880,-1
35144.321,1,700082,300,248900,1
35144.645,1,700267,1000,249200,-1
35144.802,2,693129,1000,249280,-1
35144.898,1,700415,600,242000,1
35145.38,2,693995,500,249000,-1
35145.886,2,689114,500,248600,1
35146.022,5,700620,100,248970,-1
35146.458,5,700620,500,248970,-1
35146.619,5,700620,400,248970,-1
35146.619,5,696409,100,249000,-1
35146.684,5,696409,400,249000,-1
35150.994,1,703191,500,248900,1
35152.601,1,704003,500,247000,1
35152.897,2,700267,1000,249200,-1
35152.899,1,704219,1000,249300,-1
35154.867,1,705337,500,249800,-1
35155.008,5,703491,200,249000,1
35155.008,5,704016,500,248950,1
35155.008,5,704251,500,248920,1
35155.008,5,704265,500,248920,1
35155.008,4,700082,300,248900,1
35155.008,4,703191,500,248900,1
35155.851,5,701762,100,249080,-1
35155.851,1,705984,200,249090,1
35157.411,2,704219,1000,249300,-1
35158.855,2,705984,200,249090,1
35158.878,1,708502,500,248700,1
35158.902,2,679385,1000,247810,1
35158.977,2,201916,500,250000,-1
35159.03,1,708623,1000,248710,1
35159.186,1,708734,200,249090,1
35159.537,1,708952,400,249200,-1
35159.605,1,708998,500,251000,-1
35159.693,2,708502,500,248700,1
35160.072,2,708952,400,249200,-1
35160.72,4,708734,200,249090,1
35161.546,2,708623,1000,248710,1
35161.61,1,710181,100,249200,-1
35161.657,1,710204,1000,249400,-1
35162.0,2,710181,100,249200,-1
35162.039,1,710377,90,249100,-1
35162.416,1,710556,40,249090,1
35162.42,2,710556,40,249090,1
35162.475,1,710601,100,249890,-1
35162.843,1,710801,40,249090,1
35162.845,2,710801,40,249090,1
35163.008,4,710377,90,249100,-1
35163.053,1,710922,40,249090,1
35163.055,2,710922,40,249090,1
35163.261,1,711113,100,249030,1
35163.262,1,711114,40,249090,1
35163.264,2,711114,40,249090,1
35163.47,1,711261,40,249090,1
35163.472,2,711261,40,249090,1
35163.679,1,711441,40,249090,1
35163.681,2,711441,40,249090,1
35163.887,1,711590,40,249090,1
35163.89,2,711590,40,249090,1
35164.095,1,711726,40,249090,1
35164.101,2,711726,40,249090,1
35164.305,1,711912,40,249090,1
35164.319,2,711912,40,249090,1
35164.514,1,712050,40,249090,1
35164.521,2,712050,40,249090,1
35164.726,1,712191,40,249090,1
35164.731,2,712191,40,249090,1
35164.936,1,712340,40,249090,1
35164.941,2,712340,40,249090,1
35165.144,1,712480,40,249090,1
35165.145,2,712480,40,249090,1
35165.353,1,712625,40,249090,1
35165.354,2,712625,40,249090,1
35165.428,2,710204,1000,249400,-1
35165.508,2,690876,1000,248500,1
35165.567,1,712785,40,249090,1
35165.571,2,712785,40,249090,1
35165.766,1,712957,40,249090,1
35165.771,2,712957,40,249090,1
35165.975,1,713122,40,249090,1
35165.98,2,713122,40,249090,1
35166.183,1,713278,40,249090,1
35166.184,2,713278,40,249090,1
35166.392,1,713480,40,249090,1
35166.395,2,713480,40,249090,1
35166.595,1,713649,40,249090,1
35166.602,2,713649,40,249090,1
35166.797,1,713816,40,249090,1
35166.809,2,713816,40,249090,1
35167.001,1,713966,40,249090,1
35167.33,5,712201,500,249240,-1
35167.477,5,710904,500,249260,-1
35167.617,5,710904,500,249260,-1
35167.757,4,691682,100,249290,-1
35168.472,2,705337,500,249800,-1
35168.673,1,715017,890,249200,-1
35168.891,2,711113,100,249030,1
35169.006,2,713966,40,249090,1
35169.216,1,715333,1000,248710,1
35169.239,5,715328,600,249170,-1
35169.239,5,715347,10,249180,-1
35169.363,1,715448,500,249300,-1
35169.537,1,715530,400,249000,1
35169.603,4,715530,400,249000,1
35169.603,5,714247,600,249000,1
35170.733,1,716444,500,248820,1
35170.841,1,716541,100,249100,-1
35171.84,1,717118,100,249100,-1
35172.498,1,717569,100,249200,-1
35172.866,1,717793,1000,249800,-1
35173.332,2,694504,100,248700,1
35174.368,5,716557,190,249080,-1
35174.368,4,716541,100,249100,-1
35174.368,4,717118,100,249100,-1
35174.368,1,718695,210,249100,1
35175.947,4,718695,210,249100,1
35175.971,2,715017,890,249200,-1
35176.523,1,720036,700,249100,-1
35176.774,2,716444,500,248820,1
35180.056,2,715333,1000,248710,1
35180.091,1,721867,3000,248100,1
35180.777,5,716453,100,248870,1
35181.185,1,722494,1000,248110,1
35181.963,1,722871,890,249000,-1
35182.87,2,721867,3000,248100,1
35183.38,1,723532,500,249000,-1
35184.185,1,724022,1000,248990,-1
35186.884,2,723532,500,249000,-1
35187.273,2,575766,1000,247800,1
35187.854,2,724022,1000,248990,-1
35187.983,1,726753,200,249590,-1
35188.365,1,727039,500,248620,1
35189.366,1,727856,900,248400,1
35189.709,1,728249,100,248800,1
35190.751,1,729382,100,248900,1
35192.175,2,722871,890,249000,-1
35192.733,2,617381,200,250000,-1
35193.148,1,731559,200,252000,-1
35193.753,5,730831,700,248970,-1
35196.145,2,717569,100,249200,-1
35196.985,1,734438,288,249000,1
35196.999,1,734445,1000,248990,1
35197.029,4,734438,288,249000,1
35197.029,5,734463,912,249000,1
35197.283,5,734463,88,249000,1
35197.283,4,734445,912,248990,1
35197.607,5,734656,100,249000,1
35197.633,5,734656,88,249000,1
35197.738,5,734656,88,249000,1
35198.186,5,734656,324,249000,1
35198.186,4,734445,76,248990,1
35198.659,2,720036,700,249100,-1
35199.199,1,736158,1000,249290,-1
35199.527,4,734445,12,248990,1
35199.527,5,733930,48,248930,1
35199.981,5,733930,152,248930,1
35199.981,5,736406,200,248920,1
35199.981,4,729382,100,248900,1
35200.986,2,727039,500,248620,1
35201.45,4,728249,100,248800,1
35201.474,1,737836,500,248500,1
35201.48,2,722494,1000,248110,1
35201.513,1,737876,1000,248510,1
35202.841,2,737876,1000,248510,1
35202.923,2,737836,500,248500,1
35203.324,2,727856,900,248400,1
35204.305,1,739844,1000,248110,1
35205.139,1,740438,1000,248700,-1
35206.857,2,715448,500,249300,-1
35206.899,1,741774,800,249000,-1
35207.436,5,740451,200,248650,-1
35207.436,4,740438,800,248700,-1
35207.638,2,653466,200,249500,-1
35208.002,1,742473,300,248600,1
35208.054,2,198994,200,222000,1
35208.058,1,742510,200,249200,-1
35208.391,1,742725,200,240000,1
35208.611,4,740438,100,248700,-1
35210.683,2,629116,400,245000,1
35211.215,1,744589,100,248700,-1
35212.776,1,745793,400,248500,1
35212.816,2,742473,300,248600,1
35214.221,2,630471,300,251300,-1
35214.226,1,747305,200,250300,-1
35214.349,1,747433,700,248700,-1
35214.841,2,744589,100,248700,-1
35214.928,2,634582,2500,249900,-1
35218.204,5,745669,500,248660,-1
35218.204,5,746610,200,248670,-1
35218.204,5,747211,300,248680,-1
35218.22,5,747211,200,248680,-1
35218.22,5,747618,500,248680,-1
35218.847,4,740438,100,248700,-1
35218.847,4,747433,700,248700,-1
35218.847,5,745418,500,248700,-1
35218.847,5,745465,300,248700,-1
35218.885,2,736158,1000,249290,-1
35218.919,1,751346,500,249000,-1
35218.92,1,751347,1000,248990,-1
35219.381,2,670078,200,249800,-1
35219.614,1,752005,100,249700,-1
35219.714,2,751346,500,249000,-1
35219.799,2,585795,200,246100,1
35219.809,1,752146,200,244100,1
35220.059,4,745793,86,248500,1
35220.64,1,752861,500,248620,1
35221.637,5,752910,200,248640,1
35221.637,4,752861,200,248620,1
35222.183,2,752861,300,248620,1
35222.59,1,754508,400,248600,1
35224.17,2,754508,400,248600,1
35224.244,1,755742,500,249600,-1
35226.052,1,757043,500,248600,1
35226.308,5,755609,368,248630,1
35226.953,1,757760,3000,249000,-1
35228.489,2,741774,800,249000,-1
35228.929,2,757760,3000,249000,-1
35229.326,2,751347,1000,248990,-1
35229.351,1,759670,3000,249200,-1
35230.984,1,760756,500,248700,1
35231.184,1,760872,800,249190,-1
35231.783,2,757043,500,248600,1
35231.786,1,761213,500,248700,1
35233.205,1,762061,368,248900,-1
35233.762,2,761213,500,248700,1
35233.764,1,762360,500,248800,1
35233.796,2,760756,500,248700,1
35233.981,4,762360,500,248800,1
35234.004,1,762471,500,248500,1
35234.01,2,739844,1000,248110,1
35234.171,1,762536,1000,248510,1
35234.29,5,762119,310,248870,-1
35235.26,2,762536,1000,248510,1
35235.401,5,763311,500,248800,1
35235.875,2,759670,3000,249200,-1
35236.095,2,762471,500,248500,1
35236.962,1,764230,40,248700,1
35237.454,2,764230,40,248700,1
35237.457,1,764473,40,248600,1
35238.308,5,764890,500,248760,-1
35238.308,5,764899,400,248760,-1
35238.371,5,764899,100,248760,-1
35239.007,4,764473,40,248600,1
35239.325,2,760872,800,249190,-1
35240.961,1,766314,700,248300,1
35241.011,1,766337,1000,246000,1
35241.189,1,766429,1000,248890,-1
35241.275,2,766429,1000,248890,-1
35242.16,2,766314,700,248300,1
35242.587,1,767346,800,249000,-1
35243.092,1,767635,5000,248600,1
35243.405,2,752005,100,249700,-1
35244.118,1,768140,200,248600,1
35244.689,1,768605,100,249000,-1
35244.767,2,762061,368,248900,-1
35245.185,1,768994,1000,248990,-1
35245.209,5,766242,500,248700,-1
35245.594,1,769312,868,248800,-1
35245.971,5,768460,200,248700,-1
35246.135,5,769323,1000,248770,-1
35246.179,2,768994,1000,248990,-1
35246.21,5,769813,290,248770,-1
35246.21,5,769321,200,248780,-1
35246.21,4,769312,410,248800,-1
35246.682,2,769312,458,248800,-1
35247.723,2,767346,800,249000,-1
35248.872,1,771519,458,248900,-1
35250.389,5,771370,500,248710,1
35250.389,5,771393,300,248710,1
35250.725,2,768140,200,248600,1
35251.538,1,772745,500,249300,-1
35252.401,5,771154,100,248700,1
35253.089,1,773510,800,249100,-1
35253.245,1,773591,100,248790,1
35253.246,2,773591,100,248790,1
35253.246,5,773136,200,248620,1
35253.246,4,767635,3000,248600,1
35253.457,1,773697,100,248790,1
35253.458,2,773697,100,248790,1
35253.876,1,773917,100,248690,1
35253.878,2,773917,100,248690,1
35254.285,1,774100,100,248690,1
35254.287,2,774100,100,248690,1
35254.491,1,774196,100,248690,1
35254.495,2,774196,100,248690,1
35254.706,1,774309,100,248690,1
35254.708,2,774309,100,248690,1
35255.123,1,774487,100,248690,1
35255.125,2,774487,100,248690,1
35255.2,1,774521,1,248610,-1
35255.266,1,774547,890,248700,-1
35255.335,4,774521,1,248610,-1
35255.335,5,774534,99,248680,-1
35255.491,4,767635,1000,248600,1
35256.638,4,767635,500,248600,1
35256.667,4,767635,500,248600,1
35256.696,2,774547,890,248700,-1
35256.72,1,775202,500,248900,-1
35256.923,2,771519,458,248900,-1
35257.013,1,775325,500,248600,-1
35257.252,5,775190,800,248530,1
35257.252,4,745793,200,248500,1
35259.717,4,775325,100,248600,-1
35259.816,1,776845,100,248600,-1
35260.32,4,775325,400,248600,-1
35260.32,4,776845,100,248600,-1
35260.32,5,775178,500,248600,-1
35260.621,1,777211,500,248600,-1
35261.042,2,777211,500,248600,-1
35261.397,1,777504,1000,248600,1
35261.417,2,775202,500,248900,-1
35262.188,1,777837,1000,248990,-1
35262.28,1,777868,458,248800,-1
35263.52,1,778412,2000,248600,1
35265.584,2,777504,1000,248600,1
35266.826,2,777837,1000,248990,-1
35266.939,1,780617,900,248300,1
35268.046,1,781225,500,248700,-1
35268.966,5,778328,500,248640,1
35268.966,5,780434,200,248630,1
35268.966,5,781169,300,248610,1
35268.966,4,778412,1988,248600,1
35269.372,4,781225,100,248700,-1
35269.412,4,781225,200,248700,-1
35270.12,2,781225,200,248700,-1
35270.133,5,781947,500,248700,-1
35271.243,2,772745,500,249300,-1
35271.709,1,783723,200,248000,1
35273.12,1,784520,100,248700,1
35273.64,2,777868,458,248800,-1
35274.861,5,784189,100,248730,1
35277.127,4,784520,100,248700,1
35277.127,4,778412,12,248600,1
35279.591,1,787657,200,249700,-1
35280.895,2,780617,900,248300,1
35281.064,4,745793,114,248500,1
35281.094,1,788519,500,248200,1
35281.183,1,788585,1000,248210,1
35281.294,1,788646,58,248700,-1
35282.529,2,788519,500,248200,1
35282.839,2,788585,1000,248210,1
35283.062,1,789623,1000,248110,1
35283.756,1,789982,1000,247600,1
35284.295,1,790287,1100,248100,1
35285.29,5,790425,100,248500,1
35287.248,2,790287,1100,248100,1
35287.993,1,792464,1000,248400,1
35288.96,1,792939,1000,247700,1
35290.723,1,793797,500,249000,-1
35290.755,2,788646,58,248700,-1
35291.579,5,792809,58,248430,1
35291.697,5,792809,342,248430,1
35291.697,4,792464,58,248400,1
35292.212,1,794411,1000,248990,-1
35292.233,2,792464,942,248400,1
35292.236,1,794419,942,248500,1
35297.498,1,797134,400,248700,-1
35297.595,4,794419,942,248500,1
35298.059,2,673337,200,247800,1
35298.062,1,797538,200,247300,1
35299.535,2,793797,500,249000,-1
35299.79,2,794411,1000,248990,-1
35299.825,1,798426,1000,248690,-1
35302.251,1,799526,100,250900,-1
35303.52,1,800141,400,248400,1
35304.168,1,800432,100,248400,1
35304.369,2,798426,1000,248690,-1
35304.555,2,800141,400,248400,1
35306.253,5,800320,22,248430,1
35306.629,1,802229,900,248800,-1
35306.642,2,773510,800,249100,-1
35307.321,4,800432,100,248400,1
35309.667,1,805073,1200,253000,-1
35312.161,1,807045,100,248400,1
35312.787,4,807045,100,248400,1
35314.897,1,809255,100,248400,1
35315.093,4,809255,100,248400,1
35316.183,1,810206,1000,248690,-1
35316.769,2,789623,1000,248110,1
35317.352,5,798342,500,248300,1
35317.746,1,811169,500,248400,-1
35318.507,1,811742,500,248100,1
35319.656,4,693860,900,248100,1
35319.669,4,693860,100,248100,1
35320.131,4,693860,300,248100,1
35320.134,2,810206,1000,248690,-1
35320.139,4,693860,700,248100,1
35320.139,4,811742,100,248100,1
35321.012,4,811742,100,248100,1
35321.182,1,813230,1000,248390,-1
35321.715,4,811742,101,248100,1
35322.05,4,811742,199,248100,1
35326.195,1,815959,100,248100,-1
35327.031,5,813810,778,248030,1
35327.031,4,783723,23,248000,1
35327.504,1,816639,100,248600,-1
35329.387,2,811169,500,248400,-1
35332.089,4,783723,177,248000,1
35332.089,1,818705,23,247990,-1
35332.183,1,818758,1000,247710,1
35336.747,2,818705,23,247990,-1
35337.59,2,818758,1000,247710,1
35338.864,5,820051,200,247940,1
35339.229,2,813230,1000,248390,-1
35339.302,1,821556,500,248100,-1
35341.186,1,822422,1000,248090,-1
35341.38,5,820051,100,247940,1
35344.599,2,797538,200,247300,1
35344.605,1,824034,200,246900,1
35346.789,1,825182,2000,236100,1
35349.018,2,821556,500,248100,-1
35350.866,1,827200,500,247800,-1
35352.137,1,827879,2,247900,-1
35353.029,4,827200,500,247800,-1
35353.103,1,828441,500,247800,-1
35354.178,2,827879,2,247900,-1
35354.185,2,216015,1000,241000,1
35354.546,4,828441,500,247800,-1
35354.629,1,829621,500,247800,-1
35354.651,1,829645,500,246800,1
35354.876,1,829844,800,247500,1
35355.295,4,829621,100,247800,-1
35355.377,1,830263,100,247800,-1
35357.062,2,815959,100,248100,-1
35357.62,4,829621,400,247800,-1
35357.62,4,830263,100,247800,-1
35357.62,5,827216,1400,247800,-1
35357.777,2,797134,400,248700,-1
35359.496,2,650756,1000,249900,-1
35359.662,2,383124,1000,245300,1
35359.757,1,833038,1000,249500,-1
35360.241,2,822422,1000,248090,-1
35360.383,1,833341,1000,248590,-1
35363.449,2,409930,500,244900,1
35367.63,2,829645,500,246800,1
35368.068,2,768605,100,249000,-1
35368.323,5,837181,300,248000,-1
35368.491,1,837781,100,248500,-1
35368.529,2,833341,1000,248590,-1
35368.574,1,837835,1000,248490,-1
35369.912,1,838488,320,248590,-1
35372.693,1,839733,500,249000,-1
35372.805,2,30657,350,241000,1
35374.73,5,840685,200,247840,1
35375.194,5,840685,10,247840,1
35375.194,5,839564,350,247750,1
35375.194,4,792939,640,247700,1
35375.207,4,792939,300,247700,1
35375.295,4,792939,60,247700,1
35375.523,4,789982,40,247600,1
35376.035,5,841199,200,247850,-1
35376.649,1,841733,1000,247300,1
35376.649,2,829844,800,247500,1
35376.663,1,841742,1000,248000,-1
35376.778,1,841835,1000,238000,1
35377.055,4,789982,960,247600,1
35377.184,1,842030,1000,247310,1
35377.678,2,837835,1000,248490,-1
35377.714,1,842300,1000,247990,-1
35378.8,1,842838,500,248000,-1
35379.357,1,843097,100,247700,-1
35380.335,2,841733,1000,247300,1
35381.381,2,842838,500,248000,-1
35382.139,5,843105,200,247680,-1
35382.139,4,843097,100,247700,-1
35382.139,5,842916,700,247700,-1
35382.966,1,845177,400,247600,1
35383.056,2,842300,1000,247990,-1
35383.821,1,845635,800,247300,1
35384.056,5,845182,200,247620,1
35384.056,4,845177,400,247600,1
35384.056,5,842042,100,247600,1
35384.225,1,845919,1000,246800,1
35384.4,1,846065,196,203900,1
35385.443,2,838488,320,248590,-1
35388.214,1,847728,500,247400,1
35388.259,2,842030,1000,247310,1
35388.713,2,847728,500,247400,1
35390.183,1,848573,1000,247310,1
35390.195,1,848574,1000,249000,-1
35390.787,1,848793,1500,247600,1
35391.015,4,848793,800,247600,1
35392.168,5,848917,500,247640,1
35392.168,5,849029,400,247620,1
35392.191,1,849367,1000,247990,-1
35392.588,2,845635,800,247300,1
35393.673,4,848793,700,247600,1
35393.826,1,850368,320,248600,-1
35396.883,1,851895,400,247600,-1
35397.717,2,848573,1000,247310,1
35397.762,1,852290,1000,247010,1
35398.275,5,851918,500,247560,-1
35398.275,4,851895,400,247600,-1
35398.959,1,852829,1000,246000,1
35399.762,1,853134,800,247300,1
35399.79,2,852290,1000,247010,1
35399.828,1,853168,1000,247310,1
35400.945,1,853664,1000,247600,1
35401.517,4,853664,700,247600,1
35401.682,1,853946,100,247640,1
35402.251,2,853664,300,247600,1
35402.253,1,854165,300,247700,1
35402.375,4,854165,300,247700,1
35402.375,5,854147,200,247690,1
35402.4,2,849367,1000,247990,-1
35402.667,1,854350,100,248000,-1
35403.553,1,854633,500,247600,1
35405.129,1,855159,1000,247700,1
35405.893,2,855159,1000,247700,1
35405.933,2,854350,100,248000,-1
35406.213,2,850368,320,248600,-1
35406.375,1,855662,800,247600,1
35406.876,2,854633,500,247600,1
35408.678,2,802229,900,248800,-1
35408.68,1,856948,700,248200,-1
35409.24,2,582219,200,247000,1
35409.508,1,857445,200,247600,1
35409.684,2,856948,700,248200,-1
35412.589,1,859013,1000,249800,-1
35415.608,1,860773,500,247720,1
35417.118,1,861373,100,247800,1
35418.047,2,860773,500,247720,1
35418.619,2,853946,100,247640,1
35418.649,5,860004,450,247950,-1
35418.649,4,841742,50,248000,-1
35418.661,4,841742,400,248000,-1
35419.247,2,853134,800,247300,1
35419.248,1,862100,700,247600,1
35419.694,5,861933,100,247900,-1
35420.574,5,861933,100,247900,-1
35420.574,5,862614,100,247900,-1
35420.574,4,841742,550,248000,-1
35420.627,1,862732,500,248500,-1
35420.946,2,862732,500,248500,-1
35421.524,1,863212,1000,247990,1
35421.526,2,863212,1000,247990,1
35421.733,1,863367,1000,247990,1
35421.735,2,863367,1000,247990,1
35421.942,1,863499,1000,247990,1
35421.944,2,863499,1000,247990,1
35422.15,1,863672,1000,247990,1
35422.154,2,863672,1000,247990,1
35422.183,1,863701,1000,248490,-1
35422.358,1,863827,1000,247990,1
35422.365,2,863827,1000,247990,1
35423.556,1,864506,1000,248500,-1
35423.898,2,853168,1000,247310,1
35423.928,2,863701,1000,248490,-1
35423.959,1,864722,1000,247810,1
35423.986,1,864737,500,248490,-1
35424.133,2,864722,1000,247810,1
35424.306,2,864737,500,248490,-1
35424.481,1,864956,1000,248490,-1
35424.668,1,865057,500,247800,1
35424.868,2,864956,1000,248490,-1
35424.877,2,865057,500,247800,1
35425.027,1,865256,700,248490,-1
35425.184,1,865327,1000,247810,1
35425.233,2,865327,1000,247810,1
35425.769,2,861373,100,247800,1
35426.008,2,865256,700,248490,-1
35426.234,1,865688,1000,248490,-1
35426.324,5,865235,100,248190,-1
35427.026,2,864506,1000,248500,-1
35427.183,1,865906,1000,247610,1
35427.232,2,865688,1000,248490,-1
35427.636,1,866122,700,248490,-1
35427.929,2,866122,700,248490,-1
35428.011,1,866294,2000,248100,1
35428.091,1,866326,1000,248490,-1
35432.021,2,866326,1000,248490,-1
35432.714,2,866294,2000,248100,1
35432.715,1,868224,2000,248200,1
35433.363,1,868616,1000,248000,1
35434.108,2,855662,800,247600,1
35435.971,1,869921,150,248290,1
35436.699,5,868552,200,248300,1
35436.699,5,870237,500,248300,1
35436.699,4,869921,150,248290,1
35437.466,2,868224,2000,248200,1
35437.468,1,870497,2000,248300,1
35440.287,4,870497,500,248300,1
35441.377,1,872021,300,248500,-1
35441.631,1,872128,100,248300,1
35442.16,4,870497,500,248300,1
35442.582,4,870497,400,248300,1
35443.114,4,870497,500,248300,1
35443.339,1,872749,890,248500,-1
35443.705,1,872894,1300,248800,-1
35443.828,5,867929,100,248470,-1
35444.305,5,867929,500,248470,-1
35444.334,5,867929,400,248470,-1
35444.334,5,870870,100,248480,-1
35444.733,2,870497,100,248300,1
35444.735,1,873333,100,248400,1
35445.503,2,872749,890,248500,-1
35446.043,4,837781,100,248500,-1
35446.043,4,872021,200,248500,-1
35446.236,4,872021,100,248500,-1
35446.236,5,873199,100,248500,-1
35447.088,2,872894,1300,248800,-1
35447.799,2,873333,100,248400,1
35447.802,5,873843,100,248490,-1
35447.859,1,874309,900,248800,-1
35449.596,2,872128,100,248300,1
35449.637,2,865906,1000,247610,1
35449.682,1,875135,1000,248010,1
35450.229,1,875337,100,248500,-1
35450.361,2,874309,900,248800,-1
35451.243,1,875716,890,248600,-1
35452.578,5,875350,100,248480,-1
35454.275,2,868616,1000,248000,1
