34200.572,1,121633,200,185000,1
34202.988,1,123189,100,208470,-1
34203.157,2,123189,100,208470,-1
34204.626,1,124199,100,208300,1
34204.762,5,124209,100,208350,1
34205.454,1,124658,100,208700,-1
34205.96,5,124209,400,208350,1
34205.96,4,124199,100,208300,1
34206.026,1,124975,300,207710,1
34206.084,1,125011,147,208500,1
34207.073,4,125011,147,208500,1
34207.686,1,125937,100,208500,-1
34208.581,2,124975,300,207710,1
34209.421,1,126917,400,208600,-1
34209.542,1,126981,2000,120000,1
34209.651,1,127047,100,207710,1
34209.855,2,127047,100,207710,1
34209.995,1,127200,1000,208500,-1
34210.401,2,125937,100,208500,-1
34210.443,2,124658,100,208700,-1
34210.476,1,127434,300,208000,-1
34211.061,1,127743,600,207710,1
34211.304,1,127863,100,208500,-1
34211.312,2,127434,300,208000,-1
34212.811,1,128759,200,208490,-1
34213.224,2,127743,600,207710,1
34213.301,1,128940,900,207710,1
34215.591,2,127863,100,208500,-1
34215.835,2,128940,900,207710,1
34215.875,1,130198,400,207720,1
34216.737,1,130566,1000,208000,1
34216.831,2,130198,400,207720,1
34217.031,2,128759,200,208490,-1
34217.655,1,131022,1000,208490,-1
34218.966,2,130566,1000,208000,1
34219.074,1,131718,300,208200,-1
34219.141,1,131737,400,207710,1
34220.201,2,131737,400,207710,1
34220.265,1,132319,1000,207720,1
34221.044,1,132769,217,208100,-1
34225.269,2,112129,4844,208800,-1
34226.509,4,132769,100,208100,-1
34227.027,4,132769,117,208100,-1
34227.14,2,132319,1000,207720,1
34227.25,1,135529,600,207710,1
34227.911,2,127200,1000,208500,-1
34227.933,2,131022,1000,208490,-1
34228.015,2,135529,600,207710,1
34228.131,1,135997,300,207710,1
34228.671,2,135997,300,207710,1
34228.805,1,136297,1000,207720,1
34228.912,2,131718,300,208200,-1
34229.385,2,136297,1000,207720,1
34229.515,1,136621,900,207710,1
34230.62,2,136621,900,207710,1
34230.625,1,137020,100,208500,-1
34230.656,1,137036,300,207720,1
34231.33,2,137036,300,207720,1
34231.501,1,137368,800,207730,1
34232.392,5,136683,200,208350,-1
34232.403,5,136683,300,208350,-1
34232.495,2,137368,800,207730,1
34232.531,1,137751,400,207740,1
34234.14,2,126917,400,208600,-1
34234.592,1,138510,600,208390,1
34234.715,2,137751,400,207740,1
34235.801,4,137020,100,208500,-1
34236.067,1,139063,1000,209490,-1
34236.215,1,139111,1300,208200,1
34237.005,1,139439,500,209500,-1
34237.47,2,139439,500,209500,-1
34237.589,2,138510,600,208390,1
34237.726,1,139749,600,208400,1
34238.233,5,139849,368,208520,1
34243.56,1,142282,100,208790,-1
34243.929,5,139994,300,208710,1
34244.21,2,139063,1000,209490,-1
34244.315,1,142609,300,208780,-1
34244.335,2,142609,300,208780,-1
34247.191,1,143937,1000,208780,-1
34247.355,2,143937,1000,208780,-1
34247.44,1,144066,500,208780,-1
34247.67,2,144066,500,208780,-1
34247.725,1,144250,1000,208770,-1
34247.755,1,144261,40,208410,-1
34249.035,4,139749,62,208400,1
34249.223,4,139749,100,208400,1
34250.25,2,144250,1000,208770,-1
34250.26,4,144261,40,208410,-1
34250.391,1,145861,400,208780,-1
34250.581,1,145983,1000,208500,-1
34250.635,2,145861,400,208780,-1
34250.969,4,145983,200,208500,-1
34251.58,4,139749,100,208400,1
34252.016,5,146222,368,208480,-1
34252.016,4,145983,732,208500,-1
34252.234,4,145983,68,208500,-1
34252.325,1,147012,1000,208780,-1
34252.335,1,147023,400,208500,-1
34252.39,4,147023,400,208500,-1
34252.39,5,147032,532,208500,-1
34252.594,4,139749,258,208400,1
34252.681,1,147254,400,208500,-1
34253.55,2,147254,400,208500,-1
34253.861,2,147012,1000,208780,-1
34254.031,2,142282,100,208790,-1
34254.095,1,148257,1000,209490,-1
34254.975,1,148790,500,208490,1
34257.979,2,148790,500,208490,1
34260.654,1,152236,100,209300,-1
34260.73,2,148257,1000,209490,-1
34260.83,1,152421,1000,209290,-1
34261.029,5,151825,200,208520,1
34261.391,4,139749,80,208400,1
34261.391,1,152954,137,208400,-1
34261.531,5,153020,47,208320,1
34263.482,1,154738,200,208390,-1
34264.57,4,139111,368,208200,1
34271.709,4,139111,932,208200,1
34271.795,1,160368,700,207710,1
34271.815,1,160388,500,207700,1
34272.668,1,161191,572,177400,1
34272.76,2,160368,700,207710,1
34272.88,5,156707,500,208300,-1
34272.88,5,154978,247,208380,-1
34272.88,4,154738,200,208390,-1
34272.88,5,157735,100,208390,-1
34272.88,4,152954,137,208400,-1
34272.912,1,161378,65,208400,1
34272.915,1,161379,1000,207710,1
34272.977,1,161432,500,209300,-1
34273.376,1,161766,16,208400,1
34275.344,2,161379,1000,207710,1
34275.882,2,161378,65,208400,1
34276.347,2,161766,16,208400,1
34276.391,1,164014,900,207710,1
34276.404,2,160388,500,207700,1
34276.434,1,164042,500,207800,1
34276.514,2,164014,900,207710,1
34276.661,1,164166,900,207810,1
34276.905,2,164166,900,207810,1
34276.984,1,164379,500,207820,1
34277.049,2,164042,500,207800,1
34279.09,2,164379,500,207820,1
34279.185,1,165917,800,207710,1
34280.122,1,166661,300,208500,-1
34280.29,2,161432,500,209300,-1
34280.298,1,166751,500,208500,-1
34280.525,2,166661,300,208500,-1
34280.603,5,164179,100,208300,1
34280.957,2,6062,1000,205500,1
34281.219,2,166751,500,208500,-1
34281.335,1,167438,500,209300,-1
34281.458,1,167521,85,177600,1
34281.642,2,167438,500,209300,-1
34281.973,1,167906,72,208300,-1
34282.284,1,168079,1000,209000,-1
34283.37,2,165917,800,207710,1
34283.55,1,168626,400,207710,1
34283.72,4,167906,72,208300,-1
34283.72,1,168710,9,208400,1
34283.781,2,152421,1000,209290,-1
34283.935,1,168822,1000,208990,-1
34284.165,1,168938,300,208500,-1
34286.734,2,168710,9,208400,1
34287.228,5,170373,9,208390,-1
34287.79,2,168626,400,207710,1
34287.83,1,170775,1000,207720,1
34293.082,2,168938,300,208500,-1
34294.014,2,112689,500,203100,1
34294.022,1,174073,500,205100,1
34294.724,1,174448,1000,208300,1
34294.765,2,168822,1000,208990,-1
34294.881,1,174533,700,208980,-1
34295.075,2,174533,700,208980,-1
34295.11,1,174640,1000,208970,-1
34295.31,2,174640,1000,208970,-1
34295.404,1,174787,700,208990,-1
34296.018,2,174787,700,208990,-1
34296.044,1,175108,1000,208980,-1
34299.866,2,174448,1000,208300,1
34300.99,2,170775,1000,207720,1
34301.014,1,177827,600,207730,1
34302.17,2,177827,600,207730,1
34302.245,1,178412,1000,207740,1
34302.405,2,178412,1000,207740,1
34302.54,1,178571,1000,207750,1
34302.569,1,178591,184,209000,-1
34304.273,2,152236,100,209300,-1
34304.515,2,178571,1000,207750,1
34304.546,1,179610,500,207760,1
34305.042,5,179486,100,208400,-1
34305.26,2,179610,500,207760,1
34305.371,1,180027,900,207770,1
34306.564,1,180704,1000,208300,-1
34306.781,1,180817,500,207800,1
34306.95,2,180027,900,207770,1
34306.981,1,180887,900,207810,1
34307.756,4,180704,200,208300,-1
34308.104,2,180887,900,207810,1
34308.35,1,181535,600,207810,1
34308.732,2,181535,600,207810,1
34308.93,1,181797,1000,207810,1
34310.559,2,181797,1000,207810,1
34310.855,1,182946,1000,207810,1
34311.644,1,183397,1000,208200,-1
34312.634,2,180704,800,208300,-1
34312.67,2,182946,1000,207810,1
34312.719,2,180817,500,207800,1
34312.87,4,183397,1000,208200,-1
34312.87,5,183869,500,208200,-1
34312.87,5,183888,500,208200,-1
34312.931,1,184042,400,207710,1
34313.135,2,184042,400,207710,1
34313.23,1,184235,1000,207710,1
34313.234,1,184243,500,209000,-1
34313.536,2,184235,1000,207710,1
34313.595,1,184407,400,207710,1
34314.135,5,184522,500,208250,-1
34317.109,2,178591,184,209000,-1
34317.73,2,184407,400,207710,1
34317.764,1,186803,1000,207720,1
34317.934,2,186803,1000,207720,1
34318.11,1,187052,400,207710,1
34318.285,1,187171,300,208100,-1
34319.37,2,187052,400,207710,1
34319.646,2,187171,300,208100,-1
34319.771,1,188183,47,207800,-1
34319.781,4,188183,47,207800,-1
34319.877,2,184243,500,209000,-1
34319.997,1,188372,500,209000,-1
34320.915,2,188372,500,209000,-1
34321.045,1,189275,217,208000,-1
34322.84,5,190016,500,207820,1
34324.328,5,189306,200,207720,1
34324.852,1,192131,700,207710,-1
34324.868,4,80313,200,207700,1
34325.224,5,192146,200,207550,1
34325.599,5,191814,200,207540,1
34325.633,5,191814,300,207540,1
34325.633,5,192704,300,207520,1
34325.787,5,192704,60,207520,1
34325.787,5,192712,400,207510,1
34325.787,4,107485,140,207500,1
34325.882,5,192927,200,207510,1
34325.98,4,107485,60,207500,1
34326.045,1,193105,1000,207010,1
34326.081,1,193129,1000,206000,1
34326.331,1,193347,48,207600,-1
34326.79,2,175108,1000,208980,-1
34327.375,2,193105,1000,207010,1
34327.724,2,193347,48,207600,-1
34327.763,5,194340,500,207290,-1
34327.852,2,192131,700,207710,-1
34327.967,1,194517,200,207400,-1
34328.001,1,194554,1000,207990,-1
34328.135,2,194517,200,207400,-1
34328.714,5,194649,153,207030,1
34328.714,4,62287,100,207000,1
34328.714,4,83257,100,207000,1
34328.844,1,195047,1000,206510,1
34329.171,1,195227,300,207100,-1
34329.401,4,195227,200,207100,-1
34329.495,1,195410,48,206800,-1
34329.53,4,195410,48,206800,-1
34339.604,2,195047,1000,206510,1
34339.641,1,201304,600,206520,1
34340.857,1,201993,1200,206900,1
34340.915,4,201993,26,206900,1
34340.925,2,201304,600,206520,1
34341.237,2,195227,100,207100,-1
34341.614,1,202443,219,207000,-1
34341.684,4,202443,219,207000,-1
34345.403,2,189275,217,208000,-1
34347.118,1,205853,160,209000,-1
34349.692,1,207167,200,206900,1
34349.949,2,194554,1000,207990,-1
34349.984,1,207295,700,207980,-1
34352.26,2,207295,700,207980,-1
34352.32,1,208261,1000,207970,-1
34352.362,1,208285,500,208000,-1
34352.438,2,92962,200,215000,-1
34352.464,2,208261,1000,207970,-1
34352.499,1,208347,800,207960,-1
34352.523,2,208285,500,208000,-1
34352.529,1,208381,100,207600,-1
34352.61,2,208347,800,207960,-1
34352.644,1,208448,500,207590,-1
34353.599,2,208448,500,207590,-1
34353.794,1,208971,200,207590,-1
34355.055,2,207167,200,206900,1
34358.974,2,208971,200,207590,-1
34359.243,5,194691,200,207250,-1
34359.77,1,211942,200,207590,-1
34359.874,2,211942,200,207590,-1
34360.16,5,211963,200,207350,-1
34360.52,1,212245,400,207400,-1
34360.819,1,212353,100,207000,1
34361.063,4,212245,100,207400,-1
34361.071,2,212245,300,207400,-1
34361.624,2,201993,1174,206900,1
34363.639,2,40084,300,211400,-1
34363.648,1,213595,500,211400,-1
34365.394,1,214389,400,207400,-1
34365.677,1,214525,500,206000,1
34366.435,1,214823,100,207500,-1
34366.74,1,214979,2000,207100,1
34366.911,1,215040,1000,207000,1
34367.663,1,215443,500,207100,1
34367.738,5,214455,500,207280,-1
34367.738,5,212757,300,207350,-1
34367.738,5,213341,200,207390,-1
34369.129,2,99354,250,205000,1
34369.61,1,216416,500,207400,-1
34369.673,1,216451,250,200000,1
34369.683,1,216456,3000,207300,1
34369.687,2,214823,100,207500,-1
34369.911,2,215443,500,207100,1
34370.469,2,212353,100,207000,1
34371.583,4,214389,400,207400,-1
34371.583,4,216416,100,207400,-1
34371.669,1,217428,400,207400,-1
34371.944,1,217583,500,200800,1
34372.59,4,216456,400,207300,1
34372.61,4,216456,100,207300,1
34372.874,2,217428,400,207400,-1
34374.34,1,218845,700,207300,1
34374.37,5,218828,200,207350,1
34374.581,2,214979,2000,207100,1
34374.587,2,216456,2500,207300,1
34374.685,4,216416,400,207400,-1
34375.58,4,218845,700,207300,1
34376.093,2,208381,100,207600,-1
34376.174,1,219698,1000,208400,-1
34377.433,5,220159,200,207290,-1
34377.433,1,220217,75,207390,1
34377.442,4,220217,75,207390,1
34378.33,1,220574,1000,207200,1
34380.516,1,221644,1000,207000,1
34381.867,1,222370,500,208400,-1
34382.51,1,222724,1000,206800,1
34382.623,2,222370,500,208400,-1
34384.524,5,223386,500,207220,1
34384.524,5,221073,500,207210,1
34384.537,4,220574,1000,207200,1
34385.049,1,223944,1000,206600,1
34387.204,2,215040,1000,207000,1
34387.735,1,225140,2180,207200,1
34387.742,1,225147,300,207300,-1
34387.753,4,225140,2180,207200,1
34394.73,1,228981,500,203000,1
34397.282,5,225785,200,207290,-1
34397.282,4,225147,200,207300,-1
34399.156,2,225147,100,207300,-1
34401.234,1,232138,100,207400,-1
34401.377,1,232244,500,207000,1
34401.563,1,232351,1200,207200,1
34402.374,5,232669,300,207250,1
34402.374,5,231109,300,207210,1
34403.244,5,231109,200,207210,1
34403.244,5,231148,500,207210,1
34403.244,4,232351,400,207200,1
34403.37,4,232351,100,207200,1
34403.601,4,232138,100,207400,-1
34406.815,2,68471,5000,212100,-1
34407.104,2,232351,700,207200,1
34407.182,1,235916,5275,212100,-1
34407.261,1,235968,500,207100,1
34407.609,5,236020,200,207510,1
34409.023,5,236662,100,207420,1
34409.364,1,237199,100,207400,1
34409.481,1,237264,3544,202000,1
34409.629,2,235968,500,207100,1
34409.817,1,237491,2100,207200,1
34412.25,1,239035,900,207410,1
34412.373,2,239035,900,207410,1
34412.736,2,237199,100,207400,1
34412.94,1,239420,500,207210,1
34413.362,5,239557,400,207790,-1
34414.159,1,240035,500,208400,-1
34414.329,2,239420,500,207210,1
34414.389,1,240149,1000,207210,1
34414.579,2,240149,1000,207210,1
34414.74,1,240344,900,207210,1
34414.81,2,240035,500,208400,-1
34414.899,2,240344,900,207210,1
34414.93,1,240446,500,207220,1
34414.975,1,240465,500,208400,-1
34415.227,2,240465,500,208400,-1
34415.554,2,240446,500,207220,1
34415.694,1,240852,600,207210,1
34415.969,2,240852,600,207210,1
34416.014,1,241049,300,207220,1
34416.165,1,241153,500,208400,-1
34416.433,2,241049,300,207220,1
34416.483,1,241314,600,207230,1
34416.644,2,241314,600,207230,1
34416.704,1,241439,200,207240,1
34416.91,2,241439,200,207240,1
34417.0,1,241609,500,207250,1
34420.36,1,243389,400,207900,-1
34420.363,1,243391,100,207800,1
34421.011,4,243391,100,207800,1
34422.479,2,243389,400,207900,-1
34423.908,1,245244,600,207000,1
34424.356,1,245532,1000,207610,1
34424.439,2,241609,500,207250,1
34424.797,2,241153,500,208400,-1
34424.899,5,245635,200,207770,-1
34425.445,5,245635,200,207770,-1
34426.106,5,245740,200,207800,-1
34429.063,1,247891,78,207300,1
34430.223,1,248454,1000,207500,1
34431.025,1,248809,300,207700,1
34434.881,4,248809,300,207700,1
34435.144,1,251673,1000,207900,-1
34436.349,1,252604,1000,207800,-1
34437.956,5,252291,10,207790,-1
34438.226,5,253256,200,207790,-1
34438.226,4,252604,800,207800,-1
34438.562,1,253910,1200,207790,1
34438.809,2,252604,200,207800,-1
34440.985,1,255803,300,207900,-1
34441.426,1,256174,500,207800,-1
34441.566,2,253910,1200,207790,1
34441.606,2,255803,300,207900,-1
34442.133,4,256174,500,207800,-1
34448.627,1,260645,500,207700,1
34448.893,1,260779,1000,207200,1
34452.724,4,251673,1000,207900,-1
34454.894,1,264314,500,208400,-1
34457.656,5,265576,91,207990,-1
34457.656,5,265902,500,207990,-1
34457.656,1,266045,159,207990,1
34458.45,2,219698,1000,208400,-1
34458.48,1,266525,700,208390,-1
34459.437,2,264314,500,208400,-1
34460.325,2,266525,700,208390,-1
34460.399,1,267794,800,208990,-1
34460.655,2,266045,159,207990,1
34460.714,1,267991,500,207700,1
34460.829,1,268050,500,208300,-1
34460.84,1,268058,1000,207710,1
34460.903,2,267794,800,208990,-1
34461.064,1,268201,1000,208290,-1
34461.561,1,268469,100,208010,1
34462.177,1,268945,2000,206610,1
34463.061,2,260645,500,207700,1
34463.206,2,267991,500,207700,1
34463.347,2,260779,1000,207200,1
34463.555,4,268469,100,208010,1
34463.629,2,268058,1000,207710,1
34463.635,1,270255,1000,208000,1
34463.65,1,270271,500,207900,1
34463.763,2,268201,1000,208290,-1
34464.1,4,270255,100,208000,1
34464.104,1,270538,3000,207800,1
34464.143,4,270255,180,208000,1
34464.174,1,270587,1000,208290,-1
34464.663,2,270587,1000,208290,-1
34464.809,1,271090,300,208290,-1
34468.648,2,271090,300,208290,-1
34468.696,2,270271,500,207900,1
34468.769,1,273856,600,208290,-1
34469.037,1,273996,200,208000,1
34469.478,2,273856,600,208290,-1
34469.862,5,274251,75,208030,1
34469.862,5,274042,225,208010,1
34470.968,2,205853,160,209000,-1
34473.818,1,276505,300,208200,-1
34474.814,5,276476,100,208010,1
34475.187,5,276476,175,208010,1
34475.187,5,277157,500,208010,1
34475.187,4,270255,325,208000,1
34476.536,5,278246,46,208160,-1
34477.668,2,268050,500,208300,-1
34481.146,1,281102,4000,208000,1
34484.423,1,282673,400,208100,1
34484.768,5,282705,500,208140,1
34484.768,4,282673,400,208100,1
34484.768,5,282687,400,208100,1
34484.768,4,270255,395,208000,1
34484.768,4,273996,200,208000,1
34484.768,4,281102,2105,208000,1
34487.433,5,280196,47,208190,-1
34488.146,2,276505,300,208200,-1
34488.264,1,285316,1000,208990,-1
34488.703,5,280196,53,208190,-1
34488.703,5,272536,47,208240,-1
34488.77,1,285760,500,209000,-1
34489.588,1,286526,160,208700,-1
34489.804,2,285760,500,209000,-1
34489.812,1,286756,500,208700,-1
34489.813,1,286757,300,206300,1
34489.942,2,285316,1000,208990,-1
34489.984,1,286919,900,208690,-1
34494.25,5,286981,48,208350,-1
34497.987,1,293432,300,204300,1
34499.743,5,293679,47,208350,-1
34501.693,5,293679,218,208350,-1
34501.719,2,286919,900,208690,-1
34501.863,1,296505,600,208690,-1
34504.009,1,298452,300,208300,-1
34504.379,1,298815,1100,207900,1
34504.928,1,299232,300,202300,1
34505.923,5,299220,100,208290,-1
34505.923,4,298452,100,208300,-1
34505.943,5,287414,500,208150,1
34506.217,5,299998,100,208290,-1
34506.703,4,298452,47,208300,-1
34506.747,2,286756,500,208700,-1
34507.668,1,300975,200,208500,-1
34508.17,1,301233,1000,209300,-1
34510.595,2,298452,153,208300,-1
34510.603,2,296505,600,208690,-1
34510.683,1,302715,600,208490,-1
34511.714,1,303325,153,208300,-1
34512.632,1,303896,100,208200,-1
34512.933,2,302715,600,208490,-1
34514.725,2,303325,153,208300,-1
34515.345,2,303896,100,208200,-1
34515.388,1,305610,1000,208490,-1
34515.491,1,305672,153,208200,-1
34516.855,2,298815,1100,207900,1
34517.502,1,307104,100,208190,-1
34518.161,1,307479,1200,207800,1
34521.592,2,305672,153,208200,-1
34522.068,4,281102,200,208000,1
34522.44,2,307104,100,208190,-1
34523.257,1,311631,153,208180,-1
34523.304,2,307479,1200,207800,1
34523.306,1,311678,1000,207700,1
34523.369,4,281102,1695,208000,1
34523.748,1,312079,42,215000,-1
34524.968,2,311631,153,208180,-1
34525.951,1,313840,153,208090,-1
34526.58,1,314295,100,208100,-1
34529.623,4,313840,153,208090,-1
34529.667,4,314295,47,208100,-1
34529.715,4,314295,53,208100,-1
34531.25,2,232244,500,207000,1
34532.343,1,318110,500,208000,1
34536.161,4,318110,500,208000,1
34536.357,5,320474,400,208090,-1
34536.813,1,321361,500,208500,-1
34541.199,1,324286,1000,208100,-1
34541.236,5,324317,47,208060,-1
34541.972,2,311678,1000,207700,1
34542.014,1,324856,900,207600,1
34542.328,2,324286,1000,208100,-1
34542.704,5,324834,100,207990,-1
34542.704,5,324949,400,208000,-1
34545.711,1,327197,700,207900,1
34548.261,1,328772,200,208100,-1
34548.286,4,327197,700,207900,1
34549.144,2,328772,200,208100,-1
34550.791,2,247891,78,207300,1
34551.664,1,331198,200,208080,-1
34552.649,1,331834,100,206000,1
34553.512,2,321361,500,208500,-1
34554.328,2,305610,1000,208490,-1
34555.427,5,332836,100,207990,-1
34566.15,5,339811,300,207910,1
34566.946,2,331198,200,208080,-1
34567.122,1,340415,1000,208490,-1
34568.252,2,300975,200,208500,-1
34571.693,1,342712,200,208000,-1
34571.737,1,342738,1000,207800,1
34574.538,2,340415,1000,208490,-1
34575.811,1,345099,500,213000,-1
34579.106,2,342712,200,208000,-1
34579.183,1,347013,1000,208690,-1
34579.705,2,286757,300,206300,1
34579.904,1,347387,300,206300,1
34580.377,1,347694,200,208100,-1
34581.363,5,348144,200,208080,-1
34581.796,5,348144,46,208080,-1
34582.477,2,347694,200,208100,-1
34582.804,1,349377,500,208700,-1
34585.201,1,350693,800,207500,1
34585.242,1,350709,800,205000,1
34585.273,1,350721,800,202500,1
34585.282,1,350727,800,200000,1
34585.291,1,350734,800,197500,1
34585.325,1,350755,800,195000,1
34585.364,1,350784,800,192500,1
34585.373,1,350789,800,190000,1
34585.383,1,350794,800,187500,1
34585.385,1,350796,800,185000,1
34585.393,1,350801,800,182500,1
34585.419,1,350818,800,180000,1
34587.819,2,293432,300,204300,1
34587.909,1,352401,300,204300,1
34588.465,1,352726,250,208000,1
34589.657,2,349377,500,208700,-1
34589.728,2,347013,1000,208690,-1
34589.873,1,353551,700,208690,-1
34590.508,2,353551,700,208690,-1
34590.557,1,353985,1000,208680,-1
34590.842,2,353985,1000,208680,-1
34590.889,1,354263,700,208670,-1
34591.025,2,324856,900,207600,1
34591.028,1,354362,300,207900,1
34592.353,2,354263,700,208670,-1
34592.388,1,355268,1000,208660,-1
34592.638,2,355268,1000,208660,-1
34592.762,1,355488,700,208690,-1
34592.818,2,354362,300,207900,1
34592.852,2,355488,700,208690,-1
34592.978,5,354030,300,208290,-1
34592.994,1,355596,800,207800,1
34593.075,1,355632,1000,208690,-1
34593.433,2,355632,1000,208690,-1
34593.578,1,355976,700,208690,-1
34593.843,2,355976,700,208690,-1
34593.878,1,356157,1000,208680,-1
34594.828,2,356157,1000,208680,-1
34594.862,1,356815,600,208670,-1
34594.908,2,299232,300,202300,1
34595.121,1,357020,300,202300,1
34595.773,2,356815,600,208670,-1
34595.813,1,357470,900,208660,-1
34595.865,5,356091,500,208290,-1
34595.865,5,356146,300,208290,-1
34596.228,2,357470,900,208660,-1
34596.272,1,357780,600,208650,-1
34596.322,2,357780,600,208650,-1
34596.442,1,357945,1000,208690,-1
34597.063,2,357945,1000,208690,-1
34597.15,1,358478,600,208680,-1
34597.227,2,358478,600,208680,-1
34597.325,1,358621,1000,208690,-1
34597.451,1,358718,3046,207000,1
34597.639,1,358848,300,208300,-1
34597.882,2,358621,1000,208690,-1
34597.998,1,359067,700,208600,-1
34598.596,5,357550,200,208280,-1
34598.596,4,358848,300,208300,-1
34599.849,2,359067,700,208600,-1
34600.07,5,354393,500,208350,-1
34600.148,1,360600,1000,208690,-1
34600.428,2,360600,1000,208690,-1
34600.732,1,361008,400,208200,1
34602.692,1,362509,1100,209000,-1
34602.707,1,362522,1000,208200,1
34603.043,1,362784,1000,208210,1
34603.78,5,363228,500,208680,-1
34603.78,4,286526,160,208700,-1
34603.922,5,363299,500,208690,-1
34603.948,1,363342,1000,208990,-1
34604.091,2,362509,1100,209000,-1
34604.168,2,363342,1000,208990,-1
34604.269,1,363531,700,208990,-1
34604.36,2,245532,1000,207610,1
34605.678,2,363531,700,208990,-1
34606.152,1,364395,1000,208990,-1
34606.827,2,361008,400,208200,1
34606.964,2,362522,1000,208200,1
34607.306,1,364869,800,208200,1
34607.359,2,364869,800,208200,1
34607.366,1,364897,300,208200,1
34607.528,2,364395,1000,208990,-1
34607.561,2,364897,300,208200,1
34607.575,1,365018,300,208300,1
34607.789,2,362784,1000,208210,1
34607.828,1,365151,1000,208310,1
34608.213,1,365334,1000,208990,-1
34608.249,1,365352,1000,208700,1
34608.416,2,365018,300,208300,1
34608.923,2,365334,1000,208990,-1
34609.418,5,365948,100,208710,1
34609.418,4,365352,100,208700,1
34610.128,1,366288,800,208700,1
34610.174,1,366308,1100,209200,-1
34610.744,5,366544,300,208750,1
34611.328,1,366863,1000,208990,-1
34611.402,2,366288,800,208700,1
34611.538,2,366863,1000,208990,-1
34612.147,2,366308,1100,209200,-1
34613.164,5,367960,254,208880,-1
34613.164,5,367985,500,208880,-1
34613.436,5,368166,560,208750,1
34613.436,5,367523,340,208710,1
34613.876,5,367523,160,208710,1
34613.876,4,365352,740,208700,1
34613.882,5,368505,500,208720,1
34613.882,4,365352,160,208700,1
34613.913,5,368293,500,208850,-1
34613.913,5,368518,346,208850,-1
34614.182,1,368736,100,208900,-1
34614.288,2,365151,1000,208310,1
34614.397,1,368898,100,208700,1
34614.408,1,368909,1000,208010,1
34614.42,4,368898,100,208700,1
34614.641,2,368736,100,208900,-1
34614.932,2,355596,800,207800,1
34614.974,1,369232,800,208400,1
34615.228,2,368909,1000,208010,1
34615.258,1,369451,1000,208410,1
34615.307,2,369451,1000,208410,1
34615.918,1,369953,700,208410,1
34616.965,1,370736,500,208900,-1
34617.092,1,370821,1200,208700,1
34617.136,1,370851,900,209200,-1
34617.163,2,370736,500,208900,-1
34617.268,2,369953,700,208410,1
34617.832,1,371338,100,208900,-1
34617.882,1,371371,400,208500,1
34618.237,1,371539,500,208900,-1
34619.748,1,372463,1000,208800,-1
34619.933,1,372576,200,209500,-1
34620.415,1,372867,1000,208700,1
34620.618,4,370821,500,208700,1
34620.818,4,370821,500,208700,1
34621.568,2,371338,100,208900,-1
34622.422,2,369232,800,208400,1
34622.913,4,370821,100,208700,1
34623.339,5,374479,961,208790,-1
34623.339,4,372463,39,208800,-1
34624.15,4,372463,961,208800,-1
34624.467,4,370821,100,208700,1
34624.622,2,371371,400,208500,1
34624.984,1,375804,900,208400,1
34625.258,4,371539,500,208900,-1
34626.452,2,370851,900,209200,-1
34626.523,5,375749,346,208750,1
34626.523,5,376233,54,208740,1
34626.795,5,370873,154,208950,-1
34626.795,5,376737,346,208950,-1
34626.795,5,376344,500,208990,-1
34627.328,4,168079,1000,209000,-1
34627.399,1,377275,1000,209290,-1
34628.115,2,221644,1000,207000,1
34628.122,2,222724,1000,206800,1
34628.124,2,223944,1000,206600,1
34628.125,2,248454,1000,207500,1
34628.126,2,342738,1000,207800,1
34628.128,2,372867,1000,208700,1
34628.205,1,377812,1000,208410,1
34628.398,1,377927,400,208800,1
34629.988,2,377275,1000,209290,-1
34630.158,1,378893,600,209290,-1
34632.072,2,378893,600,209290,-1
34632.566,1,380215,1000,209090,1
34632.741,2,375804,900,208400,1
34632.783,1,380315,800,208700,1
34633.663,5,380304,300,209280,-1
34633.663,4,301233,700,209300,-1
34633.666,4,301233,300,209300,-1
34633.748,1,380760,300,209490,-1
34634.009,2,380760,300,209490,-1
34634.632,2,377927,400,208800,1
34635.018,4,116323,100,209500,-1
34635.018,4,372576,200,209500,-1
34635.153,1,381353,1000,209790,-1
34635.252,1,381409,1200,209800,-1
34635.508,2,377812,1000,208410,1
34635.537,1,381538,500,209100,1
34635.571,2,380215,1000,209090,1
34635.905,1,381717,600,209110,1
34635.909,1,381718,100,209400,1
34635.931,2,381409,1200,209800,-1
34637.062,2,380315,800,208700,1
34637.104,1,382277,500,209100,1
34637.177,1,382324,600,209400,1
34637.482,2,381717,600,209110,1
34637.986,4,381718,10,209400,1
34639.339,2,110454,200,210000,-1
34639.515,4,381718,90,209400,1
34639.515,4,382324,600,209400,1
34639.572,1,383539,200,209110,1
34639.643,2,381538,500,209100,1
34639.685,1,383597,300,209500,-1
34639.827,2,383539,200,209110,1
34639.947,1,383732,500,209110,1
34639.984,1,383754,800,209800,-1
34640.023,1,383773,500,209100,1
34640.153,1,383845,100,210500,-1
34640.212,2,383732,500,209110,1
34640.271,1,383899,100,204500,1
34640.712,1,384137,500,209110,1
34641.302,1,384471,500,209400,-1
34641.677,2,383773,500,209100,1
34641.748,2,383597,300,209500,-1
34642.568,2,384137,500,209110,1
34642.698,1,385738,1000,209400,-1
34642.742,1,385781,500,209110,1
34643.058,2,385781,500,209110,1
34643.327,2,384471,500,209400,-1
34644.028,5,385330,461,209360,-1
34644.028,5,386340,100,209390,-1
34644.028,4,385738,939,209400,-1
34644.413,4,385738,61,209400,-1
34644.413,5,383495,1310,209400,-1
34645.103,2,382277,500,209100,1
34645.168,1,387489,1000,208220,1
34648.176,5,388192,48,209290,-1
34649.65,1,390823,1200,208900,1
34649.711,2,387489,1000,208220,1
34649.758,1,390939,1000,208910,1
34651.076,2,383754,800,209800,-1
34651.149,1,391928,1000,209400,1
34651.198,2,381353,1000,209790,-1
34651.599,1,392244,100,209590,1
34652.242,1,392751,4000,210000,-1
34653.082,1,393331,1100,210100,-1
34653.318,2,390823,1200,208900,1
34653.364,1,393539,700,209200,1
34653.434,1,393586,100,209500,1
34653.5,2,393331,1100,210100,-1
34654.007,1,394008,200,209600,-1
34654.046,4,394008,200,209600,-1
34654.601,2,392244,100,209590,1
34654.781,1,394420,500,209600,1
34654.828,5,394296,300,209790,-1
34654.887,2,393586,100,209500,1
34654.932,1,394540,100,209600,1
34655.338,5,394506,300,209780,-1
34659.129,5,394506,100,209780,-1
34659.129,5,394296,100,209790,-1
34660.725,2,174073,500,205100,1
34660.732,1,397849,500,206100,1
34662.627,2,394420,500,209600,1
34662.876,1,398997,900,210100,-1
34663.153,4,394540,100,209600,1
34663.622,1,399370,100,209690,-1
34663.799,2,399370,100,209690,-1
34663.814,1,399477,100,209680,-1
34664.357,5,399490,100,209640,-1
34667.601,2,399477,100,209680,-1
34667.618,1,401521,100,209690,-1
34668.069,5,401531,400,209650,-1
34668.069,5,401533,400,209680,-1
34668.069,4,401521,100,209690,-1
34668.069,1,401841,1100,209700,1
34668.094,4,401841,100,209700,1
34668.227,4,401841,100,209700,1
34668.272,4,401841,100,209700,1
34668.285,4,401841,800,209700,1
34668.301,1,401962,100,209690,-1
34668.51,1,402082,800,209400,1
34668.538,2,402082,800,209400,1
34668.555,5,402065,100,209600,-1
34668.913,2,401962,100,209690,-1
34668.931,1,402347,100,209590,-1
34669.027,2,402347,100,209590,-1
34669.043,1,402433,100,209690,-1
34669.057,2,402433,100,209690,-1
34669.079,1,402467,100,209490,-1
34669.09,2,402467,100,209490,-1
34669.109,1,402486,100,209690,-1
34669.121,2,402486,100,209690,-1
34669.136,1,402511,100,209680,-1
34669.229,2,402511,100,209680,-1
34669.418,1,402688,1000,209700,-1
34669.425,1,402694,100,209690,-1
34669.491,1,402744,800,209400,1
34669.527,2,393539,700,209200,1
34669.657,2,402694,100,209690,-1
34669.678,1,402863,100,209680,-1
34669.715,2,402863,100,209680,-1
34669.732,1,402901,100,209590,-1
34669.866,2,402744,800,209400,1
34669.886,1,403005,800,209500,1
34669.915,4,403005,800,209500,1
34670.012,2,402901,100,209590,-1
34670.196,1,403178,100,209480,-1
34670.265,4,391928,300,209400,1
34670.288,2,403178,100,209480,-1
34670.306,1,403244,100,209590,-1
34670.4,2,403244,100,209590,-1
34670.419,1,403310,100,209570,-1
34670.695,2,398997,900,210100,-1
34670.704,1,403499,600,209800,-1
34670.87,2,403310,100,209570,-1
34670.885,1,403651,100,209560,-1
34670.897,2,403651,100,209560,-1
34670.922,4,391928,100,209400,1
34671.201,4,391928,100,209400,1
34671.392,4,391928,100,209400,1
34671.612,4,391928,100,209400,1
34671.829,4,391928,100,209400,1
34671.915,4,391928,100,209400,1
34671.961,2,390939,1000,208910,1
34672.01,4,391928,100,209400,1
34672.087,1,404340,1000,209690,-1
34672.123,1,404358,100,209100,1
34672.124,1,404359,1000,208400,1
34672.236,1,404411,100,209590,-1
34672.245,2,404411,100,209590,-1
34672.257,2,404359,1000,208400,1
34672.26,1,404426,100,209490,-1
34672.292,1,404444,300,209110,1
34672.602,2,404444,300,209110,1
34672.91,2,404426,100,209490,-1
34672.929,1,404856,100,209380,-1
34673.101,2,404856,100,209380,-1
34673.12,1,404935,100,209390,-1
34673.197,2,404340,1000,209690,-1
34673.279,2,404935,100,209390,-1
34673.294,1,405039,100,209490,-1
34673.304,2,405039,100,209490,-1
34673.326,1,405067,100,209480,-1
34673.459,2,405067,100,209480,-1
34673.474,1,405152,100,209370,-1
34673.652,1,405235,300,209300,-1
34673.685,2,405152,100,209370,-1
34673.705,1,405265,100,209290,-1
34674.642,1,405799,400,208900,1
34675.248,2,405265,100,209290,-1
34675.265,1,406217,100,209290,-1
34675.632,2,406217,100,209290,-1
34675.651,1,406449,100,209270,-1
34675.871,2,404358,100,209100,1
34676.046,1,406732,800,208900,1
34676.215,2,406449,100,209270,-1
34676.24,1,406931,100,209280,-1
34676.489,2,406931,100,209280,-1
34676.506,1,407177,100,209270,-1
34676.53,2,407177,100,209270,-1
34676.547,1,407208,100,209260,-1
34676.555,2,407208,100,209260,-1
34676.579,1,407232,100,209290,-1
34676.589,2,407232,100,209290,-1
34676.607,1,407263,100,209290,-1
34676.679,2,402688,1000,209700,-1
34676.753,2,407263,100,209290,-1
34676.769,1,407413,100,209250,-1
34676.835,1,407463,1000,208700,1
34677.279,2,407413,100,209250,-1
34677.296,1,407819,100,209240,-1
34677.305,2,407819,100,209240,-1
34677.325,1,407828,100,209290,-1
34677.36,2,407828,100,209290,-1
34677.379,1,407862,100,209280,-1
34677.388,2,407862,100,209280,-1
34677.407,1,407882,100,209290,-1
34677.416,2,407882,100,209290,-1
34677.432,1,407898,100,209290,-1
34680.071,1,409633,400,209000,1
34680.107,1,409662,1000,208910,1
34681.156,4,407898,100,209290,-1
34681.156,5,406167,100,209290,-1
34681.156,4,405235,100,209300,-1
34681.177,1,410302,100,209290,-1
34681.54,1,410557,300,209600,-1
34682.971,2,409662,1000,208910,1
34683.608,1,412018,468,207000,1
34683.81,2,410557,300,209600,-1
34684.597,2,410302,100,209290,-1
34684.692,1,412796,100,209190,-1
34685.362,2,412796,100,209190,-1
34685.381,1,413181,100,209290,-1
34685.987,2,413181,100,209290,-1
34686.018,1,413602,100,209190,-1
34686.539,5,409738,400,209100,1
34686.801,2,406732,800,208900,1
34686.816,1,414107,2000,207000,1
34686.82,4,413602,100,209190,-1
34686.996,5,409738,100,209100,1
34686.996,5,414155,400,209050,1
34687.487,1,414491,600,209000,1
34687.595,1,414585,200,209100,1
34687.638,2,414585,200,209100,1
34687.719,1,414709,400,209100,1
34687.733,2,414709,400,209100,1
34687.74,1,414725,100,209100,1
34687.774,2,414725,100,209100,1
34688.253,5,414155,600,209050,1
34688.253,5,413808,500,209020,1
34688.253,4,409633,400,209000,1
34688.253,4,414491,600,209000,1
34688.253,5,409649,1589,209000,1
34688.397,1,415175,300,208900,1
34688.487,2,415175,300,208900,1
34689.535,2,407463,1000,208700,1
34690.072,1,416311,1000,209290,-1
34690.627,2,405799,400,208900,1
34690.73,1,416751,800,208000,1
34690.762,1,416765,1000,208010,1
34691.628,1,417272,500,209300,-1
34692.475,1,417835,200,209000,-1
34692.827,1,418076,800,208600,1
34692.885,2,416765,1000,208010,1
34692.938,1,418170,1000,208610,1
34692.969,2,416751,800,208000,1
34693.004,1,418213,800,208600,1
34693.309,2,237491,2100,207200,1
34693.599,2,418213,800,208600,1
34693.62,1,418643,100,208700,1
34694.458,1,419299,100,209000,-1
34694.808,2,418643,100,208700,1
34694.824,5,417388,100,208950,-1
34694.892,2,352726,250,208000,1
34695.009,5,418489,100,208990,-1
34695.431,1,419985,100,208700,1
34696.234,5,419869,100,208990,-1
34696.234,4,417835,200,209000,-1
34697.689,2,417272,500,209300,-1
34697.867,1,421634,400,208800,1
34697.936,2,419985,100,208700,1
34697.95,1,421711,800,208800,1
34698.84,2,421711,800,208800,1
34698.857,4,419299,100,209000,-1
34699.665,5,421218,14,209000,-1
34700.563,1,423472,100,209000,-1
34700.637,2,418170,1000,208610,1
34700.686,1,423539,100,209000,-1
34700.824,2,423539,100,209000,-1
34701.012,2,421634,400,208800,1
34701.078,1,423730,400,208610,1
34701.147,2,423730,400,208610,1
34706.124,2,418076,800,208600,1
34706.307,1,426872,1000,207810,1
34706.748,5,426751,14,208900,1
34707.998,1,428415,700,208500,1
34708.101,2,426872,1000,207810,1
34708.242,1,428626,1000,208510,1
34708.738,1,429025,100,208990,-1
34708.742,2,428626,1000,208510,1
34708.867,1,429130,500,208510,1
34709.0,2,429025,100,208990,-1
34709.018,1,429248,100,208980,-1
34709.101,2,429130,500,208510,1
34709.158,2,428415,700,208500,1
34709.191,1,429391,800,208510,1
34709.397,2,429248,100,208980,-1
34709.42,1,429543,100,208990,-1
34710.424,2,403499,600,209800,-1
34710.455,1,430274,800,209300,-1
34712.175,2,405235,200,209300,-1
34713.011,2,429543,100,208990,-1
34713.033,1,431947,100,208980,-1
34713.238,2,431947,100,208980,-1
34713.256,1,432083,100,208990,-1
34713.463,5,431999,200,208970,-1
34713.851,2,416311,1000,209290,-1
34714.093,5,431999,300,208970,-1
34714.093,4,432083,100,208990,-1
34714.111,1,432634,100,208990,-1
34714.186,2,432634,100,208990,-1
34714.206,1,432697,100,208980,-1
34714.521,2,432697,100,208980,-1
34714.548,1,432988,100,208990,-1
34714.572,4,432988,100,208990,-1
34714.572,4,423472,100,209000,-1
34714.632,1,433064,2000,210000,-1
34714.632,1,433065,600,209290,-1
34714.71,1,433121,100,208990,-1
34714.737,1,433156,100,209000,-1
34715.498,2,430274,800,209300,-1
34716.169,1,434383,500,208600,1
34716.237,2,429391,800,208510,1
34716.467,1,434614,1000,208610,1
34719.122,1,436615,800,208600,1
34721.424,5,437708,300,208910,1
34723.297,2,434383,500,208600,1
34723.311,5,432744,300,208810,1
34723.321,2,434614,1000,208610,1
34723.354,1,439162,1000,208900,1
34723.442,4,439162,1000,208900,1
34723.808,1,439496,800,208600,1
34723.896,2,433121,100,208990,-1
34723.917,1,439591,100,208980,-1
34724.377,2,439591,100,208980,-1
34724.396,1,439893,100,208960,-1
34724.777,2,436615,800,208600,1
34724.851,2,433065,600,209290,-1
34725.098,1,440447,1000,208400,1
34725.485,1,440789,100,209000,-1
34725.678,2,439893,100,208960,-1
34725.699,1,440983,100,208950,-1
34725.711,2,440983,100,208950,-1
34725.729,1,441019,100,208940,-1
34725.74,2,441019,100,208940,-1
34725.759,1,441043,100,208930,-1
34725.769,2,441043,100,208930,-1
34725.782,1,441067,100,208980,-1
34725.796,2,441067,100,208980,-1
34725.808,1,441085,1000,209300,-1
34725.819,1,441095,100,208970,-1
34725.828,2,441095,100,208970,-1
34725.848,1,441120,100,208890,-1
34725.948,5,441185,200,208880,-1
34726.114,5,441185,100,208880,-1
34726.114,4,441120,100,208890,-1
34726.114,5,441215,100,208900,-1
34726.134,1,441317,100,208890,-1
34726.902,5,441367,86,208880,-1
34726.902,4,441317,100,208890,-1
34726.902,5,441108,900,208920,-1
34726.902,4,433156,100,209000,-1
34726.902,4,440789,100,209000,-1
34726.902,5,423476,114,209000,-1
34726.925,1,441814,100,208890,-1
34727.196,1,442011,100,209000,-1
34727.208,1,442022,100,209000,-1
34727.57,2,440447,1000,208400,1
34727.788,2,441814,100,208890,-1
34727.805,1,442353,100,208870,-1
34728.326,1,442617,180,207000,1
34728.539,2,442353,100,208870,-1
34728.559,1,442740,100,208890,-1
34729.057,1,443098,1000,208800,1
34729.206,2,442740,100,208890,-1
34729.291,1,443307,100,208880,-1
34729.408,4,443098,1000,208800,1
34729.866,2,443307,100,208880,-1
34729.885,1,443712,100,208890,-1
34730.121,4,443712,100,208890,-1
34730.121,5,443443,300,208890,-1
34730.479,1,444088,100,208990,-1
34730.666,2,444088,100,208990,-1
34730.695,1,444286,100,208890,-1
34730.782,2,444286,100,208890,-1
34730.795,1,444366,100,208870,-1
34731.146,1,444679,500,209400,-1
34731.265,2,444366,100,208870,-1
34731.292,5,442419,100,208800,1
34731.671,1,445142,100,208790,-1
34731.767,2,439496,800,208600,1
34731.837,1,445275,1000,207810,1
34731.996,1,445389,100,208700,1
34732.032,4,445389,100,208700,1
34732.405,2,445142,100,208790,-1
34732.422,1,445694,100,208780,-1
34732.848,2,445694,100,208780,-1
34732.873,1,446134,100,208690,-1
34733.009,1,446259,1000,208400,1
34733.087,2,445275,1000,207810,1
34733.292,1,446447,400,208410,1
34733.443,2,446259,1000,208400,1
34733.757,2,444679,500,209400,-1
34733.807,2,446447,400,208410,1
34733.868,1,446859,1000,207810,1
34734.188,1,447052,5000,208900,-1
34734.478,2,446134,100,208690,-1
34734.529,1,447259,100,208680,-1
34734.581,1,447293,1000,208200,1
34734.742,2,446859,1000,207810,1
34734.774,2,447259,100,208680,-1
34734.777,1,447434,600,208210,1
34734.784,1,447438,1000,209900,-1
34734.786,1,447440,100,208590,-1
34734.902,1,447548,800,208890,-1
34735.822,2,447434,600,208210,1
34735.938,2,447440,100,208590,-1
34735.958,1,448299,100,208580,-1
34736.029,2,447293,1000,208200,1
34736.051,1,448352,200,208210,1
34736.147,2,448352,200,208210,1
34736.247,1,448471,1000,207810,1
34736.864,2,448299,100,208580,-1
34736.879,1,448813,100,208490,-1
34737.147,1,448923,1000,208000,1
34737.301,2,448471,1000,207810,1
34737.324,2,448813,100,208490,-1
34737.337,1,448996,800,208010,1
34737.34,1,448998,100,208390,-1
34737.507,2,448996,800,208010,1
34737.681,1,449161,300,208010,1
34737.787,2,449161,300,208010,1
34737.807,1,449226,600,208010,1
34738.302,2,448923,1000,208000,1
34738.476,2,449226,600,208010,1
34738.522,1,449588,100,208000,1
34738.56,4,448998,100,208390,-1
34738.571,1,449616,1000,207810,1
34738.577,1,449621,100,208390,-1
34738.679,2,449621,100,208390,-1
34738.68,1,449693,1000,207900,1
34738.702,1,449722,100,208290,-1
34738.946,2,447548,800,208890,-1
34740.057,1,450499,200,209500,-1
34740.921,1,450918,500,208100,1
34741.476,2,442617,180,207000,1
34745.749,4,449722,100,208290,-1
34745.887,1,453881,700,208890,-1
34745.985,1,453942,100,208290,-1
34746.237,2,450918,500,208100,1
34746.257,2,453881,700,208890,-1
34746.536,5,451572,500,208250,1
34747.899,1,454833,100,217400,-1
34752.937,1,456891,180,206000,1
34753.765,4,453942,100,208290,-1
34753.786,1,457215,100,208280,-1
34753.805,2,457215,100,208280,-1
34753.829,1,457245,100,208270,-1
34753.838,2,457245,100,208270,-1
34753.853,1,457256,100,208290,-1
34753.897,2,457256,100,208290,-1
34753.912,1,457280,100,208280,-1
34753.924,2,457280,100,208280,-1
34753.937,1,457296,100,208290,-1
34753.978,2,457296,100,208290,-1
34753.99,1,457317,100,208280,-1
34754.002,2,457317,100,208280,-1
34754.015,1,457335,100,208270,-1
34754.026,2,457335,100,208270,-1
34754.046,1,457356,100,208290,-1
34754.054,2,457356,100,208290,-1
34754.057,1,457363,1000,208890,-1
34754.07,1,457373,100,208290,-1
34755.258,2,449693,1000,207900,1
34756.204,2,457373,100,208290,-1
34756.221,1,458634,100,208280,-1
34756.247,2,457363,1000,208890,-1
34757.084,2,458634,100,208280,-1
34757.101,1,459067,100,208190,-1
34757.251,1,459152,1000,207900,1
34757.608,2,459152,1000,207900,1
34758.998,2,441085,1000,209300,-1
34758.999,1,460605,700,208500,-1
34759.063,5,454086,46,208050,1
34759.316,2,459067,100,208190,-1
34759.331,1,460848,100,208180,-1
34759.39,1,460909,500,208490,-1
34759.411,2,460909,500,208490,-1
34759.411,2,460848,100,208180,-1
34759.427,1,460945,100,208090,-1
34759.801,1,461260,100,208200,-1
34760.287,2,449616,1000,207810,1
34760.628,2,460945,100,208090,-1
34760.888,1,462108,100,208080,-1
34760.938,4,449588,100,208000,1
34760.943,2,433064,2000,210000,-1
34761.011,1,462202,900,207810,1
34761.63,2,462108,100,208080,-1
34761.649,1,462590,100,207990,-1
34761.677,2,462202,900,207810,1
34761.937,1,462764,1100,207500,1
34761.947,2,462590,100,207990,-1
34761.961,1,462782,100,208080,-1
34761.975,2,462782,100,208080,-1
34761.99,1,462805,100,208080,-1
34762.286,2,462805,100,208080,-1
34762.314,1,463072,100,207990,-1
34762.371,1,463123,200,207800,1
34762.905,5,462819,400,207820,1
34762.905,5,462820,400,207810,1
34762.905,4,270538,200,207800,1
34763.017,1,463620,600,207000,1
34765.192,1,465238,500,207900,1
34766.698,2,463072,100,207990,-1
34766.714,1,466061,100,208090,-1
34766.735,1,466078,200,207990,1
34767.01,2,461260,100,208200,-1
34767.864,2,465238,500,207900,1
34768.657,1,467038,150,207900,1
34768.792,2,466061,100,208090,-1
34768.807,5,466659,100,208030,1
34768.867,1,467160,1000,208490,-1
34769.07,2,467160,1000,208490,-1
34769.197,1,467344,900,208490,-1
34769.23,1,467365,500,208500,-1
34769.735,2,466078,200,207990,1
34769.906,1,467768,500,207200,1
34770.366,1,468018,1000,208000,1
34770.605,5,468067,100,208040,1
34771.224,2,463123,200,207800,1
34771.697,2,460605,700,208500,-1
34772.241,2,467344,900,208490,-1
34772.319,2,467365,500,208500,-1
34772.387,1,469019,400,208490,-1
34772.448,2,462764,1100,207500,1
34772.476,1,469072,800,207800,1
34772.896,2,469019,400,208490,-1
34773.197,1,469406,1000,208890,-1
34774.033,1,469793,500,208100,1
34774.177,2,468018,1000,208000,1
34775.626,2,456891,180,206000,1
34777.137,2,467768,500,207200,1
34777.668,1,471817,300,208000,1
34778.7,4,469793,500,208100,1
34779.251,1,472638,2500,207000,1
34782.65,2,469072,800,207800,1
34786.243,2,471817,300,208000,1
34788.243,1,476643,300,208000,1
34788.663,1,476842,1100,207700,1
34788.896,2,469406,1000,208890,-1
34789.071,1,476985,700,208890,-1
34789.701,2,476985,700,208890,-1
34789.727,1,477268,1000,208880,-1
34789.902,1,477350,2000,203500,1
34790.346,1,477547,180,206000,1
34790.754,1,477711,515,207000,1
34791.439,1,478090,1316,207600,1
34793.12,1,479312,100,208100,-1
34793.779,1,479842,800,208600,-1
34794.595,4,479312,100,208100,-1
34794.595,5,479315,400,208100,-1
34794.605,1,480423,100,208100,-1
34794.732,4,480423,100,208100,-1
34794.732,5,479315,1900,208100,-1
34794.743,1,480499,100,208100,-1
34795.41,5,480832,100,208060,-1
34795.64,2,476643,300,208000,1
34795.884,5,480843,300,208080,-1
34796.423,5,480843,1700,208080,-1
34796.423,4,480499,100,208100,-1
34796.423,5,479315,200,208100,-1
34796.439,1,481587,100,208100,-1
34798.25,1,482758,1000,208000,1
34799.025,1,483279,1000,207900,1
34799.703,1,483659,1500,207900,1
34799.781,4,482758,800,208000,1
34800.159,1,483918,1000,207800,1
34801.032,2,476842,1100,207700,1
34801.85,2,397849,500,206100,1
34801.857,1,484885,500,205100,1
34801.858,1,484886,1000,207700,1
34801.888,4,481587,100,208100,-1
34801.888,5,479315,100,208100,-1
34801.966,1,484943,500,208600,-1
34801.968,1,484947,100,208100,-1
34802.022,2,477268,1000,208880,-1
34803.332,1,485682,1000,207600,1
34805.074,1,486508,1000,207500,1
34805.287,4,482758,100,208000,1
34808.718,1,488443,800,207700,1
34810.166,1,489447,1100,192500,1
34810.905,4,482758,100,208000,1
34811.18,2,442022,100,209000,-1
34811.218,2,442011,100,209000,-1
34816.817,1,493484,300,208000,1
34817.745,2,493484,300,208000,1
34820.445,2,484943,500,208600,-1
34821.264,1,496290,300,208000,1
34821.316,4,496290,300,208000,1
34823.261,5,490340,500,207910,1
34823.261,5,496625,500,207910,1
34823.273,4,467038,150,207900,1
34823.273,4,483279,1000,207900,1
34823.273,4,483659,1500,207900,1
34823.633,5,497319,100,208090,-1
34828.695,1,500287,400,211000,-1
34831.614,2,216451,250,200000,1
34832.247,1,502224,250,205000,1
34835.824,5,504012,100,208090,-1
34836.201,2,488443,800,207700,1
34836.625,1,504550,200,208000,1
34837.526,1,505092,100,208200,-1
34839.006,4,504550,200,208000,1
34840.135,1,506513,400,207900,1
34842.545,4,506513,400,207900,1
34843.551,2,505092,100,208200,-1
34844.096,4,270538,200,207800,1
34844.683,1,508945,1200,207500,1
34845.06,5,508328,200,207900,-1
34845.179,2,508945,1200,207500,1
34845.18,2,479842,800,208600,-1
34845.212,1,509482,700,208200,-1
34845.221,5,508590,500,207810,1
34845.596,4,270538,400,207800,1
34845.745,4,270538,200,207800,1
34846.337,5,510433,500,207850,1
34846.337,4,270538,500,207800,1
34846.68,4,270538,1500,207800,1
34846.68,4,483918,1000,207800,1
34846.896,5,510764,300,207730,1
34846.896,4,484886,700,207700,1
34847.67,1,511345,100,208000,-1
34847.816,4,484886,200,207700,1
34849.312,4,484886,47,207700,1
34849.37,4,484886,53,207700,1
34849.444,1,512607,4000,207600,1
34849.956,2,512607,4000,207600,1
34849.964,1,512956,1000,207600,1
34850.079,1,513030,500,205000,1
34850.08,2,511345,100,208000,-1
34852.276,5,513200,47,207710,1
34852.803,2,512956,1000,207600,1
34852.819,1,515380,900,207700,1
34853.045,1,515611,100,207900,-1
34855.793,2,515380,900,207700,1
34855.8,1,517252,200,207700,1
34857.731,2,477547,180,206000,1
34858.051,1,518518,180,205000,1
34858.137,2,517252,200,207700,1
34858.256,1,518612,500,208500,-1
34859.097,1,519086,100,207900,-1
34862.883,1,521321,1000,207400,1
34863.974,2,450499,200,209500,-1
34864.122,2,519086,100,207900,-1
34864.637,2,515611,100,207900,-1
34864.711,1,522570,1000,208090,-1
34864.752,1,522599,500,208100,-1
34864.8,1,522652,200,207700,1
34865.024,2,522652,200,207700,1
34865.473,2,521321,1000,207400,1
34866.298,1,523676,100,207800,-1
34868.442,1,525106,100,207800,-1
34874.726,1,528985,1000,207500,1
34887.338,4,478090,50,207600,1
34887.565,2,522570,1000,208090,-1
34891.204,2,525106,100,207800,-1
34891.24,2,523676,100,207800,-1
34891.35,1,538975,700,208090,-1
34892.873,2,518518,180,205000,1
34893.073,2,522599,500,208100,-1
34893.155,1,540127,180,206000,1
34893.246,2,538975,700,208090,-1
34893.276,1,540190,400,208080,-1
34893.54,2,540190,400,208080,-1
34893.746,1,540554,800,208090,-1
34894.037,1,540740,900,207300,1
34894.204,1,540871,100,207700,-1
34896.676,4,540871,100,207700,-1
34897.243,1,542880,100,207700,1
34898.501,1,543700,500,207800,1
34898.855,2,540554,800,208090,-1
34899.44,1,544261,100,207900,-1
34900.225,4,544261,100,207900,-1
34900.225,1,544694,400,207990,1
34900.399,2,509482,700,208200,-1
34900.412,2,540740,900,207300,1
34900.454,1,544849,800,207600,1
34903.23,2,544694,400,207990,1
34903.601,1,546786,400,207990,1
34903.695,4,546786,200,207990,1
34904.586,2,544849,800,207600,1
34904.611,2,543700,500,207800,1
34904.709,4,546786,200,207990,1
34905.631,1,547882,400,208000,-1
34906.8,2,547882,400,208000,-1
34907.191,1,548834,800,208300,-1
34908.953,1,549991,500,207700,1
34909.268,1,550175,1000,208000,-1
34909.347,2,549991,500,207700,1
34909.357,2,548834,800,208300,-1
34909.56,4,550175,500,208000,-1
34909.806,4,550175,500,208000,-1
34909.825,1,550494,1000,208000,-1
34910.107,5,550585,100,207990,-1
34910.107,4,550494,1000,208000,-1
34910.271,5,550659,1000,208000,1
34910.462,5,550659,1000,208000,1
34910.521,5,550659,1000,208000,1
34911.036,1,551316,1000,207710,1
34911.533,1,551738,100,208000,1
34912.07,1,552333,900,207700,1
34912.747,1,552898,1000,208010,1
34912.885,4,484947,100,208100,-1
34912.885,5,479315,41,208100,-1
34912.9,1,553058,100,208100,-1
34913.005,1,553137,900,208490,-1
34913.157,2,551738,100,208000,1
34913.263,4,553058,100,208100,-1
34913.263,5,479315,400,208100,-1
34913.277,1,553399,100,208100,-1
34913.319,4,553399,100,208100,-1
34913.319,5,479315,900,208100,-1
34913.333,1,553457,100,208100,-1
34913.568,1,553600,700,208000,1
34913.751,4,553457,100,208100,-1
34913.761,1,553727,100,208100,-1
34913.9,2,553137,900,208490,-1
34913.914,4,553727,100,208100,-1
34913.914,5,479315,100,208100,-1
34913.928,1,553850,59,208100,-1
34913.945,2,552898,1000,208010,1
34914.074,1,553977,1000,208020,1
34914.184,4,553850,59,208100,-1
34914.233,1,554140,59,208100,1
34914.252,2,553977,1000,208020,1
34914.283,1,554196,1000,208100,1
34914.36,2,554140,59,208100,1
34914.378,2,554196,1000,208100,1
34914.396,1,554333,1000,208020,1
34915.052,5,554685,46,208250,-1
34915.147,2,554333,1000,208020,1
34915.175,1,555173,1000,208010,1
34915.191,2,555173,1000,208010,1
34915.21,1,555201,1000,208100,1
34915.353,1,555318,100,208020,1
34916.313,2,555201,1000,208100,1
34916.357,1,556163,1000,208020,1
34916.406,2,556163,1000,208020,1
34916.424,1,556236,1000,208110,1
34916.804,2,555318,100,208020,1
34917.117,2,542880,100,207700,1
34917.372,2,556236,1000,208110,1
34917.39,1,556982,1000,208200,1
34917.933,2,556982,1000,208200,1
34917.951,1,557437,1000,208210,1
34919.063,1,558314,100,208220,1
34919.079,2,557437,1000,208210,1
34919.1,2,551316,1000,207710,1
34919.183,2,553600,700,208000,1
34919.315,1,558555,1000,208220,1
34919.34,2,558555,1000,208220,1
34919.371,1,558617,1000,208220,1
34919.384,2,558617,1000,208220,1
34919.402,1,558646,1000,208220,1
34919.42,2,558646,1000,208220,1
34919.438,1,558684,1000,208220,1
34919.45,2,558684,1000,208220,1
34919.467,1,558706,1000,208210,1
34919.48,2,558706,1000,208210,1
34919.493,1,558738,1000,208210,1
34919.517,2,558738,1000,208210,1
34919.539,1,558786,1000,208200,1
34919.849,1,559133,600,208200,1
34919.926,2,558786,1000,208200,1
34920.09,1,559438,1000,208210,1
34920.687,2,559438,1000,208210,1
34920.863,1,560279,1000,208230,1
34921.099,2,552333,900,207700,1
34921.145,1,560633,900,208000,1
34921.859,5,558382,218,208380,-1
34922.413,2,560279,1000,208230,1
34922.434,1,561877,1000,208300,1
34922.434,5,558382,47,208380,-1
34922.821,1,562192,100,208230,1
34923.567,2,561877,1000,208300,1
34923.754,2,558314,100,208220,1
34923.839,1,563009,1000,208310,1
34923.865,2,563009,1000,208310,1
34923.905,1,563064,1000,208310,1
34923.936,2,562192,100,208230,1
34924.016,2,563064,1000,208310,1
34924.039,1,563177,1000,208310,1
34924.05,2,563177,1000,208310,1
34924.07,1,563215,1000,208300,1
34924.086,2,563215,1000,208300,1
34924.104,1,563247,1000,208300,1
34924.129,1,563268,1000,208300,1
34924.193,2,563247,1000,208300,1
34924.207,2,563268,1000,208300,1
34924.224,1,563347,1000,208310,1
34924.238,1,563363,1000,208310,1
34926.129,1,564813,200,208000,1
34926.701,2,563347,1000,208310,1
34926.707,2,563363,1000,208310,1
34926.73,1,565281,1000,208320,1
34926.747,1,565299,1000,208320,1
34926.925,4,565281,1000,208320,1
34926.925,4,565299,1000,208320,1
34926.925,5,562697,500,208320,1
34926.925,5,563553,500,208320,1
34926.95,1,565426,1000,208320,1
34926.976,1,565441,1000,208320,1
34927.582,4,565426,1000,208320,1
34927.582,4,565441,600,208320,1
34927.608,1,565921,1000,208320,1
34927.615,2,565441,400,208320,1
34927.632,2,565921,1000,208320,1
34927.65,1,565965,1000,208320,1
34927.667,1,565980,1000,208300,1
34927.681,2,565965,1000,208320,1
34927.694,2,565980,1000,208300,1
34927.721,1,566021,1000,208300,1
34927.742,1,566041,1000,208300,1
34928.207,2,560633,900,208000,1
34928.723,1,566780,1000,208400,-1
34928.909,2,566780,1000,208400,-1
34928.925,1,566898,1000,208390,-1
34929.558,2,566898,1000,208390,-1
34929.712,1,567409,1000,208380,-1
34930.154,2,567409,1000,208380,-1
34930.173,1,567769,1000,208400,-1
34930.195,1,567788,1000,207700,1
34930.804,5,558382,100,208380,-1
34931.44,2,48466,500,213200,-1
34931.785,4,566021,100,208300,1
34933.048,4,566021,900,208300,1
34933.048,4,566041,1000,208300,1
34933.083,1,569783,1000,208300,1
34933.096,1,569795,1000,208300,1
34933.125,5,558382,35,208380,-1
34933.125,4,567769,265,208400,-1
34933.143,4,569783,1000,208300,1
34933.152,4,569795,1000,208300,1
34933.184,1,569837,900,208700,-1
34933.402,1,569987,1000,208200,1
34933.408,1,569993,1000,208200,1
34933.785,2,567769,735,208400,-1
34933.801,1,570294,1000,208390,-1
34935.92,2,569993,1000,208200,1
34935.928,2,569987,1000,208200,1
34935.942,1,571726,1000,208210,1
34935.96,1,571735,1000,208210,1
34936.18,2,571726,1000,208210,1
34937.414,4,571735,1000,208210,1
34937.414,5,561486,300,208210,1
34937.414,5,571589,500,208210,1
34937.43,4,559133,600,208200,1
34937.538,1,572643,400,208210,1
34937.564,4,572643,400,208210,1
34937.951,2,570294,1000,208390,-1
34937.967,1,572881,1000,208380,-1
34938.215,2,572881,1000,208380,-1
34938.241,1,573077,1000,208370,-1
34938.41,2,573077,1000,208370,-1
34938.427,1,573179,1000,208300,-1
34938.925,2,573179,1000,208300,-1
34938.941,1,573503,1000,208290,-1
34942.122,2,528985,1000,207500,1
34943.228,5,573578,954,208240,-1
34943.228,5,573516,46,208270,-1
34943.231,5,573516,354,208270,-1
34943.231,5,573519,400,208280,-1
34943.231,4,573503,1000,208290,-1
34943.242,1,576138,1000,208300,1
34943.255,4,576138,1000,208300,1
34943.259,1,576151,1000,208300,1
34943.282,4,576151,1000,208300,1
34943.289,1,576176,246,208300,1
34943.293,4,576176,246,208300,1
34943.383,1,576261,1000,207800,1
34943.384,1,576263,1000,208290,-1
34944.608,1,576977,100,208100,1
34944.802,2,576263,1000,208290,-1
34944.825,1,577189,1000,208300,-1
34946.888,2,576977,100,208100,1
34947.328,4,577189,300,208300,-1
34947.808,5,576222,100,208110,1
34948.994,2,576261,1000,207800,1
34949.877,1,581441,900,207700,1
34950.018,2,577189,700,208300,-1
34950.035,1,581584,1000,208290,-1
34950.883,2,581584,1000,208290,-1
34950.903,1,582214,1000,208280,-1
34954.945,2,582214,1000,208280,-1
34954.961,1,585229,1000,208290,-1
34955.349,4,585229,47,208290,-1
34955.942,2,585229,953,208290,-1
34955.958,1,586261,1000,208200,-1
34955.992,4,586261,12,208200,-1
34956.015,1,586306,600,208490,-1
34956.199,2,586306,600,208490,-1
34957.133,2,586261,988,208200,-1
34957.152,1,587142,1000,208290,-1
34957.198,1,587169,100,208100,1
34957.823,2,587142,1000,208290,-1
34957.838,1,587715,1000,208200,-1
34959.411,2,564813,200,208000,1
34959.832,1,589143,200,208190,1
34961.152,2,587169,100,208100,1
34962.037,2,587715,1000,208200,-1
34962.12,1,590452,1000,208490,-1
34962.136,1,590466,500,208500,-1
34962.198,4,589143,200,208190,1
34962.198,1,590497,800,208190,-1
34962.296,1,590556,600,207710,1
34962.34,1,590598,3000,207700,1
34963.175,2,590556,600,207710,1
34963.309,1,591099,300,207720,1
34963.835,2,591099,300,207720,1
34963.905,1,591423,600,207730,1
34964.815,1,591875,100,208100,1
34965.053,2,590497,800,208190,-1
34965.269,2,590452,1000,208490,-1
34965.306,1,592093,700,208480,-1
34965.36,1,592125,1000,208200,-1
34965.369,2,592125,1000,208200,-1
34965.39,1,592144,1000,208190,-1
34965.395,2,591423,600,207730,1
34965.505,2,592093,700,208480,-1
34966.383,2,592144,1000,208190,-1
34966.401,1,592668,1000,208200,-1
34966.46,1,592697,800,208490,-1
34967.061,2,502224,250,205000,1
34969.95,2,591875,100,208100,1
34970.086,1,594446,500,207710,1
34971.358,1,595061,100,208110,1
34979.685,2,540127,180,206000,1
34982.456,1,600411,400,208200,-1
34983.342,2,485682,1000,207600,1
34985.082,2,486508,1000,207500,1
34986.345,4,595061,100,208110,1
34986.478,1,603304,500,207800,1
34986.599,2,594446,500,207710,1
34986.829,1,603561,1000,207810,1
34987.24,2,603561,1000,207810,1
34987.519,2,592668,1000,208200,-1
34987.533,1,603949,1000,208190,-1
34987.925,1,604215,700,207810,1
34988.036,2,603949,1000,208190,-1
34988.056,1,604320,1000,208180,-1
34988.225,2,604215,700,207810,1
34988.534,2,581441,900,207700,1
34988.778,2,604320,1000,208180,-1
34988.796,1,604794,1000,208190,-1
34989.165,2,604794,1000,208190,-1
34989.184,1,605036,1000,208180,-1
34989.99,1,605535,500,207810,1
34990.255,2,605535,500,207810,1
34990.355,2,605036,1000,208180,-1
34990.375,1,605769,1000,208200,-1
34991.28,2,605769,1000,208200,-1
34991.297,1,606344,1000,208100,-1
34991.378,2,603304,500,207800,1
34991.556,1,606487,400,207710,1
34992.468,4,606344,200,208100,-1
34992.726,2,567788,1000,207700,1
34992.761,2,606344,800,208100,-1
34992.779,1,607116,1000,208200,-1
34994.493,2,607116,1000,208200,-1
34994.808,1,608129,1000,206700,1
34994.835,2,606487,400,207710,1
34995.019,1,608234,700,207710,1
34995.686,2,600411,400,208200,-1
34996.703,1,609318,900,207700,1
34996.769,2,608234,700,207710,1
34996.945,1,609511,1000,207710,1
34998.013,1,610268,400,208100,-1
34999.455,2,609511,1000,207710,1
34999.535,1,611372,500,207710,1
35000.638,5,610716,500,208030,1
35000.638,5,607073,100,208010,1
35000.65,5,607073,400,208010,1
35001.07,2,611372,500,207710,1
35001.212,2,609318,900,207700,1
35002.025,1,612716,1100,207500,1
35002.252,5,612637,200,207850,1
35006.761,2,610268,400,208100,-1
35009.012,1,616261,400,207900,-1
35009.176,2,612716,1100,207500,1
35010.462,5,616684,300,207890,-1
35010.964,4,616261,400,207900,-1
35011.276,1,617380,300,207900,1
35011.379,1,617444,700,207500,1
35022.497,4,617380,300,207900,1
35022.703,5,622810,353,207900,1
35026.65,2,590466,500,208500,-1
35028.47,1,626411,300,207800,-1
35029.769,4,626411,200,207800,-1
35030.391,4,626411,100,207800,-1
35031.226,1,628352,200,207800,1
35031.426,1,628490,47,208000,1
35031.447,4,628490,47,208000,1
35032.068,1,629070,500,207900,1
35032.101,5,629082,400,207950,1
35032.101,5,629083,400,207940,1
35032.101,5,628999,200,207910,1
35032.348,5,629101,500,207940,1
35032.348,5,628999,100,207910,1
35032.348,5,629179,400,207910,1
35032.694,2,590598,3000,207700,1
35032.703,1,629562,1300,207700,1
35034.3,1,630927,100,207900,1
35035.841,2,629070,500,207900,1
35038.005,1,633254,100,208000,-1
35043.638,4,630927,100,207900,1
35047.047,4,628352,200,207800,1
35049.463,2,617444,700,207500,1
35049.802,1,641599,100,204100,1
35051.345,1,642808,1100,207500,1
35052.935,2,629562,1300,207700,1
35053.062,1,643882,600,207600,1
35056.678,1,645911,100,207900,-1
35057.944,2,643882,600,207600,1
35057.973,2,633254,100,208000,-1
35060.057,2,642808,1100,207500,1
35061.355,5,643811,800,207650,1
35061.355,5,648100,400,207610,1
35061.5,5,648100,100,207610,1
35061.5,4,478090,200,207600,1
35062.379,2,592697,800,208490,-1
35062.44,1,649199,300,207700,-1
35062.509,1,649237,1000,207890,-1
35063.323,4,478090,100,207600,1
35063.55,2,649199,300,207700,-1
35063.572,4,478090,966,207600,1
35063.815,4,350693,700,207500,1
35063.886,4,350693,100,207500,1
35064.025,1,650534,1000,207010,1
35064.064,2,649237,1000,207890,-1
35064.096,1,650600,600,207100,1
35064.144,2,650534,1000,207010,1
35064.195,1,650680,900,207110,1
35064.429,1,650884,900,207200,1
35064.489,2,650680,900,207110,1
35064.519,1,650964,900,207210,1
35064.54,2,650600,600,207100,1
35064.557,1,650996,600,207200,1
35064.705,2,650996,600,207200,1
35064.724,1,651100,600,207300,1
35064.794,2,650964,900,207210,1
35064.975,1,651262,800,207310,1
35065.125,2,645911,100,207900,-1
35065.189,2,651262,800,207310,1
35065.229,1,651412,1000,208490,-1
35065.324,1,651467,800,207600,-1
35065.389,1,651502,500,207310,1
35065.478,4,651467,700,207600,-1
35065.509,2,651502,500,207310,1
35065.886,2,651100,600,207300,1
35066.02,1,651840,600,207200,1
35066.285,1,651986,700,207210,1
35066.427,2,651986,700,207210,1
35066.556,1,652119,400,207210,1
35066.564,2,651467,100,207600,-1
35067.105,1,652451,3000,207600,-1
35067.279,2,652119,400,207210,1
35067.474,4,652451,600,207600,-1
35067.509,1,652783,600,207210,1
35068.069,2,652783,600,207210,1
35068.145,1,653384,1000,207210,1
35068.285,2,653384,1000,207210,1
35068.38,1,653591,700,207210,1
35068.586,5,653544,100,207550,-1
35068.855,1,654089,100,207600,-1
35069.984,5,654010,100,207590,-1
35069.984,4,652451,500,207600,-1
35070.436,5,655479,47,207590,-1
35070.586,5,655479,53,207590,-1
35070.586,4,652451,47,207600,-1
35070.909,2,653591,700,207210,1
35070.974,2,652451,1853,207600,-1
35071.039,1,656340,600,207210,1
35071.344,4,654089,100,207600,-1
35071.44,2,656340,600,207210,1
35071.519,1,656764,1000,207210,1
35071.961,1,657236,500,207500,1
35072.008,5,657282,34,207540,1
35074.032,1,658962,1000,207600,1
35075.078,1,659711,500,207600,1
35075.481,1,660007,500,207000,1
35078.166,2,569837,900,208700,-1
35078.17,1,661703,800,208200,-1
35078.268,2,651412,1000,208490,-1
35078.304,1,661815,1000,208190,-1
35079.521,1,662677,500,207600,1
35080.429,1,663288,500,207700,1
35081.345,2,661703,800,208200,-1
35082.503,2,663288,500,207700,1
35082.505,2,662677,500,207600,1
35082.505,2,659711,500,207600,1
35082.507,2,658962,1000,207600,1
35082.508,2,657236,500,207500,1
35082.65,2,651840,600,207200,1
35082.665,1,664830,600,207300,1
35082.949,2,656764,1000,207210,1
35082.975,1,665008,700,207310,1
35084.865,1,666177,1000,207800,-1
35085.039,1,666269,800,208200,-1
35086.034,2,665008,700,207310,1
35086.245,1,666921,400,207310,1
35088.385,2,414107,2000,207000,1
35089.329,2,666921,400,207310,1
35089.459,1,668655,700,207320,1
35089.586,1,668728,2000,206000,1
35092.962,1,670722,500,207400,1
35093.079,2,668655,700,207320,1
35093.115,1,670871,700,207410,1
35094.358,2,670871,700,207410,1
35094.456,2,670722,500,207400,1
35094.555,1,671754,400,207410,1
35100.058,1,674856,100,207700,1
35100.769,5,671625,100,207750,-1
35101.503,5,674860,100,207780,-1
35102.185,5,674860,100,207780,-1
35102.631,5,674860,100,207780,-1
35104.724,2,666177,1000,207800,-1
35104.726,5,674860,100,207780,-1
35105.114,4,674856,100,207700,1
35105.372,1,678367,2000,215000,-1
35105.639,2,671754,400,207410,1
35105.824,1,678678,1000,207310,1
35105.825,1,678679,200,207700,1
35105.986,1,678773,500,208200,-1
35106.973,2,666269,800,208200,-1
35107.166,2,650884,900,207200,1
35107.203,1,679859,800,207500,1
35107.876,1,680376,700,207800,1
35111.109,2,678679,200,207700,1
35111.335,2,678773,500,208200,-1
35111.928,1,682832,200,207800,1
35114.173,5,679317,100,207810,1
35114.173,4,680376,600,207800,1
35114.361,1,684262,1000,207800,1
35116.824,5,684914,14,207890,-1
35117.405,4,680376,100,207800,1
35117.405,4,682832,200,207800,1
35117.405,4,684262,1000,207800,1
35117.554,2,678678,1000,207310,1
35117.564,2,664830,600,207300,1
35117.58,1,686425,600,207500,1
35117.589,1,686432,1000,207510,1
35117.878,2,686432,1000,207510,1
35118.149,1,686810,700,207800,1
35118.167,4,686810,700,207800,1
35118.324,2,679859,800,207500,1
35119.813,2,686425,600,207500,1
35119.899,1,688137,1000,207010,1
35119.923,1,688157,1600,207100,1
35120.034,2,688137,1000,207010,1
35120.069,1,688271,1000,207110,1
35120.79,1,688929,900,208200,-1
35121.071,5,684914,14,207890,-1
35121.945,5,686780,100,207890,-1
35122.994,1,690627,2000,206000,1
35123.379,1,691053,100,207800,1
35123.53,1,691213,900,207400,1
35125.156,5,691901,366,207840,1
35125.156,4,691053,100,207800,1
35125.224,2,688271,1000,207110,1
35125.308,2,688157,1600,207100,1
35125.312,1,692628,14,207900,1
35125.334,1,692648,600,207400,1
35125.335,1,692650,1000,207410,1
35125.553,2,688929,900,208200,-1
35127.998,1,695161,500,207500,1
35128.412,2,692628,14,207900,1
35128.484,2,692650,1000,207410,1
35128.497,1,695545,14,208000,1
35128.525,1,695563,1000,207510,1
35129.937,4,695545,14,208000,1
35130.709,1,697464,48,208100,1
35131.137,4,697464,48,208100,1
35131.223,2,661815,1000,208190,-1
35131.339,1,698065,1000,208490,-1
35132.144,2,695563,1000,207510,1
35132.189,1,698843,700,207520,1
35132.349,2,698843,700,207520,1
35132.44,1,699069,800,207510,1
35132.53,2,695161,500,207500,1
35132.94,2,692648,600,207400,1
35132.957,1,699518,600,207500,1
35136.775,1,702730,300,208000,-1
35137.037,4,702730,300,208000,-1
35139.664,1,704688,300,207900,1
35140.924,1,705469,500,208500,-1
35141.599,1,705847,100,207900,1
35144.956,2,704688,300,207900,1
35145.489,5,705600,250,207990,-1
35147.374,1,708801,1000,208000,-1
35149.278,1,710335,800,208300,-1
35149.324,5,709025,500,207990,-1
35149.324,5,709090,250,207990,-1
35149.324,4,708801,150,208000,-1
35157.05,2,710335,800,208300,-1
35157.119,2,708801,850,208000,-1
35157.577,1,716335,300,208000,1
35159.063,4,716335,300,208000,1
35161.251,1,718640,900,208300,-1
35161.299,2,698065,1000,208490,-1
35161.334,1,718686,1000,208290,-1
35161.42,2,705469,500,208500,-1
35161.428,1,718731,500,208300,-1
35162.659,4,705847,100,207900,1
35163.545,1,719909,1000,208000,-1
35164.768,2,699069,800,207510,1
35164.809,1,720855,900,207520,1
35166.454,2,720855,900,207520,1
35166.455,1,721797,1000,207900,-1
35166.518,1,721854,1000,207510,1
35166.857,2,699518,600,207500,1
35166.944,2,721854,1000,207510,1
35167.029,1,722216,600,207400,1
35167.035,1,722230,900,207410,1
35167.974,1,722841,1000,207800,-1
35168.081,2,691213,900,207400,1
35168.634,1,723263,1000,207800,-1
35168.908,2,722230,900,207410,1
35169.724,1,724117,1000,207410,1
35170.021,2,722216,600,207400,1
35171.038,2,724117,1000,207410,1
35171.104,1,725242,1000,207010,1
35171.117,1,725252,1600,207100,1
35171.194,2,725242,1000,207010,1
35171.224,1,725311,1000,207110,1
35171.225,5,725157,400,207610,1
35171.499,1,725485,1000,207300,1
35171.631,2,725252,1600,207100,1
35171.644,1,725580,600,207300,1
35171.658,2,725311,1000,207110,1
35171.694,1,725606,1000,207310,1
35171.957,2,725580,600,207300,1
35171.993,1,725815,600,207400,1
35173.084,2,725606,1000,207310,1
35173.404,2,725485,1000,207300,1
35173.489,1,726731,800,207300,1
35173.564,1,726778,1000,207700,-1
35173.898,2,725815,600,207400,1
35173.986,1,727016,600,207300,1
35175.888,2,727016,600,207300,1
35176.582,1,728466,30,207800,-1
35176.879,1,728634,1000,207600,1
35177.456,1,728963,1000,207690,-1
35177.658,2,728963,1000,207690,-1
35177.678,1,729080,1000,207700,-1
35180.308,1,731169,1000,207600,1
35180.982,4,726778,1000,207700,-1
35180.982,4,729080,1000,207700,-1
35181.003,1,731596,1000,207700,-1
35181.075,2,731596,1000,207700,-1
35181.093,1,731662,1000,207800,-1
35181.296,1,731786,600,207600,1
35181.46,2,731169,1000,207600,1
35181.475,1,731883,1000,207610,1
35181.681,2,731662,1000,207800,-1
35181.702,1,731992,1000,207700,-1
35181.731,4,731992,1000,207700,-1
35181.943,1,732136,1000,207700,-1
35181.978,2,722841,1000,207800,-1
35182.15,2,721797,1000,207900,-1
35182.199,2,732136,1000,207700,-1
35182.216,1,732287,1000,207800,-1
35182.364,2,719909,1000,208000,-1
35182.51,2,731883,1000,207610,1
35182.521,5,732430,500,207790,-1
35182.521,4,723263,1000,207800,-1
35182.521,4,728466,30,207800,-1
35182.521,4,732287,370,207800,-1
35182.528,1,732478,1000,207600,1
35182.762,2,732478,1000,207600,1
35182.778,1,732647,1000,207610,1
35183.168,2,732647,1000,207610,1
35183.358,1,733058,1000,207600,1
35186.427,2,733058,1000,207600,1
35186.448,1,734783,1000,207610,1
35186.991,2,728634,1000,207600,1
35188.318,2,734783,1000,207610,1
35188.502,1,735868,1000,207700,1
35188.511,4,735868,100,207700,1
35188.553,2,668728,2000,206000,1
35190.631,1,736978,2000,207000,1
35191.629,4,732287,630,207800,-1
35191.783,1,737516,1000,207800,-1
35191.806,2,718731,500,208300,-1
35192.019,2,737516,1000,207800,-1
35192.042,1,737619,1000,207900,-1
35192.44,1,737799,100,207800,-1
35192.515,2,737619,1000,207900,-1
35192.537,1,737831,1000,207800,-1
35192.549,2,735868,900,207700,1
35192.56,2,737831,1000,207800,-1
35192.586,1,737844,1000,207710,1
35192.608,1,737866,1000,207800,-1
35192.622,2,737866,1000,207800,-1
35192.644,1,737892,1000,207900,-1
35192.658,2,737892,1000,207900,-1
35192.68,1,737910,1000,207900,-1
35192.712,2,737844,1000,207710,1
35192.733,1,737937,1000,207700,1
35193.19,2,737910,1000,207900,-1
35193.209,1,738161,1000,207800,-1
35194.084,4,737799,100,207800,-1
35194.579,4,738161,100,207800,-1
35194.589,4,738161,900,207800,-1
35194.698,5,738863,100,207750,1
35194.87,1,738995,1000,207900,-1
35194.904,2,738995,1000,207900,-1
35194.917,1,739017,1000,207800,-1
35195.073,4,739017,700,207800,-1
35195.078,4,739017,300,207800,-1
35195.736,2,737937,1000,207700,1
35195.753,1,739481,1000,207710,1
35196.04,1,739622,100,207800,1
35196.053,2,739481,1000,207710,1
35196.072,1,739639,1000,207800,1
35196.081,2,739639,1000,207800,1
35196.095,1,739652,1000,207710,1
35196.103,2,739652,1000,207710,1
35196.119,1,739657,1000,207710,1
35196.491,2,739622,100,207800,1
35196.73,2,739657,1000,207710,1
35196.915,1,740060,1000,207800,1
35197.147,2,731786,600,207600,1
35197.343,2,740060,1000,207800,1
35197.363,1,740292,1000,207810,1
35197.423,1,740326,800,207310,1
35197.44,1,740332,600,207300,1
35197.448,1,740339,500,207400,1
35197.841,2,740292,1000,207810,1
35197.859,1,740590,1000,207800,1
35198.133,2,740590,1000,207800,1
35198.152,1,740721,1000,207820,1
35198.451,1,740843,400,200400,1
35198.632,1,740921,115,208000,-1
35199.507,1,741221,200,207800,1
35200.707,2,740721,1000,207820,1
35200.723,1,741803,1000,207900,1
35200.949,2,718640,900,208300,-1
35201.002,2,741803,1000,207900,1
35201.014,1,741959,1000,207800,1
35201.301,2,741959,1000,207800,1
35201.32,1,742072,1000,207810,1
35202.058,1,742404,200,208000,-1
35203.063,1,742958,2500,207500,1
35203.602,1,743265,400,207900,-1
35204.407,2,742072,1000,207810,1
35204.572,1,743815,1000,207800,1
35205.857,1,744532,200,207800,1
35207.1,5,743713,400,207820,1
35207.1,4,741221,200,207800,1
35207.1,4,743815,800,207800,1
35207.815,4,743815,200,207800,1
35207.815,4,744532,100,207800,1
35207.834,1,745546,1000,207800,1
35210.234,4,744532,100,207800,1
35210.234,4,745546,1000,207800,1
35210.254,5,746612,1000,207800,-1
35210.363,2,740326,800,207310,1
35210.366,2,740332,600,207300,1
35210.374,2,740339,500,207400,1
35210.381,1,746714,500,207500,1
35210.389,1,746718,500,207500,1
35210.459,1,746758,500,207510,1
35210.483,5,746612,400,207800,-1
35210.483,1,746776,600,207800,1
35210.584,2,746758,500,207510,1
35210.625,4,746776,1,207800,1
35210.844,4,746776,599,207800,1
35210.927,1,747023,900,207800,1
35210.958,1,747035,1000,207510,1
35211.928,1,747430,100,207800,1
35212.045,4,747023,900,207800,1
35212.389,4,747430,100,207800,1
35212.389,1,747618,1900,207800,-1
35213.599,2,742404,200,208000,-1
35213.625,2,747618,1900,207800,-1
35213.738,2,747035,1000,207510,1
35215.282,2,746718,500,207500,1
35215.374,5,748259,300,207710,1
35217.719,1,750223,400,207700,-1
35217.733,1,750236,2000,207100,1
35217.971,4,750223,400,207700,-1
35218.009,1,750423,400,207800,-1
35219.185,5,751017,200,207710,1
35219.185,5,751081,100,207710,1
35219.399,1,751662,100,207700,1
35219.852,4,750423,32,207800,-1
35220.122,4,750423,368,207800,-1
35220.122,1,752330,132,207800,1
35221.716,1,753739,88,207800,1
35222.133,2,743265,400,207900,-1
35223.982,5,754095,16,207950,-1
35226.485,5,754095,47,207950,-1
35227.205,4,752330,132,207800,1
35227.205,4,753739,68,207800,1
35227.447,1,758169,900,208300,-1
35229.059,4,753739,20,207800,1
35229.059,5,758617,80,207750,1
35232.063,5,754095,47,207950,-1
35232.907,2,758169,900,208300,-1
35233.171,1,761512,700,208300,-1
35233.52,4,740921,100,208000,-1
35234.013,4,740921,15,208000,-1
35234.013,5,761754,85,208000,-1
35234.187,2,718686,1000,208290,-1
35234.507,1,762132,1000,208290,-1
35234.563,1,762158,500,208300,-1
35234.676,5,762152,400,208000,-1
35234.703,2,762132,1000,208290,-1
35235.669,1,762781,1000,208000,1
35235.761,2,761512,700,208300,-1
35235.773,1,762876,1000,208290,-1
35235.997,1,763014,1000,208400,-1
35237.408,2,762876,1000,208290,-1
35237.993,2,751662,100,207700,1
35239.006,2,762158,500,208300,-1
35239.451,2,763014,1000,208400,-1
35239.493,1,765199,900,208500,-1
35239.628,1,765278,1000,208490,-1
35242.816,1,767141,1600,208000,1
35244.2,2,767141,1600,208000,1
35246.48,2,762781,1000,208000,1
35246.613,1,769349,1000,207510,1
35246.636,2,746714,500,207500,1
35246.643,1,769368,500,207600,1
35246.65,1,769372,300,207600,1
35246.753,2,769349,1000,207510,1
35246.783,1,769456,1000,207610,1
35246.964,2,769372,300,207600,1
35246.994,1,769538,300,207700,1
35247.082,2,769368,500,207600,1
35247.09,1,769580,500,207700,1
35247.097,2,769456,1000,207610,1
35247.243,1,769657,1000,207710,1
35247.492,5,768775,500,208190,-1
35247.492,5,768869,500,208190,-1
35247.496,5,762145,822,208240,-1
35247.496,5,766949,100,208290,-1
35247.504,1,769795,1000,208300,1
35247.52,4,769795,500,208300,1
35247.778,4,769795,400,208300,1
35247.837,2,769538,300,207700,1
35248.167,2,769580,500,207700,1
35248.192,1,770146,200,190000,1
35248.283,4,769795,100,208300,1
35248.283,5,769791,900,208300,1
35248.291,1,770209,1000,208300,1
35248.336,4,770209,1000,208300,1
35248.342,1,770259,178,208300,1
35248.358,4,770259,178,208300,1
35248.446,1,770329,1000,208200,-1
35250.473,2,770329,1000,208200,-1
35250.489,1,771692,1000,208190,-1
35251.347,2,771692,1000,208190,-1
35251.37,1,772250,1000,208200,-1
35252.129,2,772250,1000,208200,-1
35252.145,1,772713,1000,208190,-1
35253.089,1,773338,300,207700,1
35253.759,2,772713,1000,208190,-1
35253.778,1,773878,1000,208200,-1
35256.257,4,773878,1000,208200,-1
35256.276,1,775429,1000,208200,-1
35256.354,4,775429,200,208200,-1
35256.647,4,775429,100,208200,-1
35256.652,4,775429,500,208200,-1
35257.247,4,775429,100,208200,-1
35258.619,4,775429,100,208200,-1
35258.64,1,776709,1000,208200,-1
35258.847,2,773338,300,207700,1
35258.863,1,776862,300,207800,1
35259.334,4,776709,100,208200,-1
35259.992,4,776709,900,208200,-1
35260.018,1,777681,1000,208200,-1
35260.255,4,777681,200,208200,-1
35260.981,4,777681,800,208200,-1
35261.063,2,765278,1000,208490,-1
35261.429,1,778519,5000,208300,-1
35261.431,1,778521,1000,208490,-1
35261.753,2,778521,1000,208490,-1
35261.844,2,769657,1000,207710,1
35261.877,1,778770,1000,207810,1
35262.422,2,778770,1000,207810,1
35262.906,2,778519,5000,208300,-1
35264.977,2,776862,300,207800,1
35265.054,1,781084,1000,207510,1
35265.075,1,781095,300,207600,1
35265.178,2,781084,1000,207510,1
35265.292,1,781253,1000,207610,1
35265.458,2,781095,300,207600,1
35265.489,1,781348,300,207700,1
35265.563,2,781253,1000,207610,1
35265.598,1,781418,1000,207710,1
35267.58,2,765199,900,208500,-1
35268.353,1,783079,1000,208600,-1
35268.963,2,358718,3046,207000,1
35269.38,1,783624,3046,208000,1
35273.338,5,775735,500,208050,1
35273.338,5,782276,500,208050,1
35273.338,5,783647,300,208040,1
35273.338,5,783993,500,208030,1
35273.338,4,783624,200,208000,1
35274.267,1,786705,1000,208490,-1
35274.394,1,786772,500,208500,-1
35278.934,4,783624,300,208000,1
35279.082,2,783079,1000,208600,-1
35279.085,1,789347,700,208300,-1
35279.265,2,786772,500,208500,-1
35279.272,1,789453,500,208300,-1
35279.317,2,786705,1000,208490,-1
35279.351,2,789453,500,208300,-1
35279.388,1,789510,300,208290,-1
35279.476,2,789510,300,208290,-1
35279.751,4,783624,2546,208000,1
35279.848,2,781348,300,207700,1
35279.869,1,789743,300,207800,1
35280.221,2,789743,300,207800,1
35280.437,1,790014,300,207700,1
35280.583,1,790120,500,208290,-1
35281.407,2,781418,1000,207710,1
35281.427,2,790120,500,208290,-1
35282.313,1,790950,500,208290,-1
35283.898,2,790014,300,207700,1
35283.958,1,791756,1000,207510,1
35284.0,1,791769,300,207600,1
35284.517,2,790950,500,208290,-1
35284.553,1,792065,900,208280,-1
35285.9,1,792719,300,207500,1
35288.203,2,740843,400,200400,1
35288.291,1,793671,400,200400,1
35291.548,2,792065,900,208280,-1
35291.737,1,795223,500,208290,-1
35293.503,2,795223,500,208290,-1
35293.568,1,795953,200,208290,-1
35293.698,5,789807,200,208090,-1
35293.698,5,790741,400,208090,-1
35293.893,2,795953,200,208290,-1
35294.155,5,794436,1000,208230,-1
35294.155,5,796030,200,208230,-1
35294.352,5,796257,300,208240,-1
35294.352,5,796113,400,208250,-1
35294.352,5,796122,300,208250,-1
35294.352,5,796114,200,208260,-1
35294.842,2,791756,1000,207510,1
35294.869,5,796496,254,208050,1
35294.898,1,796531,1000,207610,1
35294.935,2,789347,700,208300,-1
35294.977,1,796565,1000,208500,-1
35295.052,1,796596,700,208490,-1
35295.871,2,791769,300,207600,1
35295.884,1,796915,300,207700,1
35296.047,2,796596,700,208490,-1
35296.073,2,796531,1000,207610,1
35296.099,1,796980,1000,207710,1
35296.117,1,796988,1000,208490,-1
35300.098,2,796980,1000,207710,1
35301.964,2,796915,300,207700,1
35302.067,1,799615,300,207600,1
35302.098,1,799627,1000,207510,1
35302.253,2,799627,1000,207510,1
35302.285,1,799695,1000,207610,1
35308.033,2,799615,300,207600,1
35308.047,1,802148,300,207700,1
35311.285,1,803762,1000,208000,-1
35311.336,1,803789,500,208500,-1
35318.422,2,799695,1000,207610,1
35320.044,2,802148,300,207700,1
35320.115,1,809313,300,207600,1
35320.193,1,809353,1000,207510,1
35320.413,2,809353,1000,207510,1
35320.446,1,809471,800,207610,1
35322.613,2,809471,800,207610,1
35322.749,1,810547,500,207610,1
35327.037,5,809333,100,207990,-1
35330.312,1,814382,1000,197500,1
35330.407,2,810547,500,207610,1
35330.573,1,814512,1000,207610,1
35332.116,1,815203,200,207900,1
35335.973,1,817054,400,209500,-1
35336.059,1,817089,1000,208200,-1
35337.703,4,815203,100,207900,1
35340.565,1,819125,200,207990,-1
35343.762,2,107351,1200,202000,1
35344.82,1,821020,1200,206300,1
35345.738,4,815203,100,207900,1
35346.936,2,814512,1000,207610,1
35347.362,1,822093,1000,207610,1
35349.692,2,822093,1000,207610,1
35357.396,1,826710,300,207900,-1
35362.016,2,809313,300,207600,1
35362.117,1,828763,300,207500,1
35362.162,1,828782,700,207510,1
35364.767,2,803762,1000,208000,-1
35365.434,2,796565,1000,208500,-1
35365.463,1,830547,1000,208200,-1
35370.142,2,828782,700,207510,1
35370.252,1,833254,1000,207510,1
35372.288,2,833254,1000,207510,1
35372.463,1,834584,600,207510,1
35373.316,2,817089,1000,208200,-1
35374.912,2,834584,600,207510,1
35376.106,2,803789,500,208500,-1
35376.114,1,836307,500,207900,-1
35376.938,2,828763,300,207500,1
35376.957,2,726731,800,207300,1
35378.463,2,826710,300,207900,-1
35379.538,1,838317,300,207700,-1
35383.84,2,838317,300,207700,-1
35386.392,2,796988,1000,208490,-1
35386.422,1,841806,1000,207890,-1
35388.797,2,841806,1000,207890,-1
35388.862,1,842902,600,207890,-1
35389.899,5,842878,400,207520,1
35389.899,5,837707,100,207510,1
35389.899,5,840291,500,207510,1
35389.899,5,842879,300,207510,1
35389.899,4,742958,1500,207500,1
35390.532,2,842902,600,207890,-1
35390.626,2,836307,500,207900,-1
35390.697,1,843665,900,207890,-1
35391.287,4,742958,200,207500,1
35391.546,2,843665,900,207890,-1
35391.642,1,844045,900,207980,-1
35392.2,4,742958,100,207500,1
35392.913,1,844590,300,208000,-1
35394.274,2,844045,900,207980,-1
35394.307,1,845559,400,207970,-1
35394.566,4,742958,700,207500,1
35394.566,4,792719,300,207500,1
35394.673,1,845781,1000,207110,1
35394.708,1,845809,300,207200,1
35394.832,2,845781,1000,207110,1
35394.877,1,845916,1000,207210,1
35395.002,2,845559,400,207970,-1
35395.226,1,846094,800,207980,-1
35396.871,1,847033,1000,207500,-1
35401.658,5,848088,200,207490,-1
35401.658,4,847033,699,207500,-1
35403.527,1,850939,2000,204000,1
35404.163,4,847033,301,207500,-1
35404.905,2,830547,1000,208200,-1
35404.948,1,851742,1000,207900,-1
35405.047,2,846094,800,207980,-1
35405.082,1,851830,1000,207890,-1
35408.875,2,851742,1000,207900,-1
35409.677,2,851830,1000,207890,-1
35409.707,1,854865,500,207880,-1
35410.066,2,854865,500,207880,-1
35410.096,1,855065,1000,207870,-1
35412.922,2,855065,1000,207870,-1
35413.017,1,856747,1000,207980,-1
35413.093,2,856747,1000,207980,-1
35413.162,1,856899,600,207970,-1
35413.945,1,857688,1000,207200,1
35415.576,2,856899,600,207970,-1
35415.612,1,858855,900,207960,-1
35415.663,2,858855,900,207960,-1
35417.723,1,860310,100,207600,1
35417.793,5,859920,300,207790,-1
35417.807,2,845809,300,207200,1
35417.85,1,860445,300,207300,1
35418.849,5,860560,48,207790,-1
35420.204,2,860310,100,207600,1
35420.262,2,845916,1000,207210,1
35420.307,1,862770,1000,207310,1
35420.516,2,860445,300,207300,1
35420.541,1,862966,300,207400,1
35420.607,2,862770,1000,207310,1
35420.817,1,863171,1000,207410,1
35421.554,1,863803,100,207700,1
35422.105,5,863838,178,207740,1
35422.105,5,861941,500,207710,1
35422.105,5,864086,322,207710,1
35425.257,2,862966,300,207400,1
35427.04,1,867368,900,208200,-1
35428.057,5,860322,254,207940,-1
35428.057,4,819125,146,207990,-1
35428.662,5,868266,100,207810,1
35429.728,2,863803,100,207700,1
35430.66,1,869367,500,207800,1
35431.255,1,869662,100,207800,1
35432.009,2,869662,100,207800,1
35433.255,5,870367,200,207810,1
35433.255,4,869367,500,207800,1
35433.341,1,870589,2500,207400,1
35433.75,1,870795,100,207800,1
35433.815,4,870795,100,207800,1
35435.065,5,870959,200,207890,-1
35435.065,5,868615,300,207950,-1
35435.065,5,868962,500,207960,-1
35438.357,2,844590,300,208000,-1
35438.496,1,872908,500,208200,-1
35440.703,1,873745,300,207900,-1
35443.078,1,875000,1900,203000,1
35444.101,1,875890,300,207000,1
35446.707,2,872908,500,208200,-1
35447.222,2,867368,900,208200,-1
35447.587,1,877682,800,208200,-1
35449.23,1,878387,200,207800,-1
35459.431,2,875890,300,207000,1
35459.638,1,883558,900,211800,-1
35460.59,1,884032,100,207800,-1
35467.905,2,870589,2500,207400,1
35474.913,2,884032,100,207800,-1
35477.186,1,891120,100,207790,-1
35478.13,1,891626,99,207700,1
35481.933,1,893343,2500,207400,1
35487.445,4,891626,99,207700,1
35489.083,5,896362,500,207710,1
35489.083,5,896511,300,207710,1
35489.181,4,891120,47,207790,-1
35492.692,1,899693,100,207800,-1
35492.891,2,893343,2500,207400,1
35493.271,4,891120,53,207790,-1
35493.285,4,878387,200,207800,-1
35493.307,4,899693,100,207800,-1
35495.409,5,901515,500,207790,-1
35497.832,1,902758,2500,207400,1
35502.007,1,904783,100,207800,-1
35505.717,2,863171,1000,207410,1
35509.207,1,908095,100,207700,-1
35513.922,2,902758,2500,207400,1
35514.051,1,911220,2500,207200,1
35514.066,1,911226,1000,207210,1
35514.34,2,857688,1000,207200,1
35514.43,1,911447,1000,207600,1
35514.486,4,911447,1000,207600,1
35516.25,1,912522,100,207600,-1
35517.381,1,913188,1000,207600,-1
35526.85,2,911226,1000,207210,1
35526.885,2,911220,2500,207200,1
35527.022,1,918564,1000,207110,1
35527.057,1,918578,2500,207100,1
35527.065,1,918581,500,207200,1
35527.397,2,918564,1000,207110,1
35527.506,1,918797,700,207210,1
35527.891,2,913188,1000,207600,-1
35527.966,2,918797,700,207210,1
35528.052,1,919071,1000,207210,1
35528.92,2,918578,2500,207100,1
35536.435,2,736978,2000,207000,1
35537.34,1,923118,100,207500,1
35538.293,1,923508,2000,206000,1
35544.426,1,926414,2000,207500,1
35544.739,2,912522,100,207600,-1
35544.74,2,908095,100,207700,-1
35544.742,2,904783,100,207800,-1
35544.846,1,926593,1000,207890,-1
35544.884,1,926612,500,207900,-1
35545.162,4,923118,100,207500,1
35545.162,4,926414,1900,207500,1
35545.173,4,926414,100,207500,1
35545.284,1,926812,2500,207200,1
35545.495,2,918581,500,207200,1
35545.611,2,919071,1000,207210,1
35546.545,1,927491,100,207600,-1
35546.581,1,927513,400,207600,-1
35548.75,1,928398,1200,207500,-1
35548.804,1,928423,100,207500,-1
35552.204,1,929657,1500,208900,-1
35555.056,1,930850,100,207400,-1
35555.589,2,331834,100,206000,1
35556.122,1,931292,500,207500,-1
35557.719,2,928398,1200,207500,-1
35558.14,2,927513,400,207600,-1
35558.238,2,931292,500,207500,-1
35558.435,1,932541,500,207400,-1
35558.648,2,877682,800,208200,-1
35558.693,1,932675,500,207700,-1
35559.391,2,930850,100,207400,-1
35559.406,1,933016,100,207390,-1
35560.658,2,933016,100,207390,-1
35566.07,1,935604,100,207290,-1
35566.146,2,926812,2500,207200,1
35566.161,4,935604,100,207290,-1
35566.161,1,935650,100,207300,1
35566.191,2,935650,100,207300,1
35567.55,5,936210,100,207300,1
35568.605,4,932541,44,207400,-1
35569.071,1,936867,1000,207300,1
35569.565,1,937131,100,207400,-1
35570.175,5,936809,500,207310,1
35570.175,4,936867,300,207300,1
35573.433,2,937131,100,207400,-1
35573.435,2,928423,100,207500,-1
35573.436,2,927491,100,207600,-1
35577.969,2,932675,500,207700,-1
35583.081,1,943366,500,207200,1
35583.286,2,105285,500,189800,1
35587.121,5,941618,500,207310,1
35592.504,5,946387,20,207310,1
35593.599,4,932541,47,207400,-1
35597.891,1,950138,100,206900,1
35601.633,1,951934,100,207400,-1
35612.518,5,956246,500,207390,-1
35615.93,1,958331,800,207700,-1
35616.173,1,958407,100,207400,-1
35617.206,4,936867,100,207300,1
35618.159,4,936867,600,207300,1
35619.121,1,959615,100,207300,-1
35619.623,5,959272,500,207210,1
35619.623,4,943366,500,207200,1
35619.781,2,932541,409,207400,-1
35619.871,1,959897,1000,207300,-1
35620.063,1,959971,409,207300,-1
35620.37,5,959809,500,207150,1
35620.37,5,960062,258,207110,1
35620.37,4,750236,1242,207100,1
35620.383,4,750236,200,207100,1
35620.384,4,750236,558,207100,1
35620.602,2,959971,409,207300,-1
35620.628,5,960090,400,207050,1
35620.644,5,960092,300,207040,1
35620.644,4,245244,600,207000,1
35620.644,4,412018,100,207000,1
35620.909,1,960310,409,207200,-1
35621.082,4,412018,368,207000,1
35621.082,4,463620,600,207000,1
35621.082,4,472638,132,207000,1
35621.357,4,472638,1000,207000,1
35621.36,4,472638,200,207000,1
35621.572,2,960310,409,207200,-1
35621.578,2,873745,300,207900,-1
35621.585,1,960554,1000,207100,-1
35621.663,4,472638,1168,207000,1
35621.663,4,477711,515,207000,1
35621.663,4,660007,500,207000,1
35621.844,1,960664,2500,206900,1
35622.059,5,960632,200,207060,-1
35622.49,2,960554,1000,207100,-1
35622.531,2,926612,500,207900,-1
35622.557,2,960664,2500,206900,1
35622.565,1,960940,900,206900,1
35622.805,2,959897,1000,207300,-1
35622.827,2,960940,900,206900,1
35622.977,5,961036,400,207010,1
35623.053,1,961129,900,206700,1
35624.099,1,961498,100,207100,-1
35624.333,1,961563,100,207100,-1
35625.556,2,961129,900,206700,1
35626.066,2,958331,800,207700,-1
35626.067,1,962161,500,207400,-1
35627.353,2,961563,100,207100,-1
35627.417,1,962618,100,206900,1
35628.363,2,950138,100,206900,1
35629.241,4,962618,100,206900,1
35629.869,1,963454,100,206910,1
35629.955,4,963454,100,206910,1
35629.997,1,963485,500,207000,-1
35630.815,1,963761,100,206900,-1
35631.073,1,963858,500,206700,1
35631.315,1,963950,500,207800,-1
35631.767,5,963852,100,206710,1
35632.131,1,964243,900,206400,1
35632.207,5,964200,200,206860,-1
35632.592,4,963761,100,206900,-1
35633.471,5,964290,17,206810,1
35633.66,2,963950,500,207800,-1
35635.962,1,965625,100,207000,-1
35636.468,1,965850,100,206910,1
35636.47,4,965850,100,206910,1
35638.193,1,966461,100,206900,-1
35639.238,5,966651,16,206710,1
35639.238,4,608129,84,206700,1
35639.291,2,963858,500,206700,1
35639.308,1,966805,1000,206700,1
35639.881,1,966994,100,206800,1
35640.185,4,966994,100,206800,1
35640.465,2,966805,1000,206700,1
35640.831,4,608129,100,206700,1
35641.323,4,608129,816,206700,1
35642.418,1,967977,100,206800,-1
35644.787,5,968129,100,206790,-1
35645.535,1,969229,100,206700,1
35645.712,4,967977,100,206800,-1
35645.781,1,969336,100,206800,1
35645.89,2,969336,100,206800,1
35646.477,5,967331,100,206890,-1
35646.581,4,966461,100,206900,-1
35646.683,2,965625,100,207000,-1
35646.685,2,961498,100,207100,-1
35646.686,2,959615,100,207300,-1
35646.687,2,958407,100,207400,-1
35646.689,2,951934,100,207400,-1
35647.793,2,969229,100,206700,1
35648.712,5,970099,400,206950,-1
35648.712,5,969716,100,206990,-1
35648.712,5,969992,500,206990,-1
35650.131,5,970468,100,206990,-1
35651.775,1,972024,100,206820,1
35651.87,2,963485,500,207000,-1
35652.081,2,926593,1000,207890,-1
35652.11,1,972160,800,207390,-1
35654.398,2,972024,100,206820,1
35654.482,1,973105,400,206600,1
35655.718,1,973640,84,207800,-1
35656.325,1,973852,100,206900,1
35656.49,2,10764,200,205100,1
35656.497,1,973911,200,206000,1
35657.55,1,974378,200,206900,1
35659.201,2,973852,100,206900,1
35660.632,1,975487,100,206920,1
35665.698,1,977121,100,192100,1
35666.949,2,25699,300,205000,1
35667.83,2,972160,800,207390,-1
35667.868,1,977911,500,207400,-1
35668.004,1,977953,1000,207380,-1
35669.026,2,975487,100,206920,1
35669.604,2,977953,1000,207380,-1
35669.659,2,977911,500,207400,-1
35672.914,2,974378,200,206900,1
35672.983,1,980036,500,206700,1
35673.064,1,980068,1000,206620,1
35673.498,2,980068,1000,206620,1
35673.578,1,980277,100,207020,1
35673.625,1,980301,1000,206710,1
35675.475,2,962161,500,207400,-1
35675.595,1,981144,1000,207790,-1
35675.72,2,980277,100,207020,1
35676.907,2,973105,400,206600,1
35676.928,1,981733,400,206700,1
35677.336,2,821020,1200,206300,1
35677.391,1,981987,200,207100,1
35677.685,1,982168,100,207100,1
35677.753,1,982201,200,207000,1
35677.929,2,964243,900,206400,1
35677.943,1,982271,1000,206700,1
35679.415,1,982945,1200,205500,1
35679.44,2,982168,100,207100,1
35682.905,1,984297,100,207100,1
35693.525,1,989120,500,207600,-1
35693.64,2,981144,1000,207790,-1
35693.821,1,989254,1000,207590,-1
35695.724,1,990270,100,207110,1
35697.033,2,984297,100,207100,1
35697.213,2,990270,100,207110,1
35697.315,2,989120,500,207600,-1
35698.87,1,991510,100,207120,1
35698.951,1,991543,500,207600,-1
35699.608,2,991543,500,207600,-1
35700.825,5,992113,200,207160,1
35700.825,5,990530,100,207130,1
35703.203,2,991510,100,207120,1
35704.905,1,993883,100,207400,-1
35705.197,2,980036,500,206700,1
35707.225,4,981987,200,207100,1
35707.456,1,994782,100,207200,1
35707.96,1,994959,200,207100,1
35708.611,2,994782,100,207200,1
35710.197,1,995874,100,207100,1
35712.244,2,994959,200,207100,1
35714.86,2,993883,100,207400,-1
35716.571,2,995874,100,207100,1
35717.081,1,999158,2000,210000,-1
35717.82,5,978416,48,207330,-1
35718.235,1,1000044,100,207120,1
35719.676,2,981733,400,206700,1
35719.696,1,1001012,400,207100,1
35720.51,2,1001012,400,207100,1
35721.078,5,1000598,200,207150,1
35721.078,5,1000113,400,207130,1
35721.078,5,1000126,100,207130,1
35721.442,4,1000044,100,207120,1
35724.462,1,1003580,400,207000,1
35725.811,2,1003580,400,207000,1
35729.795,2,980301,1000,206710,1
35729.819,1,1006474,800,207010,1
35730.324,2,1006474,800,207010,1
35735.435,2,989254,1000,207590,-1
35735.515,1,1009487,1000,207790,-1
35735.527,1,1009497,500,208000,-1
35735.63,2,1009497,500,208000,-1
35735.638,1,1009549,500,207800,-1
35740.375,1,1012078,1000,207010,1
35740.654,2,1012078,1000,207010,1
35741.229,1,1012675,900,207700,-1
35741.344,2,1009487,1000,207790,-1
35741.513,2,1009549,500,207800,-1
35741.52,1,1012823,1000,207690,-1
35741.521,1,1012825,500,207700,-1
35741.769,1,1012942,200,188300,1
35743.517,1,1013865,1000,207200,1
35745.809,1,1015296,1000,207270,-1
35746.624,2,1015296,1000,207270,-1
35746.649,1,1015809,1000,207300,-1
35746.67,4,1013865,1000,207200,1
35746.862,1,1015976,1000,207200,1
35747.124,4,1015976,200,207200,1
35747.361,2,1015809,1000,207300,-1
35747.367,4,1015976,800,207200,1
35747.384,1,1016238,1000,207290,-1
35747.396,1,1016244,1000,207200,1
35747.398,4,1016244,800,207200,1
35747.573,4,1016244,200,207200,1
35747.705,1,1016396,1000,207200,1
35748.518,2,982201,200,207000,1
35748.935,1,1016995,200,207200,1
35749.57,4,1016396,1000,207200,1
35749.57,4,1016995,200,207200,1
35749.656,1,1017315,400,206700,1
35749.663,1,1017319,500,206800,1
35749.67,1,1017323,1000,206710,1
35749.703,1,1017350,1000,207200,1
35749.851,4,1017350,84,207200,1
35749.947,2,1017350,916,207200,1
35749.977,1,1017504,916,207100,1
35750.568,4,1017504,916,207100,1
35750.641,5,1017814,352,207240,-1
35750.641,5,1017474,500,207250,-1
35750.641,5,1014213,148,207270,-1
35750.65,5,1014213,352,207270,-1
35750.65,5,1014242,448,207270,-1
35750.667,2,1017319,500,206800,1
35750.7,2,1017323,1000,206710,1
35750.804,1,1017897,500,206800,1
35750.829,2,1016238,1000,207290,-1
35750.843,1,1017924,1000,207300,-1
35750.89,2,1017924,1000,207300,-1
35750.909,1,1017963,1000,207200,-1
35750.91,1,1017964,1000,206810,1
35750.963,2,1012825,500,207700,-1
35751.032,5,1017991,52,207190,-1
35751.032,4,1017963,248,207200,-1
35751.207,2,1017897,500,206800,1
35751.272,2,1017963,752,207200,-1
35751.294,1,1018157,1000,207300,-1
35751.909,5,1018165,500,207110,1
35752.4,2,1018157,1000,207300,-1
35752.451,5,1018625,400,207130,1
35752.545,1,1018768,1000,207290,-1
35753.137,1,1019045,100,207100,-1
35753.152,2,1018768,1000,207290,-1
35753.167,1,1019057,1000,207100,-1
35753.186,2,1019057,1000,207100,-1
35753.202,1,1019067,1000,207100,-1
35753.211,2,1019067,1000,207100,-1
35753.233,1,1019080,1000,207290,-1
35753.245,2,1019080,1000,207290,-1
35753.268,1,1019098,1000,207290,-1
35753.288,2,1019098,1000,207290,-1
35753.31,1,1019124,1000,207200,-1
35753.669,2,1017964,1000,206810,1
35753.794,1,1019380,1000,206710,1
35753.975,2,973640,84,207800,-1
35754.209,2,982271,1000,206700,1
35755.071,1,1020000,1000,207100,-1
35755.087,2,1019124,1000,207200,-1
35755.104,1,1020014,1000,207100,-1
35755.114,2,1020014,1000,207100,-1
35755.128,1,1020025,1000,207100,-1
35755.138,2,1020025,1000,207100,-1
35755.151,1,1020036,1000,207200,-1
35755.16,2,1020036,1000,207200,-1
35755.182,1,1020053,1000,207200,-1
35755.256,2,1020053,1000,207200,-1
35755.271,1,1020086,1000,207090,-1
35755.301,1,1020106,1000,206600,1
35755.85,2,1017315,400,206700,1
35756.428,2,1020086,1000,207090,-1
35756.45,1,1020584,1000,207100,-1
35756.56,2,1019380,1000,206710,1
35756.678,1,1020681,400,206600,1
35757.278,2,1020584,1000,207100,-1
35757.292,1,1020988,1000,207090,-1
35757.468,1,1021057,600,207300,-1
35759.799,2,1020988,1000,207090,-1
35759.815,1,1022235,1000,207100,-1
35759.905,2,1012675,900,207700,-1
35759.948,1,1022282,500,207400,-1
35760.139,1,1022354,1000,206620,1
35762.425,1,1023532,500,207600,-1
35762.94,2,1020681,400,206600,1
35762.957,1,1023931,400,206700,1
35763.146,2,1022354,1000,206620,1
35763.19,1,1024090,1000,206710,1
35764.82,2,1020000,1000,207100,-1
35766.29,2,1021057,600,207300,-1
35768.23,2,1022282,500,207400,-1
35768.746,5,1019323,100,207090,-1
35768.746,4,1019045,100,207100,-1
35768.746,4,1022235,600,207100,-1
35769.435,4,1022235,400,207100,-1
35769.5,2,1012823,1000,207690,-1
35769.501,1,1028184,1000,207100,-1
35770.631,4,1028184,100,207100,-1
35771.56,4,1028184,200,207100,-1
35772.4,2,1028184,700,207100,-1
35772.485,1,1030803,1000,207590,-1
35772.56,1,1030878,1000,207200,-1
35772.876,2,1023931,400,206700,1
35772.891,1,1031221,400,206800,1
35772.967,2,1030878,1000,207200,-1
35772.986,1,1031295,1000,207100,-1
35773.03,4,1031295,216,207100,-1
35773.127,4,1031295,216,207100,-1
35773.186,2,1031295,568,207100,-1
35773.328,1,1031650,1000,207200,-1
35773.922,1,1032227,700,207100,1
35774.52,4,1031650,300,207200,-1
35775.959,1,1034195,100,207100,1
35776.286,1,1034526,2000,206810,1
35776.328,4,1031650,100,207200,-1
35776.832,4,1031650,300,207200,-1
35777.037,4,1031650,300,207200,-1
35777.037,5,1035151,100,207200,-1
35777.154,1,1035465,1000,207200,-1
35777.499,4,1035465,200,207200,-1
35777.574,4,1035465,100,207200,-1
35777.638,4,1035465,636,207200,-1
35777.709,2,1035465,64,207200,-1
35777.725,1,1036103,1000,207200,-1
35777.892,4,1036103,900,207200,-1
35777.896,2,1032227,700,207100,1
35777.987,4,1036103,100,207200,-1
35777.987,5,1035151,900,207200,-1
35777.987,1,1036420,100,207200,1
35778.127,2,1036420,100,207200,1
35778.163,2,1020106,1000,206600,1
35778.167,1,1036683,900,206900,1
35778.191,2,1031221,400,206800,1
35778.216,1,1036742,200,207200,1
35778.408,1,1037022,84,207300,-1
35779.449,2,1034195,100,207100,1
35780.84,2,1037022,84,207300,-1
35780.856,1,1039896,100,207200,1
35780.869,1,1039913,84,207400,-1
35780.949,2,1030803,1000,207590,-1
35781.296,5,1039690,100,207300,-1
35781.643,5,1039690,500,207300,-1
35782.106,5,1039690,100,207300,-1
35782.486,5,1039690,100,207300,-1
35783.173,5,1039690,200,207300,-1
35783.654,4,1039913,84,207400,-1
35783.923,2,1039896,100,207200,1
35784.828,1,1043625,200,207400,1
35785.946,5,1044626,1000,207500,-1
35786.495,1,1045123,500,207400,1
35786.966,1,1045482,900,207900,-1
35787.891,2,1045123,500,207400,1
35788.527,1,1046560,468,211000,-1
35789.331,4,1023532,200,207600,-1
35790.296,1,1047845,400,207400,1
35790.371,2,1045482,900,207900,-1
35790.65,2,1047845,400,207400,1
35792.326,1,1049250,800,207800,-1
35794.313,2,1049250,800,207800,-1
35794.755,1,1050927,200,207800,-1
35795.935,5,1048813,200,207450,1
35797.193,1,1052948,500,207600,-1
35797.858,2,1036742,200,207200,1
35801.999,4,1043625,200,207400,1
35802.05,2,1024090,1000,206710,1
35802.143,1,1057157,3000,206900,1
35802.205,1,1057215,1000,206910,1
35802.829,1,1057897,220,207500,-1
35803.779,2,1057215,1000,206910,1
35803.859,1,1058744,600,206910,1
35804.284,2,1058744,600,206910,1
35804.334,1,1059068,1000,206920,1
35805.273,2,477350,2000,203500,1
35806.035,2,1057157,3000,206900,1
35806.78,2,1059068,1000,206920,1
35806.874,1,1061393,700,206930,1
35807.684,2,1061393,700,206930,1
35807.99,1,1062387,1000,206910,1
35808.499,2,1062387,1000,206910,1
35808.599,1,1062861,700,206910,1
35808.934,1,1063119,100,207300,1
35809.139,2,1062861,700,206910,1
35812.287,1,1065523,500,207400,-1
35814.388,5,1065541,400,207380,-1
35814.388,4,1065523,100,207400,-1
35814.747,1,1067198,200,207300,1
35814.829,4,1065523,400,207400,-1
35818.146,2,1063119,100,207300,1
35821.455,5,1070415,200,207460,-1
35823.666,1,1073275,600,207400,1
35824.077,2,1067198,200,207300,1
35825.319,4,1073275,300,207400,1
35825.325,1,1074302,1000,207490,-1
35826.385,4,1073275,300,207400,1
35826.513,1,1074945,400,206910,1
35827.197,2,1057897,220,207500,-1
35831.0,2,1074302,1000,207490,-1
35832.033,1,1077900,100,207100,1
35832.104,2,1074945,400,206910,1
35832.153,1,1077968,400,207110,1
35832.486,1,1078157,500,207100,1
35832.574,2,1077968,400,207110,1
35832.61,1,1078274,700,207120,1
35833.528,2,1078274,700,207120,1
35833.603,2,1078157,500,207100,1
35833.684,1,1078979,500,207110,1
35835.903,2,1078979,500,207110,1
35836.149,1,1080419,900,207110,1
35837.361,1,1081136,515,211000,-1
35837.53,1,1081226,100,207410,-1
35839.549,2,237264,3544,202000,1
35840.53,2,1081226,100,207410,-1
35841.314,2,1050927,200,207800,-1
35841.341,1,1083505,100,207400,1
35842.545,1,1084395,100,202500,1
35844.383,2,1077900,100,207100,1
35844.576,1,1085471,1878,207600,-1
35845.287,1,1085982,800,207800,-1
35852.16,4,1083505,100,207400,1
35853.059,2,1080419,900,207110,1
35853.142,1,1089741,3000,206900,1
35853.219,1,1089774,800,206910,1
35853.389,2,1089774,800,206910,1
35853.559,1,1089915,300,206910,1
35855.645,1,1090739,100,201500,1
35856.089,2,1089915,300,206910,1
35856.233,1,1090989,800,206910,1
35857.246,2,1036683,900,206900,1
35857.454,1,1091448,700,207590,-1
35857.484,2,1091448,700,207590,-1
35857.533,1,1091474,1000,207590,-1
35857.699,2,1091474,1000,207590,-1
35857.793,1,1091575,1000,207590,-1
35857.857,1,1091592,500,207600,-1
35859.725,5,1089843,100,207210,1
35860.14,2,1091575,1000,207590,-1
35860.309,1,1092753,500,207590,-1
35860.499,2,1092753,500,207590,-1
35860.579,1,1092934,1000,207590,-1
35860.788,1,1093060,2000,207400,-1
35863.719,2,1089741,3000,206900,1
35886.325,1,1105955,200,207200,1
35886.766,4,1105955,200,207200,1
35887.914,1,1106703,3000,207300,-1
35889.109,2,1090989,800,206910,1
35889.273,1,1107822,3000,206800,1
35889.556,2,1106703,3000,207300,-1
35889.671,2,1091592,500,207600,-1
35889.685,1,1108100,500,207400,-1
35889.805,1,1108195,3000,207200,-1
35890.344,2,982945,1200,205500,1
35892.434,1,1109577,1200,206000,1
35895.746,2,1108195,3000,207200,-1
35895.898,1,1110919,3000,207100,-1
35897.946,2,1110919,3000,207100,-1
35898.116,2,1107822,3000,206800,1
35898.123,2,1092934,1000,207590,-1
35898.19,1,1111818,3000,207000,-1
35898.233,1,1111843,800,207390,-1
35899.757,2,1111818,3000,207000,-1
35900.529,2,1111843,800,207390,-1
35900.559,1,1112912,400,207380,-1
35900.888,2,1112912,400,207380,-1
35900.918,1,1113135,1000,207370,-1
35901.668,5,1112597,200,206860,1
35901.668,5,1112605,400,206860,1
35901.668,5,1113533,300,206840,1
35901.668,4,1034526,800,206810,1
35902.862,2,268945,2000,206610,1
35910.369,2,1113135,1000,207370,-1
35910.373,2,1108100,500,207400,-1
35910.454,1,1117747,600,207360,-1
35910.669,2,1117747,600,207360,-1
35910.819,1,1117936,200,207390,-1
35911.213,2,1117936,200,207390,-1
35911.359,1,1118332,600,207390,-1
35911.403,2,1118332,600,207390,-1
35911.835,5,1118410,200,207100,-1
35914.33,5,1120016,200,207110,1
35914.84,1,1120334,1100,207200,-1
35915.077,4,1120334,200,207200,-1
35915.262,1,1120506,1000,206800,1
35915.431,4,1120334,100,207200,-1
35915.956,4,1120334,800,207200,-1
35916.063,1,1120793,1000,206820,1
35916.528,2,1120793,1000,206820,1
35916.569,1,1120976,700,206830,1
35916.791,1,1121072,3000,206800,1
35917.063,2,1120976,700,206830,1
35917.143,5,1121109,100,207250,-1
35917.533,1,1121319,700,206820,1
35919.758,2,1121319,700,206820,1
35919.908,1,1122507,400,206820,1
35919.923,2,1122507,400,206820,1
35920.857,2,1121072,3000,206800,1
35920.999,1,1123149,1000,207300,-1
35924.477,5,1124892,500,206860,1
35924.477,5,1122534,300,206840,1
35924.477,4,1034526,1200,206810,1
35924.477,4,1120506,1000,206800,1
35924.604,1,1125023,3000,206500,1
35924.639,1,1125034,1000,206510,1
35925.764,1,1125631,600,207290,-1
35925.813,2,1125034,1000,206510,1
35926.408,1,1125937,1000,206510,1
35926.713,2,1125631,600,207290,-1
35926.843,1,1126204,300,207290,-1
35927.086,2,1123149,1000,207300,-1
35927.089,1,1126324,1000,207000,-1
35927.17,2,1126204,300,207290,-1
35927.683,2,1125937,1000,206510,1
35927.73,1,1126743,100,206800,1
35927.774,4,1126743,100,206800,1
35927.844,1,1126827,100,206800,1
35927.882,2,1126827,100,206800,1
35927.905,1,1126870,100,206800,1
35927.996,4,1126870,100,206800,1
35931.247,2,1126324,1000,207000,-1
35931.25,1,1128625,1000,206800,-1
35931.309,1,1128655,600,207390,-1
35931.323,2,1128655,600,207390,-1
35931.7,2,1052948,500,207600,-1
35936.778,1,1131138,284,206700,1
35936.841,2,1125023,3000,206500,1
35936.858,1,1131213,700,206700,1
35939.081,2,1131213,700,206700,1
35941.395,4,1128625,100,206800,-1
35941.438,4,1131138,284,206700,1
35943.488,2,1128625,900,206800,-1
35943.612,1,1134165,500,207400,-1
