34200.135,4,193350,150,238700,1
34200.459,4,193350,300,238700,1
34200.48,4,193350,50,238700,1
34200.888,1,194546,94,239000,-1
34200.895,1,194549,1900,229500,1
34200.947,1,194563,1900,247800,-1
34201.407,2,194057,200,238800,-1
34201.857,1,195150,2000,238980,-1
34202.422,1,195822,2000,237120,1
34202.729,1,196088,170,240200,-1
34203.056,1,196357,400,239500,-1
34203.114,1,196397,400,239700,-1
34203.547,1,196750,2000,120000,1
34203.661,1,196823,200,238700,-1
34203.779,5,196706,500,238450,1
34204.641,2,196823,200,238700,-1
34205.634,1,198147,200,238600,-1
34205.728,1,198211,2000,238480,-1
34205.943,1,198364,200,238400,-1
34205.949,2,195150,2000,238980,-1
34205.953,2,198147,200,238600,-1
34206.17,1,198528,1000,238000,1
34206.267,1,198576,2000,237920,1
34206.364,1,198645,200,238300,-1
34206.372,2,198364,200,238400,-1
34206.594,2,198576,2000,237920,1
34206.597,2,195822,2000,237120,1
34206.703,2,198645,200,238300,-1
34207.393,5,198539,200,238020,1
34207.393,4,198528,68,238000,1
34207.581,1,199441,2000,237920,1
34207.656,2,199441,2000,237920,1
34208.039,4,198528,900,238000,1
34208.452,2,198211,2000,238480,-1
34209.08,1,200401,200,238300,-1
34209.996,1,200977,2000,238380,-1
34210.349,1,201164,1500,238200,-1
34210.547,1,201291,2000,237720,1
34211.384,2,200401,200,238300,-1
34211.544,1,202046,2000,238180,-1
34211.759,2,201291,2000,237720,1
34211.761,2,202046,2000,238180,-1
34211.768,4,198528,32,238000,1
34211.768,1,202242,226,238000,-1
34211.836,2,200977,2000,238380,-1
34211.901,1,202344,140,237900,-1
34211.923,2,202344,140,237900,-1
34211.931,1,202361,140,237800,-1
34212.06,2,201164,1500,238200,-1
34212.113,1,202525,2000,237800,-1
34212.153,2,202525,2000,237800,-1
34212.782,1,203018,2000,237800,-1
34212.814,5,202368,200,237750,-1
34212.814,4,202361,140,237800,-1
34212.814,4,203018,160,237800,-1
34212.817,1,203044,200,237910,-1
34212.94,2,203018,1840,237800,-1
34213.387,2,203044,200,237910,-1
34213.612,1,203519,160,237120,1
34213.876,1,203688,140,238600,-1
34214.162,1,203964,2000,238080,-1
34214.528,2,203964,2000,238080,-1
34214.816,1,204535,200,237700,-1
34214.937,2,204535,200,237700,-1
34215.079,1,204664,2000,238180,-1
34215.141,2,204664,2000,238180,-1
34215.633,1,205085,2000,237980,-1
34215.713,2,205085,2000,237980,-1
34216.216,1,205561,2000,238280,-1
34216.558,1,205771,200,237700,-1
34216.91,1,206077,2000,237980,-1
34217.238,2,205561,2000,238280,-1
34217.782,2,206077,2000,237980,-1
34218.002,1,206861,2000,237880,-1
34222.309,1,209473,200,237600,-1
34222.31,2,205771,200,237700,-1
34223.514,2,206861,2000,237880,-1
34223.547,1,210221,500,242000,-1
34223.611,2,209473,200,237600,-1
34224.613,1,210715,200,237600,-1
34224.805,1,210835,2000,237980,-1
34226.357,1,211695,200,237500,-1
34226.359,2,210715,200,237600,-1
34228.544,2,211695,200,237500,-1
34233.294,1,214895,200,237600,-1
34233.711,2,214895,200,237600,-1
34234.394,2,210835,2000,237980,-1
34234.494,2,187188,1000,232000,1
34234.505,1,215474,2000,238080,-1
34234.659,1,215537,100,220000,1
34234.766,1,215582,1000,239400,-1
34235.122,1,215694,1000,230000,1
34235.646,1,215881,300,237400,1
34235.706,1,215903,40,237520,1
34236.161,2,215474,2000,238080,-1
34236.202,2,203519,160,237120,1
34236.266,1,216162,2000,238280,-1
34236.858,2,215903,40,237520,1
34236.925,1,216508,40,237420,1
34237.297,1,216696,3050,237500,1
34237.488,1,216778,2000,238080,-1
34237.503,2,216162,2000,238280,-1
34237.538,2,216778,2000,238080,-1
34237.672,5,216706,100,237550,1
34237.769,5,216706,100,237550,1
34237.769,4,216696,200,237500,1
34237.867,1,216978,1000,238500,-1
34238.031,1,217065,40,237620,1
34238.274,4,217065,40,237620,1
34238.274,4,216696,2850,237500,1
34238.274,4,216508,40,237420,1
34238.274,4,215881,300,237400,1
34238.274,5,212972,100,237400,1
34238.274,5,217188,170,237400,1
34238.361,5,217188,30,237400,1
34238.361,1,217244,70,237400,-1
34238.373,4,217244,70,237400,-1
34238.64,1,217377,40,237880,-1
34238.799,2,216978,1000,238500,-1
34239.318,1,217632,100,237800,-1
34239.511,1,217699,500,237500,1
34239.733,4,217699,500,237500,1
34240.007,1,217905,2000,236920,1
34240.054,1,217926,40,237680,-1
34240.072,2,217377,40,237880,-1
34240.083,2,217632,100,237800,-1
34240.322,2,217905,2000,236920,1
34240.536,1,218176,2000,236720,1
34241.085,1,218390,2000,237020,1
34241.554,2,218176,2000,236720,1
34241.556,2,218390,2000,237020,1
34241.769,1,218699,2000,236720,1
34241.841,2,24886,100,248500,-1
34241.849,1,218730,100,240000,-1
34242.315,1,218924,2000,236920,1
34242.368,2,218924,2000,236920,1
34242.863,1,219094,2000,236920,1
34243.202,2,218699,2000,236720,1
34244.978,2,219094,2000,236920,1
34245.097,1,219927,2000,236720,1
34245.55,1,220120,1000,238700,-1
34245.753,1,220211,2000,236920,1
34245.951,2,220211,2000,236920,1
34245.952,2,219927,2000,236720,1
34246.348,1,220421,2000,236720,1
34246.648,1,220596,200,237600,-1
34246.9,2,220421,2000,236720,1
34246.902,1,220710,40,237500,-1
34247.044,2,217926,40,237680,-1
34247.389,2,220596,200,237600,-1
34247.475,2,220710,40,237500,-1
34247.527,1,220959,2000,236620,1
34248.282,1,221251,800,237600,-1
34249.553,1,221755,200,237700,-1
34249.849,1,221894,40,237480,-1
34250.136,1,222052,200,237580,-1
34250.227,2,221755,200,237700,-1
34250.744,4,221894,40,237480,-1
34250.744,5,220602,160,237550,-1
34250.831,1,222299,2000,237580,-1
34251.114,2,222052,200,237580,-1
34251.484,1,222538,2000,236920,1
34251.793,2,222299,2000,237580,-1
34251.864,5,222254,100,237530,-1
34251.925,2,220959,2000,236620,1
34252.034,1,222784,2000,237580,-1
34253.55,1,223448,1500,237400,-1
34253.66,2,222538,2000,236920,1
34253.849,1,223566,200,237520,-1
34253.906,1,223585,2000,236820,1
34254.383,2,223566,200,237520,-1
34254.917,5,223455,200,237380,-1
34254.917,4,223448,1500,237400,-1
34255.605,1,224299,500,237320,1
34255.787,1,224388,2000,237120,1
34255.803,2,222784,2000,237580,-1
34256.094,2,223585,2000,236820,1
34256.37,1,224620,2000,237780,-1
34256.937,1,224855,200,237700,-1
34259.117,2,196357,400,239500,-1
34259.164,1,225843,500,237420,1
34259.565,2,194546,94,239000,-1
34259.66,1,226055,500,244900,-1
34259.767,2,224620,2000,237780,-1
34259.921,1,226176,200,239400,-1
34259.93,1,226180,94,237600,-1
34260.406,2,224299,500,237320,1
34260.856,5,226570,500,237440,1
34260.856,4,225843,100,237420,1
34261.181,1,226916,400,233500,1
34261.516,1,227138,400,239500,-1
34263.544,4,225843,200,237420,1
34265.884,4,225843,100,237420,1
34265.96,2,187963,4051,249000,-1
34265.968,1,229851,3951,249000,-1
34266.016,2,187965,49,249000,-1
34266.025,1,229874,149,249000,-1
34266.155,2,224855,200,237700,-1
34266.712,1,230251,200,237620,-1
34266.83,2,225843,100,237420,1
34266.977,2,230251,200,237620,-1
34267.127,1,230474,2000,237880,-1
34267.572,2,224388,2000,237120,1
34267.703,1,230788,2000,237020,1
34267.769,2,230788,2000,237020,1
34268.251,1,231079,2000,237580,-1
34268.703,2,230474,2000,237880,-1
34268.831,1,231392,2000,236920,1
34268.965,1,231478,990,237500,-1
34269.344,1,231697,800,242500,-1
34270.055,5,231532,200,237470,-1
34270.055,5,231751,400,237480,-1
34272.489,2,231079,2000,237580,-1
34272.599,1,233464,2000,237120,1
34273.032,2,231392,2000,236920,1
34273.115,2,233464,2000,237120,1
34273.144,1,233815,2000,237580,-1
34273.19,2,233815,2000,237580,-1
34273.691,1,234110,2000,237580,-1
34273.84,2,234110,2000,237580,-1
34274.235,1,234420,2000,237480,-1
34274.544,2,234420,2000,237480,-1
34274.782,1,234763,2000,237580,-1
34275.109,2,234763,2000,237580,-1
34275.368,1,235087,2000,237480,-1
34275.398,2,215694,1000,230000,1
34275.447,2,220120,1000,238700,-1
34275.816,1,235424,1000,228000,1
34275.906,1,235479,2000,236920,1
34275.917,2,235087,2000,237480,-1
34277.023,1,236049,2000,237480,-1
34277.025,2,235479,2000,236920,1
34277.039,2,186619,600,237000,1
34277.062,1,236073,500,236500,1
34277.566,1,236329,2000,236620,1
34277.591,2,236073,500,236500,1
34277.599,1,236336,500,236600,1
34277.728,2,236049,2000,237480,-1
34278.134,1,236505,2000,237580,-1
34278.54,1,236628,400,238700,-1
34278.795,1,236701,2000,237400,-1
34278.834,2,236701,2000,237400,-1
34279.635,2,90210,1000,236300,1
34280.296,1,237174,200,237400,-1
34280.667,1,237348,2000,237380,-1
34280.77,2,236505,2000,237580,-1
34280.998,2,237174,200,237400,-1
34281.03,1,237522,990,237300,-1
34281.43,4,237522,300,237300,-1
34281.494,2,236336,500,236600,1
34281.915,2,237348,2000,237380,-1
34282.235,1,238135,2000,237480,-1
34282.377,1,238189,400,237100,-1
34282.38,4,238189,300,237100,-1
34282.381,4,238189,100,237100,-1
34282.843,2,237522,690,237300,-1
34282.86,5,237848,100,237300,-1
34283.163,2,231478,990,237500,-1
34283.761,2,238135,2000,237480,-1
34283.945,1,239066,2000,237480,-1
34284.217,2,239066,2000,237480,-1
34284.485,1,239454,2000,237480,-1
34285.71,1,240095,500,237400,-1
34285.822,1,240187,200,237500,-1
34285.837,1,240199,2000,237280,-1
34285.839,2,239454,2000,237480,-1
34285.894,2,240199,2000,237280,-1
34286.079,1,240307,200,237400,-1
34286.205,2,240187,200,237500,-1
34286.206,2,240307,200,237400,-1
34286.394,1,240467,2000,237580,-1
34286.948,1,240676,2000,237380,-1
34286.951,2,240467,2000,237580,-1
34287.707,2,240676,2000,237380,-1
34287.814,1,240978,2000,237580,-1
34288.797,1,241341,2000,237280,-1
34289.128,2,240978,2000,237580,-1
34289.227,1,241512,200,237400,-1
34289.593,2,226180,94,237600,-1
34289.917,1,241761,94,237400,-1
34290.027,2,241512,200,237400,-1
34290.657,2,241341,2000,237280,-1
34290.766,1,242139,2000,237380,-1
34290.804,2,242139,2000,237380,-1
34291.317,1,242329,2000,237480,-1
34291.837,2,242329,2000,237480,-1
34291.976,1,242544,2000,237580,-1
34293.178,2,242544,2000,237580,-1
34293.617,1,243293,2000,237280,-1
34300.252,1,245620,100,236630,1
34300.329,2,245620,100,236630,1
34300.613,2,243293,2000,237280,-1
34300.723,1,245785,2000,237480,-1
34301.17,2,245785,2000,237480,-1
34301.307,1,245994,200,237500,-1
34301.316,1,246001,2000,237580,-1
34301.552,1,246087,1000,236630,1
34301.571,2,245994,200,237500,-1
34302.314,1,246375,2000,237300,-1
34302.79,2,246001,2000,237580,-1
34303.65,2,246375,2000,237300,-1
34303.755,1,246946,2000,237300,-1
34304.282,2,246087,1000,236630,1
34304.36,2,246946,2000,237300,-1
34304.41,1,247240,2000,237380,-1
34305.335,2,247240,2000,237380,-1
34305.445,1,247648,2000,237380,-1
34305.556,1,247722,300,236630,1
34305.662,1,247780,200,237500,-1
34305.845,2,247780,200,237500,-1
34305.856,1,247883,400,237400,-1
34307.541,1,248693,3000,237200,-1
34307.571,2,236329,2000,236620,1
34307.829,1,248845,200,237300,-1
34308.117,1,249024,2000,236620,1
34308.797,1,249534,2000,237180,-1
34308.987,2,249534,2000,237180,-1
34309.691,1,250077,2000,237180,-1
34309.99,2,249024,2000,236620,1
34310.124,2,247648,2000,237380,-1
34310.194,2,250077,2000,237180,-1
34310.339,1,250461,1000,237100,-1
34310.741,2,248845,200,237300,-1
34312.111,2,247722,300,236630,1
34312.144,1,251214,500,236500,1
34312.329,1,251273,2000,236620,1
34312.366,2,251214,500,236500,1
34312.374,1,251287,500,236600,1
34313.015,2,251273,2000,236620,1
34313.145,1,251515,2000,236520,1
34313.535,1,251628,1000,236610,1
34313.595,2,251628,1000,236610,1
34313.682,1,251665,2000,237100,-1
34313.766,2,251665,2000,237100,-1
34314.257,1,251843,2000,236720,1
34314.472,2,251515,2000,236520,1
34315.195,2,251843,2000,236720,1
34315.234,1,252153,2000,236620,1
34315.335,2,252153,2000,236620,1
34315.535,1,252295,700,236610,1
34315.786,1,252404,2000,237180,-1
34316.317,5,251670,240,237050,-1
34316.317,4,250461,360,237100,-1
34316.35,1,252620,2000,236620,1
34316.393,2,252295,700,236610,1
34316.411,2,247883,400,237400,-1
34316.448,2,252404,2000,237180,-1
34316.569,2,252620,2000,236620,1
34316.907,1,252849,2000,236720,1
34317.343,2,252849,2000,236720,1
34317.458,1,253063,2000,236620,1
34317.537,2,253063,2000,236620,1
34317.549,1,253108,1000,236630,1
34318.016,1,253239,2000,237180,-1
34318.124,2,253239,2000,237180,-1
34318.823,1,253655,2000,237180,-1
34318.908,2,251287,500,236600,1
34319.382,1,253945,2000,236520,1
34319.413,2,253655,2000,237180,-1
34319.516,4,250461,640,237100,-1
34319.516,5,250548,100,237100,-1
34319.516,1,254022,260,237100,1
34319.541,1,254034,200,237200,-1
34319.607,2,241761,94,237400,-1
34319.685,4,254022,260,237100,1
34319.685,1,254119,2740,237100,-1
34319.743,2,227138,400,239500,-1
34319.901,1,254258,400,239500,-1
34319.922,1,254276,2000,237380,-1
34320.052,1,254375,94,237100,-1
34320.474,1,254570,2000,237180,-1
34320.866,2,254276,2000,237380,-1
34320.92,2,254570,2000,237180,-1
34321.088,1,254855,2000,236720,1
34321.297,2,254855,2000,236720,1
34321.632,1,255079,2000,237180,-1
34322.985,2,253108,1000,236630,1
34323.055,2,254375,94,237100,-1
34323.19,1,256066,94,237100,-1
34323.553,1,256377,500,236530,1
34324.005,1,256672,400,237010,-1
34324.159,2,253945,2000,236520,1
34324.351,1,256873,200,237110,-1
34324.359,2,254034,200,237200,-1
34324.438,1,256922,2000,236420,1
34324.443,4,256672,400,237010,-1
34324.443,5,256863,93,237070,-1
34324.443,4,254119,7,237100,-1
34324.737,2,256873,200,237110,-1
34324.94,2,256377,500,236530,1
34325.561,1,257573,800,236430,1
34326.586,2,240095,500,237400,-1
34326.668,1,258167,200,240000,-1
34327.797,2,254119,2733,237100,-1
34329.013,2,255079,2000,237180,-1
34329.766,1,259560,2000,237100,-1
34329.867,2,259560,2000,237100,-1
34329.888,5,259256,100,237000,-1
34332.987,1,260931,2000,232000,1
34334.483,4,256066,94,237100,-1
34334.619,1,261989,2000,237380,-1
34335.38,1,262347,2000,237180,-1
34335.391,4,262347,200,237180,-1
34335.491,2,261989,2000,237380,-1
34335.605,2,262347,1800,237180,-1
34336.791,4,248693,900,237200,-1
34336.839,1,262856,1900,237100,1
34336.942,4,248693,200,237200,-1
34337.432,4,248693,1900,237200,-1
34337.485,1,263130,2000,236920,1
34337.546,1,263147,700,237590,-1
34337.645,1,263194,500,237400,-1
34337.723,2,263147,700,237590,-1
34337.736,2,256922,2000,236420,1
34338.201,5,263195,400,237220,1
34338.201,1,263429,600,237200,-1
34338.301,1,263466,2000,237580,-1
34338.673,4,263429,300,237200,-1
34338.715,4,263429,300,237200,-1
34339.032,4,263194,300,237400,-1
34339.219,2,263466,2000,237580,-1
34339.551,1,263861,2000,237120,1
34339.552,2,263130,2000,236920,1
34339.648,2,263861,2000,237120,1
34339.656,4,263194,100,237400,-1
34339.766,1,263931,2000,237020,1
34340.318,1,264067,2000,237580,-1
34340.463,4,263194,100,237400,-1
34340.991,2,264067,2000,237580,-1
34341.095,1,264307,2000,237680,-1
34341.538,1,264455,300,237100,1
34341.645,1,264482,1000,237300,1
34341.867,1,264542,2000,237220,1
34341.869,2,263931,2000,237020,1
34341.87,2,264307,2000,237680,-1
34342.409,1,264689,2000,237780,-1
34342.583,2,221251,800,237600,-1
34343.062,2,264542,2000,237220,1
34343.176,1,264968,2000,237120,1
34343.243,2,264689,2000,237780,-1
34343.535,1,265076,1000,237990,-1
34343.753,1,265157,2000,237320,1
34344.037,2,264968,2000,237120,1
34344.3,1,265367,2000,237980,-1
34344.337,2,265076,1000,237990,-1
34344.38,1,265394,800,237970,-1
34344.45,2,265157,2000,237320,1
34344.845,1,265572,2000,237220,1
34345.024,2,262856,1900,237100,1
34345.261,2,265394,800,237970,-1
34345.538,2,265572,2000,237220,1
34345.563,1,265807,500,237970,-1
34345.622,1,265832,2000,237120,1
34345.831,2,265807,500,237970,-1
34346.156,1,266001,2000,237320,1
34346.578,1,266122,500,238000,-1
34347.142,2,265832,2000,237120,1
34347.471,2,265367,2000,237980,-1
34347.48,2,266122,500,238000,-1
34347.564,1,266365,900,237990,-1
34347.586,1,266373,2000,238080,-1
34347.837,1,266489,990,237900,-1
34347.879,2,266365,900,237990,-1
34347.911,1,266507,500,237890,-1
34348.156,1,266564,2000,237780,-1
34348.158,2,266373,2000,238080,-1
34348.174,2,264482,1000,237300,1
34348.407,2,266507,500,237890,-1
34348.711,2,266001,2000,237320,1
34348.714,1,266741,2000,237880,-1
34348.717,2,266564,2000,237780,-1
34348.737,2,257573,800,236430,1
34348.763,1,266761,200,237870,-1
34348.789,1,266770,500,237100,1
34348.958,2,266761,200,237870,-1
34349.24,1,266962,2000,237220,1
34349.26,2,266770,500,237100,1
34349.268,1,266970,500,237200,1
34351.805,1,267793,1000,237600,-1
34352.142,1,267907,4,237600,-1
34352.28,2,266962,2000,237220,1
34352.328,1,268015,2000,237120,1
34352.522,4,267793,500,237600,-1
34352.755,2,266970,500,237200,1
34353.204,1,268456,2000,237680,-1
34353.529,2,266741,2000,237880,-1
34353.969,2,268456,2000,237680,-1
34354.081,1,268737,2000,237880,-1
34355.4,2,267907,4,237600,-1
34355.443,2,266489,990,237900,-1
34357.736,5,269516,394,237590,-1
34357.736,4,267793,106,237600,-1
34358.534,1,270155,500,237130,1
34358.544,4,267793,100,237600,-1
34358.958,1,270285,2000,237680,-1
34359.028,2,268737,2000,237880,-1
34360.189,2,270285,2000,237680,-1
34360.281,1,270691,2000,237880,-1
34361.798,2,270155,500,237130,1
34362.335,1,271329,100,237500,1
34362.471,1,271443,2000,237320,1
34362.796,2,268015,2000,237120,1
34363.25,4,267793,294,237600,-1
34363.25,1,271915,100,237600,1
34363.343,1,271960,200,237600,1
34363.42,1,271990,206,237600,1
34363.456,1,272009,2000,237980,-1
34363.514,2,270691,2000,237880,-1
34363.809,2,272009,2000,237980,-1
34363.903,5,272049,200,237620,1
34364.005,1,272299,2000,237520,1
34364.124,2,272299,2000,237520,1
34364.167,4,271915,100,237600,1
34364.167,4,271960,200,237600,1
34364.193,4,271990,206,237600,1
34364.562,1,272552,1000,237990,-1
34364.562,1,272553,2000,237520,1
34364.64,2,272553,2000,237520,1
34365.235,1,272827,2000,237520,1
34365.251,1,272838,500,237500,1
34365.458,2,271443,2000,237320,1
34365.5,2,272827,2000,237520,1
34365.697,2,272838,500,237500,1
34365.782,1,273059,2000,237320,1
34366.095,2,271329,100,237500,1
34366.453,1,273301,2000,237980,-1
34366.498,2,272552,1000,237990,-1
34366.639,2,273301,2000,237980,-1
34367.233,1,273600,2000,237980,-1
34367.572,1,273768,1000,237970,-1
34373.401,2,273059,2000,237320,1
34373.518,1,276672,2000,237220,1
34373.559,1,276695,1000,237110,1
34373.708,2,276695,1000,237110,1
34377.811,1,278177,500,238000,-1
34377.931,2,278177,500,238000,-1
34377.985,2,273768,1000,237970,-1
34378.514,1,278429,100,237500,1
34378.609,2,273600,2000,237980,-1
34378.735,1,278493,2000,238080,-1
34379.3,1,278677,2000,237420,1
34379.423,2,278677,2000,237420,1
34379.535,1,278740,600,237990,-1
34379.616,2,254258,400,239500,-1
34379.776,1,278899,400,239500,-1
34379.87,1,278939,2000,237880,-1
34379.874,2,278493,2000,238080,-1
34380.211,2,278939,2000,237880,-1
34380.44,1,279214,2000,237420,1
34380.442,2,276672,2000,237220,1
34381.652,4,278429,100,237500,1
34383.256,1,280679,100,238500,-1
34383.777,2,279214,2000,237420,1
34383.814,1,280945,2000,237220,1
34383.869,2,280945,2000,237220,1
34383.872,2,278740,600,237990,-1
34384.49,1,281233,2000,238080,-1
34385.032,1,281452,2000,237220,1
34385.534,1,281632,200,237230,1
34385.561,1,281639,600,237990,-1
34385.615,1,281670,2000,237880,-1
34385.66,2,281670,2000,237880,-1
34385.769,2,281632,200,237230,1
34385.873,1,281780,500,237300,1
34386.489,1,281973,2000,237880,-1
34386.526,2,281973,2000,237880,-1
34386.966,1,282159,100,237600,1
34387.031,1,282181,12,217960,1
34387.132,1,282198,13,204880,1
34387.926,2,281233,2000,238080,-1
34388.012,1,282486,990,237700,1
34388.036,1,282500,2000,237520,1
34388.187,4,282486,100,237700,1
34388.201,4,282486,100,237700,1
34388.502,2,281452,2000,237220,1
34388.505,2,282500,2000,237520,1
34388.613,1,282706,2000,237980,-1
34388.641,2,281639,600,237990,-1
34388.735,2,282706,2000,237980,-1
34389.221,2,282159,100,237600,1
34389.268,1,282957,2000,237420,1
34389.817,1,283242,2000,237620,1
34389.868,2,283242,2000,237620,1
34390.361,1,283590,2000,237620,1
34390.561,1,283733,1000,237990,-1
34390.696,2,282957,2000,237420,1
34390.698,2,283590,2000,237620,1
34390.854,4,282486,790,237700,1
34390.854,1,283929,210,237700,-1
34390.911,1,283969,2000,237520,1
34391.793,2,283969,2000,237520,1
34391.894,1,284659,2000,237420,1
34391.925,2,281780,500,237300,1
34391.935,1,284694,500,237400,1
34391.962,2,283929,210,237700,-1
34392.121,2,231697,800,242500,-1
34392.459,1,285026,2000,237980,-1
34392.501,2,283733,1000,237990,-1
34392.521,2,284659,2000,237420,1
34392.573,2,285026,2000,237980,-1
34393.031,1,285387,2000,237320,1
34393.092,5,281930,500,237630,1
34393.607,1,285844,2000,237880,-1
34394.366,1,286392,2000,237980,-1
34394.369,2,285844,2000,237880,-1
34394.534,1,286484,1000,237970,-1
34395.898,2,284694,500,237400,1
34395.968,2,285387,2000,237320,1
34396.031,1,287276,2000,237220,1
34396.574,2,287276,2000,237220,1
34396.578,1,287537,2000,237120,1
34403.528,2,258167,200,240000,-1
34404.545,1,291247,500,237130,1
34405.536,1,291795,500,237000,1
34405.539,2,287537,2000,237120,1
34405.548,1,291801,2000,237020,1
34405.937,2,291247,500,237130,1
34406.258,1,292172,2000,237220,1
34406.579,2,291801,2000,237020,1
34406.661,1,292392,500,237600,-1
34407.741,2,292172,2000,237220,1
34407.844,1,293005,2000,237120,1
34407.995,2,293005,2000,237120,1
34408.39,1,293241,2000,237680,-1
34408.534,1,293327,1000,237110,1
34408.822,2,286392,2000,237980,-1
34409.708,1,293892,2000,237220,1
34409.745,2,293892,2000,237220,1
34410.042,2,293241,2000,237680,-1
34410.107,2,292392,500,237600,-1
34410.132,1,294096,500,238000,-1
34410.25,1,294152,2000,237220,1
34410.755,2,293327,1000,237110,1
34410.801,1,294421,2000,237880,-1
34410.846,2,286484,1000,237970,-1
34411.154,2,294096,500,238000,-1
34411.16,1,294639,500,237900,-1
34412.534,1,295353,1000,237870,-1
34413.025,1,295672,2000,237120,1
34413.248,2,294152,2000,237220,1
34413.25,2,295672,2000,237120,1
34413.345,2,295353,1000,237870,-1
34413.582,1,295933,2000,237220,1
34413.673,2,295933,2000,237220,1
34414.058,1,296220,500,239000,-1
34414.127,1,296272,2000,237020,1
34414.534,1,296515,1000,237870,-1
34415.219,2,296272,2000,237020,1
34415.236,2,296515,1000,237870,-1
34415.323,2,294639,500,237900,-1
34415.333,1,296960,2000,237120,1
34416.537,1,297763,500,237870,-1
34417.005,2,296960,2000,237120,1
34417.112,1,298119,2000,237020,1
34417.125,2,297763,500,237870,-1
34418.533,1,299005,1000,237870,-1
34419.419,1,299498,2000,237220,1
34419.447,2,298119,2000,237020,1
34421.634,5,300503,100,237490,-1
34421.936,2,299498,2000,237220,1
34421.97,1,300861,2000,237120,1
34423.427,2,300861,2000,237120,1
34423.756,1,302124,2000,237220,1
34423.992,2,302124,2000,237220,1
34424.303,1,302494,2000,237120,1
34424.686,1,302745,990,237500,-1
34424.857,2,302494,2000,237120,1
34424.956,1,302892,2000,237680,-1
34425.196,2,294421,2000,237880,-1
34425.518,1,303180,2000,237020,1
34425.826,1,303347,990,237500,-1
34426.726,2,303180,2000,237020,1
34427.164,1,304326,2000,237020,1
34427.799,1,304821,500,237500,-1
34427.892,2,303347,990,237500,-1
34429.182,2,304326,2000,237020,1
34429.324,1,305777,1000,237400,-1
34429.491,1,305881,2000,237480,-1
34430.052,2,302892,2000,237680,-1
34430.537,2,305881,2000,237480,-1
34430.878,1,306717,2000,237480,-1
34432.126,4,264455,100,237100,1
34432.157,2,299005,1000,237870,-1
34432.179,4,264455,200,237100,1
34432.301,1,307556,2000,236820,1
34432.567,1,307681,1000,237300,-1
34432.63,2,307556,2000,236820,1
34432.852,1,307880,2000,237280,-1
34432.908,2,307880,2000,237280,-1
34433.005,1,307986,2000,237200,-1
34433.087,4,291795,100,237000,1
34433.396,1,308207,2000,237280,-1
34433.436,2,308207,2000,237280,-1
34433.943,1,308588,2000,236720,1
34434.188,1,308746,200,237300,-1
34434.335,5,308156,200,237010,1
34434.412,1,308883,1000,237100,-1
34434.428,5,308156,100,237010,1
34435.789,2,308588,2000,236720,1
34435.807,5,308156,200,237010,1
34435.846,1,309779,2000,236620,1
34436.486,2,307681,1000,237300,-1
34436.509,2,308883,1000,237100,-1
34436.511,2,305777,1000,237400,-1
34436.513,2,304821,500,237500,-1
34436.992,5,308156,490,237010,1
34436.992,4,291795,210,237000,1
34437.183,4,291795,190,237000,1
34437.657,2,302745,990,237500,-1
34437.686,1,310635,1000,237100,-1
34437.72,2,309779,2000,236620,1
34437.778,1,310665,500,236500,1
34437.838,1,310700,2000,237100,-1
34438.046,2,306717,2000,237480,-1
34438.376,1,311013,2000,236520,1
34438.776,2,310700,2000,237100,-1
34439.135,1,311503,2000,237000,-1
34439.537,1,311735,1000,236530,1
34439.614,2,278899,400,239500,-1
34439.693,2,311013,2000,236520,1
34439.8,1,311851,400,239500,-1
34440.024,1,311948,500,237000,-1
34440.522,1,312189,3000,237000,-1
34440.867,2,312189,3000,237000,-1
34440.928,1,312377,2000,237080,-1
34441.272,2,312377,2000,237080,-1
34441.478,1,312765,2000,236520,1
34442.441,2,312765,2000,236520,1
34442.674,1,313775,2000,237080,-1
34442.843,2,311735,1000,236530,1
34443.01,2,310665,500,236500,1
34443.222,1,314168,2000,236520,1
34443.461,2,314168,2000,236520,1
34443.561,1,314355,1000,236410,1
34443.748,2,311503,2000,237000,-1
34443.748,2,307986,2000,237200,-1
34443.787,1,314489,2000,236420,1
34443.815,2,314355,1000,236410,1
34444.493,1,314911,130,236700,1
34444.644,2,314489,2000,236420,1
34444.646,2,313775,2000,237080,-1
34446.651,5,315916,500,236800,1
34446.651,5,315929,500,236800,1
34448.411,2,311948,500,237000,-1
34449.908,2,314911,130,236700,1
34450.831,2,308746,200,237300,-1
34451.562,1,318609,1000,236410,1
34452.73,1,319240,130,236700,1
34454.117,1,320253,1900,236800,1
34455.004,2,310635,1000,237100,-1
34455.033,1,320920,500,238000,-1
34455.562,1,321289,1000,237990,-1
34455.833,2,320920,500,238000,-1
34456.53,5,321693,300,236850,1
34456.972,2,318609,1000,236410,1
34458.568,1,323724,1000,236810,1
34458.947,2,323724,1000,236810,1
34460.199,2,25964,310,234100,1
34460.533,1,324948,1000,236810,1
34461.026,5,323942,100,237300,-1
34461.026,1,325397,120,237300,1
34461.907,2,324948,1000,236810,1
34462.205,2,320253,1900,236800,1
34463.061,5,325526,120,237350,1
34464.128,5,325526,80,237350,1
34464.639,5,326591,100,237340,1
34465.682,5,326591,700,237340,1
34465.682,4,325397,120,237300,1
34465.682,1,328288,170,237270,-1
34466.672,1,328820,400,236710,1
34466.686,2,328288,170,237270,-1
34466.984,2,319240,130,236700,1
34471.125,2,328820,400,236710,1
34471.175,1,331344,1000,236410,1
34471.506,1,331516,1000,237200,1
34476.991,1,334873,400,237300,1
34477.369,1,335021,100,243000,-1
34480.689,2,334873,400,237300,1
34491.624,2,321289,1000,237990,-1
34491.832,1,341603,700,237990,-1
34492.927,2,331344,1000,236410,1
34499.445,2,196397,400,239700,-1
34499.502,2,311851,400,239500,-1
34499.617,1,345020,400,239700,-1
34499.729,1,345066,400,239500,-1
34500.318,1,345325,500,238000,-1
34500.354,2,341603,700,237990,-1
34501.197,2,345325,500,238000,-1
34501.561,1,345903,1000,237990,-1
34502.275,2,331516,1000,237200,1
34502.458,1,346450,500,236500,1
34502.897,2,346450,500,236500,1
34503.535,1,347045,900,236420,1
34503.891,2,345903,1000,237990,-1
34504.148,1,347349,700,237600,1
34505.324,2,215582,1000,239400,-1
34505.533,1,347925,700,237990,-1
34506.379,2,347925,700,237990,-1
34510.159,5,341890,226,237940,-1
34510.636,5,341890,274,237940,-1
34510.636,5,348277,126,237960,-1
34511.345,1,350223,6,240000,-1
34511.703,2,347045,900,236420,1
34512.453,5,348270,100,237980,-1
34512.789,5,348270,100,237980,-1
34513.029,4,202242,226,238000,-1
34513.534,1,351093,600,237610,1
34513.559,1,351100,1000,238490,-1
34514.254,2,347349,700,237600,1
34515.823,1,351894,100,210000,1
34518.587,2,351093,600,237610,1
34518.745,1,353706,900,236800,1
34521.433,1,354903,990,237900,-1
34521.749,1,355034,300,237900,-1
34523.124,5,349973,100,237800,1
34527.14,1,357973,500,230000,1
34528.309,5,357924,500,237780,-1
34528.402,5,357924,500,237780,-1
34528.762,2,354903,990,237900,-1
34530.172,2,353706,900,236800,1
34530.207,1,359580,600,236710,1
34530.39,2,359580,600,236710,1
34531.537,1,360350,1000,236710,1
34533.308,1,361587,500,236800,1
34533.343,2,360350,1000,236710,1
34533.38,1,361647,1000,236810,1
34533.932,1,361991,250,237790,1
34535.144,2,361587,500,236800,1
34536.938,2,361991,250,237790,1
34548.323,2,361647,1000,236810,1
34548.361,1,370845,900,236540,1
34550.586,5,370467,500,237550,1
34550.765,1,372094,100,237700,-1
34551.269,1,372293,120,236800,1
34551.3,2,370845,900,236540,1
34551.345,1,372330,1000,236810,1
34555.511,1,374457,600,237600,-1
34558.938,2,345066,400,239500,-1
34559.391,2,372330,1000,236810,1
34559.459,1,376815,700,236810,1
34559.707,1,376975,400,239500,-1
34559.9,2,226176,200,239400,-1
34560.077,2,177965,100,226500,1
34560.176,1,377237,200,239500,-1
34560.916,1,377625,100,228500,1
34561.405,1,377915,200,237900,-1
34563.441,4,374457,61,237600,-1
34563.604,4,374457,200,237600,-1
34564.996,1,379721,500,236900,1
34565.05,2,376815,700,236810,1
34565.11,1,379761,600,236910,1
34567.116,2,377915,200,237900,-1
34571.717,2,379761,600,236910,1
34571.72,1,382654,100,237500,1
34572.121,4,382654,100,237500,1
34573.537,1,383387,1000,236910,1
34575.616,2,372094,100,237700,-1
34578.423,5,382289,500,237560,-1
34580.657,2,177755,200,226500,1
34583.578,1,387652,4888,230000,1
34586.95,1,388862,200,228500,1
34587.702,5,382289,174,237560,-1
34587.702,4,374457,339,237600,-1
34587.802,2,351100,1000,238490,-1
34587.856,1,389359,700,237890,-1
34589.347,1,389970,900,236300,1
34591.985,2,389359,700,237890,-1
34592.082,1,391748,500,237900,-1
34592.129,1,391765,1000,237890,-1
34596.874,2,379721,500,236900,1
34600.535,1,396360,200,239000,-1
34600.538,1,396361,100,236600,1
34601.185,5,394728,400,237590,-1
34601.185,5,394745,500,237590,-1
34601.437,2,391765,1000,237890,-1
34601.568,2,391748,500,237900,-1
34601.643,1,396969,600,237890,-1
34602.262,2,396969,600,237890,-1
34604.065,2,377625,100,228500,1
34604.751,2,396360,200,239000,-1
34604.756,1,398579,100,238600,-1
34607.554,2,388862,200,228500,1
34608.859,1,401053,990,237600,1
34612.377,2,229851,3951,249000,-1
34612.378,2,229874,149,249000,-1
34612.385,1,403708,3700,249000,-1
34616.136,5,404569,500,237890,-1
34616.136,5,404572,500,237890,-1
34617.422,2,403708,3700,249000,-1
34617.431,1,407609,3900,249000,-1
34619.094,2,376975,400,239500,-1
34619.533,1,409131,400,239500,-1
34622.029,1,411257,131,237800,-1
34623.042,2,401053,990,237600,1
34625.402,2,396361,100,236600,1
34625.411,1,413591,100,235900,1
34628.314,1,415694,100,237600,1
34629.157,2,413591,100,235900,1
34629.221,1,416377,200,235700,1
34630.248,1,416979,10000,237700,-1
34630.92,2,415694,100,237600,1
34632.106,1,418134,51,237800,-1
34633.781,1,419493,500,237000,1
34633.843,2,383387,1000,236910,1
34635.452,2,419493,500,237000,1
34635.56,1,420629,1000,236810,1
34635.97,2,420629,1000,236810,1
34636.14,2,411257,131,237800,-1
34636.345,1,421072,131,237600,-1
34636.57,1,421195,310,235600,1
34636.915,2,416979,10000,237700,-1
34637.36,1,421627,10000,237600,-1
34637.532,1,421725,700,236810,1
34637.693,1,421844,500,237600,-1
34638.201,2,421725,700,236810,1
34639.372,1,423066,500,237500,-1
34639.536,1,423169,500,236810,1
34640.744,2,421627,10000,237600,-1
34641.182,1,424233,10000,237500,-1
34641.285,1,424295,200,237490,1
34642.348,2,423066,500,237500,-1
34642.376,2,421844,500,237600,-1
34642.452,2,423169,500,236810,1
34642.453,2,424233,10000,237500,-1
34643.648,4,424295,200,237490,1
34645.534,1,426889,700,236810,1
34645.534,1,426890,100,237500,-1
34646.279,2,421072,131,237600,-1
34646.342,2,426889,700,236810,1
34647.205,1,427730,2000,237490,1
34647.207,2,427730,2000,237490,1
34647.532,1,427877,1000,236810,1
34647.836,1,428011,2000,237490,1
34647.841,2,428011,2000,237490,1
34648.132,2,426890,100,237500,-1
34648.14,1,428157,100,237400,-1
34648.251,4,428157,100,237400,-1
34648.251,5,428203,500,237450,-1
34648.251,1,428210,1400,237490,1
34648.252,4,428210,300,237490,1
34648.257,2,428210,1100,237490,1
34648.257,1,428218,100,237490,1
34648.26,2,428218,100,237490,1
34648.465,5,428247,200,237480,-1
34648.465,1,428336,900,237490,1
34648.47,1,428338,100,237490,1
34648.474,2,428336,900,237490,1
34648.476,2,428338,100,237490,1
34648.62,1,428436,500,237900,-1
34648.659,1,428454,900,237490,1
34648.661,2,428454,900,237490,1
34648.663,1,428458,100,237490,1
34648.666,2,428458,100,237490,1
34648.689,2,428436,500,237900,-1
34648.696,1,428475,500,237900,-1
34648.704,1,428485,500,237900,-1
34648.712,2,428475,500,237900,-1
34648.835,2,428485,500,237900,-1
34648.869,1,428566,900,237490,1
34648.87,2,428566,900,237490,1
34648.873,1,428567,100,237490,1
34648.876,2,428567,100,237490,1
34648.952,2,427877,1000,236810,1
34649.075,1,428656,900,237490,1
34649.076,2,428656,900,237490,1
34649.077,1,428657,100,237390,1
34649.079,2,428657,100,237390,1
34649.288,1,428736,900,237390,1
34649.289,2,428736,900,237390,1
34649.292,1,428738,100,237390,1
34649.296,2,428738,100,237390,1
34649.535,1,428830,500,236810,1
34649.563,1,428851,1000,237790,-1
34649.694,5,428789,500,237460,-1
34649.694,1,428911,400,237490,1
34649.697,2,428911,400,237490,1
34649.698,1,428913,100,237490,1
34649.7,2,428913,100,237490,1
34649.812,2,428830,500,236810,1
34650.115,1,429123,400,237390,1
34650.117,2,429123,400,237390,1
34650.118,1,429124,100,237390,1
34650.12,2,429124,100,237390,1
34650.53,1,429269,400,237390,1
34650.534,1,429271,100,237390,1
34650.536,2,429269,400,237390,1
34650.537,2,429271,100,237390,1
34650.732,1,429394,400,237390,1
34650.736,2,429394,400,237390,1
34650.934,1,429508,100,237390,1
34650.936,2,429508,100,237390,1
34650.938,1,429509,400,237390,1
34650.955,2,429509,400,237390,1
34651.137,1,429589,100,237390,1
34651.139,2,429589,100,237390,1
34651.345,1,429697,400,237390,1
34651.346,2,429697,400,237390,1
34651.348,1,429698,100,237390,1
34651.349,2,429698,100,237390,1
34651.537,1,429797,400,236810,1
34651.547,1,429806,400,237390,1
34651.549,2,429806,400,237390,1
34651.756,1,429926,100,237390,1
34651.758,1,429929,400,237390,1
34651.769,2,429926,100,237390,1
34651.77,2,429929,400,237390,1
34651.774,5,429828,100,237400,-1
34651.957,1,430027,100,237390,1
34651.959,2,430027,100,237390,1
34652.165,1,430103,400,237390,1
34652.166,2,430103,400,237390,1
34652.168,1,430104,100,237390,1
34652.17,2,430104,100,237390,1
34652.373,1,430229,400,237290,1
34652.376,1,430230,100,237290,1
34652.376,2,430229,400,237290,1
34652.378,2,430230,100,237290,1
34652.574,1,430343,400,237290,1
34652.576,2,430343,400,237290,1
34652.579,1,430345,100,237290,1
34652.58,2,430345,100,237290,1
34652.777,1,430512,400,237290,1
34652.779,2,430512,400,237290,1
34652.78,1,430516,100,237290,1
34652.786,2,430516,100,237290,1
34652.985,1,430648,100,237290,1
34652.997,2,430648,100,237290,1
34653.187,1,430781,100,237290,1
34653.189,2,430781,100,237290,1
34653.396,1,430902,100,237290,1
34653.397,2,430902,100,237290,1
34653.603,1,431016,100,237290,1
34653.606,2,431016,100,237290,1
34653.811,1,431113,100,237290,1
34653.816,2,431113,100,237290,1
34654.179,1,431266,100,237400,-1
34656.79,2,218730,100,240000,-1
34657.979,2,226055,500,244900,-1
34658.407,1,434021,500,237500,-1
34658.703,5,431123,500,237300,-1
34661.557,1,436189,1900,237300,1
34662.014,4,436189,66,237300,1
34662.149,2,429797,400,236810,1
34662.418,4,436189,368,237300,1
34663.492,4,436189,400,237300,1
34663.62,4,436189,1066,237300,1
34663.62,1,437808,934,237300,-1
34665.537,1,439206,900,236810,1
34665.899,2,439206,900,236810,1
34666.681,1,440008,9900,237100,-1
34667.129,1,440284,1000,237100,-1
34667.818,2,440284,1000,237100,-1
34669.069,1,441536,500,237000,-1
34669.12,5,440013,120,236850,1
34669.767,4,372293,120,236800,1
34669.816,1,442097,500,236500,1
34669.852,2,442097,500,236500,1
34670.163,2,440008,9900,237100,-1
34670.556,1,442626,9900,237000,-1
34670.76,2,441536,500,237000,-1
34670.782,5,442279,100,236810,1
34671.298,1,443057,200,236400,1
34671.481,1,443166,500,237000,-1
34671.819,5,443116,400,236650,1
34672.334,5,443519,200,236550,1
34672.522,1,443706,1000,236800,-1
34673.382,1,444155,990,236500,1
34675.509,1,445266,100,233500,1
34675.636,1,445325,1000,236600,1
34676.791,1,445788,66,236600,1
34677.543,2,434021,500,237500,-1
34677.978,1,446328,500,237000,-1
34678.047,2,421195,310,235600,1
34678.392,5,445336,800,236640,1
34678.392,5,445467,100,236630,1
34678.649,2,431266,100,237400,-1
34679.687,2,409131,400,239500,-1
34679.843,1,447227,400,239500,-1
34680.967,2,443706,1000,236800,-1
34680.997,2,428851,1000,237790,-1
34681.065,2,444155,990,236500,1
34681.493,2,443166,500,237000,-1
34681.567,1,448006,310,236700,1
34682.559,1,448536,500,236990,-1
34684.923,2,418134,51,237800,-1
34685.194,5,448052,51,236740,1
34685.201,5,448052,449,236740,1
34685.201,5,448025,100,236720,1
34685.201,5,448665,51,236710,1
34686.504,5,448665,100,236710,1
34686.998,2,448536,500,236990,-1
34688.819,5,451204,200,236980,-1
34688.819,4,442626,900,237000,-1
34689.029,4,442626,600,237000,-1
34689.086,4,442626,200,237000,-1
34689.123,5,452775,220,236950,-1
34689.123,4,442626,280,237000,-1
34689.61,4,442626,300,237000,-1
34689.636,4,442626,200,237000,-1
34689.772,4,442626,400,237000,-1
34689.969,4,442626,4000,237000,-1
34690.041,4,442626,1000,237000,-1
34690.098,4,442626,300,237000,-1
34690.634,4,442626,990,237000,-1
34690.657,4,442626,730,237000,-1
34690.657,4,446328,270,237000,-1
34690.667,4,446328,230,237000,-1
34692.534,1,455282,1000,236710,1
34692.608,2,445325,1000,236600,1
34694.41,4,437808,500,237300,-1
34695.263,2,455282,1000,236710,1
34696.533,1,458289,1000,236710,1
34697.147,4,437808,100,237300,-1
34697.991,4,437808,200,237300,-1
34698.043,4,437808,134,237300,-1
34698.534,1,459911,1000,237890,-1
34700.033,1,461158,500,236800,1
34700.083,2,445788,66,236600,1
34700.101,2,458289,1000,236710,1
34700.155,1,461263,1000,236810,1
34701.024,2,461158,500,236800,1
34701.391,2,236628,400,238700,-1
34702.3,2,416377,200,235700,1
34702.339,1,462720,100,236000,1
34704.137,1,464203,990,237300,-1
34706.65,1,465752,990,237200,-1
34709.34,2,465752,990,237200,-1
34709.389,2,464203,990,237300,-1
34710.052,1,467719,500,237900,-1
34711.342,1,468440,500,237100,1
34711.348,2,462720,100,236000,1
34711.354,1,468448,200,236100,1
34713.265,2,468440,500,237100,1
34713.562,1,470017,1100,236800,1
34713.886,2,467719,500,237900,-1
34714.208,2,468448,100,236100,1
34714.794,2,448006,310,236700,1
34714.802,1,470873,310,235700,1
34716.953,2,468448,100,236100,1
34716.956,1,472019,200,236100,1
34720.086,2,470017,1100,236800,1
34720.108,1,474104,900,237600,-1
34720.141,2,459911,1000,237890,-1
34720.197,1,474177,1000,237590,-1
34721.681,1,475409,990,237300,-1
34722.962,2,28236,500,236000,1
34723.582,1,476507,500,237000,1
34723.798,2,461263,1000,236810,1
34723.916,1,476700,990,237200,-1
34724.485,4,476507,500,237000,1
34725.534,1,477548,1000,236410,1
34725.874,1,477717,990,237000,-1
34726.435,2,474104,900,237600,-1
34726.477,1,477987,900,237300,-1
34726.694,5,477731,500,236960,-1
34726.694,4,477717,500,237000,-1
34727.332,1,478415,1000,236700,1
34727.512,2,477717,490,237000,-1
34727.53,2,476700,990,237200,-1
34727.537,2,475409,990,237300,-1
34727.561,2,474177,1000,237590,-1
34727.758,1,478646,300,237290,-1
34728.367,1,478912,100,236900,1
34731.593,1,480223,500,236990,1
34731.616,5,477226,100,237000,-1
34733.453,5,480246,100,237010,1
34734.594,2,480223,500,236990,1
34734.631,1,482563,990,237200,-1
34735.102,1,482839,500,237890,-1
34735.779,2,478646,300,237290,-1
34738.963,2,447227,400,239500,-1
34740.713,1,485656,400,239500,-1
34741.75,1,486371,22,237000,-1
34743.844,1,487563,990,237000,-1
34747.503,1,489785,200,221200,1
34749.341,2,487563,990,237000,-1
34749.859,4,486371,22,237000,-1
34756.363,2,477987,900,237300,-1
34757.997,2,478912,100,236900,1
34763.982,2,482563,990,237200,-1
34764.003,1,499569,500,237900,-1
34764.36,5,499514,17,237170,-1
34764.609,5,499514,200,237170,-1
34765.329,1,500197,286,237300,-1
34765.393,1,500221,900,237500,-1
34766.031,2,499569,500,237900,-1
34766.372,2,477548,1000,236410,1
34768.532,1,502053,1000,236710,1
34770.232,2,182520,2500,246400,-1
34772.576,1,504009,29,237500,-1
34773.962,5,502375,200,237040,1
34775.586,2,502053,1000,236710,1
34777.214,1,506993,500,236900,1
34777.425,2,506993,500,236900,1
34778.532,1,508092,1000,237290,-1
34779.345,2,500197,286,237300,-1
34779.498,1,508821,500,236400,1
34779.954,2,500221,900,237500,-1
34779.955,1,509160,700,237200,-1
34781.079,1,509827,1100,237000,-1
34781.103,2,407609,3900,249000,-1
34781.112,1,509839,2851,249000,-1
34781.147,1,509860,1049,249000,-1
34781.72,1,510140,2000,237000,-1
34783.373,2,508092,1000,237290,-1
34783.451,2,510140,2000,237000,-1
34784.322,2,470873,310,235700,1
34784.338,1,511391,310,236100,1
34785.352,5,511598,86,236740,1
34785.714,1,512048,1000,237300,-1
34785.883,5,512138,100,236720,1
34785.949,2,509839,2851,249000,-1
34785.957,1,512169,2751,249000,-1
34785.988,2,509860,1049,249000,-1
34785.997,1,512191,1149,249000,-1
34786.326,1,512355,100,236800,-1
34786.355,2,512169,2751,249000,-1
34786.363,1,512377,2651,249000,-1
34786.411,2,512191,1149,249000,-1
34786.42,1,512415,1249,249000,-1
34787.465,4,478415,100,236700,1
34787.733,2,512377,2651,249000,-1
34787.742,1,513099,2551,249000,-1
34787.783,2,512415,1249,249000,-1
34787.791,1,513128,1349,249000,-1
34788.19,1,513426,500,236700,1
34788.397,5,513512,100,236740,1
34788.514,2,513099,2551,249000,-1
34788.522,1,513691,2451,249000,-1
34788.558,2,513128,1349,249000,-1
34788.566,1,513727,1449,249000,-1
34788.719,5,513512,314,236740,1
34788.719,5,513220,500,236710,1
34788.719,5,513233,400,236710,1
34788.719,4,478415,900,236700,1
34788.719,4,513426,500,236700,1
34789.912,1,514830,900,236400,1
34790.181,2,508821,500,236400,1
34790.534,1,515226,1000,236410,1
34792.323,2,514830,900,236400,1
34792.644,5,513880,200,236780,-1
34793.79,1,518391,500,236700,1
34794.545,4,512355,100,236800,-1
34795.483,2,504009,29,237500,-1
34795.574,5,519323,29,236820,1
34795.654,2,509827,1100,237000,-1
34795.66,2,518391,500,236700,1
34795.92,1,520251,500,236500,1
34795.944,2,513727,1449,249000,-1
34795.951,1,520275,349,249000,-1
34795.981,2,515226,1000,236410,1
34796.015,1,520308,800,237190,-1
34796.041,1,520324,1000,236510,1
34796.218,2,513691,2451,249000,-1
34796.227,1,520438,3551,249000,-1
34796.729,5,519323,100,236820,1
34797.191,2,520251,500,236500,1
34797.214,1,521164,500,237200,-1
34797.471,2,521164,500,237200,-1
34797.688,2,520324,1000,236510,1
34799.572,2,485656,400,239500,-1
34799.631,2,345020,400,239700,-1
34799.632,1,523126,800,236410,1
34799.751,1,523204,400,239500,-1
34799.812,1,523253,400,239700,-1
34800.656,1,523773,300,237900,-1
34802.074,2,523126,800,236410,1
34802.236,1,524657,400,236410,1
34803.001,1,525155,500,244900,-1
34804.823,2,472019,200,236100,1
34804.874,1,526591,200,235600,1
34805.877,2,524657,400,236410,1
34806.368,2,282198,13,204880,1
34806.376,2,282181,12,217960,1
34807.201,2,178308,400,235000,1
34807.209,1,528693,400,236000,1
34807.235,1,528711,990,236800,-1
34808.523,1,529881,200,236600,1
34808.655,1,530042,200,236600,1
34808.685,1,530066,200,236600,1
34809.43,4,529881,200,236600,1
34810.395,5,530806,100,236620,1
34811.108,4,530042,200,236600,1
34811.108,4,530066,200,236600,1
34812.872,2,520308,800,237190,-1
34814.459,5,532858,100,236450,1
34814.532,1,533869,300,236790,-1
34815.355,1,534378,500,243500,-1
34816.121,1,534854,200,235000,1
34816.306,5,533971,446,236490,-1
34816.306,5,533672,100,236600,-1
34816.306,1,534963,3454,236600,1
34816.923,1,535462,500,236500,1
34817.68,2,528711,990,236800,-1
34817.748,5,534980,100,236620,1
34818.583,2,533869,300,236790,-1
34818.842,4,534963,500,236600,1
34820.531,1,538061,1000,237190,-1
34820.972,1,538463,400,236600,1
34821.928,2,443057,200,236400,1
34821.929,4,534963,500,236600,1
34822.292,2,528693,400,236000,1
34822.293,2,535462,500,236500,1
34825.771,2,538463,400,236600,1
34826.313,4,534963,800,236600,1
34827.503,4,534963,1000,236600,1
34828.944,4,534963,100,236600,1
34829.945,1,543253,500,237200,-1
34830.157,1,543385,300,236700,1
34830.185,2,543253,500,237200,-1
34832.708,1,544945,300,237000,-1
34832.751,2,538061,1000,237190,-1
34834.532,1,546532,300,236990,-1
34834.68,4,543385,300,236700,1
34835.473,2,511391,310,236100,1
34835.516,2,546532,300,236990,-1
34835.592,4,534963,100,236600,1
34836.532,1,547998,1000,236990,-1
34836.82,4,534963,100,236600,1
34838.52,4,534963,354,236600,1
34839.943,2,509160,700,237200,-1
34839.946,1,550110,1000,236900,-1
34840.015,2,547998,1000,236990,-1
34841.494,2,550110,1000,236900,-1
34841.561,1,551231,1000,236890,-1
34842.52,1,551748,200,236600,-1
34844.222,1,552529,310,236400,1
34845.804,2,552529,310,236400,1
34846.216,1,553493,990,236500,1
34848.151,1,554497,100,235000,1
34848.372,4,551748,200,236600,-1
34848.372,1,554605,10,236600,1
34848.419,2,554605,10,236600,1
34848.574,1,554704,990,236600,1
34848.654,2,551231,1000,236890,-1
34849.058,5,554873,300,236610,1
34849.256,1,555092,1100,237000,-1
34849.531,1,555205,1000,236990,-1
34849.578,2,554704,990,236600,1
34852.202,2,555092,1100,237000,-1
34852.203,1,556505,800,236300,1
34852.464,5,554873,200,236610,1
34852.464,5,554934,95,236610,1
34856.424,2,556505,800,236300,1
34857.866,2,553493,990,236500,1
34859.057,2,523204,400,239500,-1
34859.821,2,526591,200,235600,1
34859.855,1,560150,200,234900,1
34860.144,1,560336,500,237000,-1
34863.002,2,560336,500,237000,-1
34864.742,1,562576,400,239500,-1
34865.7,2,555205,1000,236990,-1
34871.531,1,565394,700,236990,-1
34871.981,2,565394,700,236990,-1
34873.574,1,567132,900,236990,-1
34874.509,1,567844,400,236600,-1
34874.813,5,567875,10,236560,-1
34875.913,1,568963,900,236900,-1
34880.596,2,30317,100,225000,1
34881.158,1,571957,200,225000,1
34885.61,1,575566,288,236600,-1
34886.355,1,576195,990,236500,-1
34886.364,2,575566,288,236600,-1
34886.366,1,576205,288,236500,-1
34886.435,2,567844,400,236600,-1
34886.571,4,31322,200,236400,1
34887.36,4,31322,446,236400,1
34888.174,4,31322,300,236400,1
34888.175,4,31322,100,236400,1
34888.757,4,31322,198,236400,1
34888.757,4,31339,277,236400,1
34890.349,4,31339,100,236400,1
34891.091,4,31339,623,236400,1
34891.091,4,124117,400,236400,1
34891.755,1,581049,200,236600,-1
34891.844,2,576205,288,236500,-1
34891.85,1,581155,288,236400,-1
34892.255,1,581521,2000,236400,-1
34892.261,2,581049,200,236600,-1
34892.703,2,576195,990,236500,-1
34894.471,4,389970,200,236300,1
34894.685,2,581521,2000,236400,-1
34895.839,4,389970,700,236300,1
34895.839,1,584913,290,236270,-1
34895.879,1,584959,3000,235000,1
34896.311,1,585386,200,236400,-1
34896.535,2,581155,288,236400,-1
34896.539,1,585596,288,236300,-1
34896.698,1,585788,1000,235900,1
34896.838,2,584913,290,236270,-1
34897.167,2,585788,1000,235900,1
34897.2,1,586341,500,235100,1
34897.228,2,585596,288,236300,-1
34897.23,1,586380,288,236200,-1
34897.352,2,586380,288,236200,-1
34897.354,1,586500,288,236300,-1
34897.53,1,586672,1000,235200,1
34897.584,2,584959,3000,235000,1
34897.591,2,586341,500,235100,1
34897.61,1,586763,500,235200,1
34897.612,1,586768,3000,235200,1
34898.496,1,587722,663,236300,-1
34898.529,1,587752,288,236300,-1
34898.81,2,586500,288,236300,-1
34898.813,2,587752,288,236300,-1
34898.815,1,588107,288,236200,-1
34898.817,1,588110,288,236200,-1
34899.519,1,588785,400,236200,-1
34899.643,1,588924,1100,235800,1
34899.672,2,586763,500,235200,1
34899.68,1,588963,500,235800,1
34899.73,2,586672,1000,235200,1
34900.02,5,580348,14,236000,1
34900.05,1,589319,1000,235810,1
34900.611,1,589867,400,236100,-1
34900.659,2,588963,500,235800,1
34900.875,2,588107,288,236200,-1
34900.877,2,588110,288,236200,-1
34900.882,1,590196,288,236100,-1
34900.885,1,590200,288,236100,-1
34901.006,2,588785,400,236200,-1
34901.232,2,589319,1000,235810,1
34901.591,1,590822,400,236100,-1
34901.915,1,591120,450,236100,-1
34902.133,5,580348,86,236000,1
34903.766,2,590822,400,236100,-1
34903.807,2,588924,1100,235800,1
34903.882,2,589867,400,236100,-1
34903.916,2,590196,288,236100,-1
34903.918,2,590200,288,236100,-1
34903.925,1,592810,288,236000,-1
34903.927,1,592813,288,236000,-1
34903.956,1,592833,700,235600,1
34903.986,2,586768,3000,235200,1
34904.004,1,592878,3000,235600,1
34904.182,2,592878,3000,235600,1
34904.246,2,71637,725,239700,-1
34904.266,1,593199,500,236100,-1
34904.869,1,593968,14,235800,-1
34905.53,1,594597,1000,235610,1
34905.571,4,593968,14,235800,-1
34905.689,2,592833,700,235600,1
34905.966,1,595104,300,236000,-1
34905.979,1,595122,1000,235600,1
34905.998,2,594597,1000,235610,1
34906.539,1,595781,100,235600,1
34906.54,2,592810,288,236000,-1
34906.541,2,592813,288,236000,-1
34906.543,1,595784,288,235900,-1
34906.55,1,595794,288,235900,-1
34906.723,2,595784,288,235900,-1
34907.06,2,595781,100,235600,1
34907.274,2,593199,500,236100,-1
34907.284,1,596551,500,235900,-1
34907.978,2,595794,288,235900,-1
34907.98,1,597091,288,235800,-1
34908.072,2,595122,1000,235600,1
34908.093,1,597144,3200,235000,1
34908.256,5,597095,100,235700,-1
34908.256,1,597268,100,235700,1
34909.24,2,597091,288,235800,-1
34909.242,4,597268,100,235700,1
34909.242,1,597995,188,235700,-1
34909.534,1,598196,1000,235010,1
34910.032,5,598015,100,235650,-1
34910.426,2,596551,500,235900,-1
34910.524,2,544945,300,237000,-1
34910.526,1,598887,200,235700,-1
34910.571,1,598929,400,235700,-1
34911.072,2,598887,200,235700,-1
34911.115,2,597995,188,235700,-1
34911.117,1,599240,188,235800,-1
34911.587,2,598929,400,235700,-1
34911.61,1,599588,500,235800,-1
34911.813,2,599240,188,235800,-1
34911.816,1,599707,188,235700,-1
34912.334,1,600038,400,235700,-1
34912.982,1,600488,600,235400,1
34913.013,2,597144,3200,235000,1
34913.029,1,600533,3200,235400,1
34913.03,2,598196,1000,235010,1
34913.033,2,599707,188,235700,-1
34913.035,1,600538,188,235800,-1
34913.058,2,600533,3200,235400,1
34913.064,1,600556,1000,235410,1
34913.065,1,600557,200,235400,1
34913.166,2,600538,188,235800,-1
34913.168,1,600637,188,235700,-1
34913.377,2,600038,400,235700,-1
34913.595,1,600891,400,235800,-1
34914.425,2,600637,188,235700,-1
34914.426,1,601437,188,235800,-1
34914.81,2,599588,500,235800,-1
34915.597,2,601437,188,235800,-1
34915.601,1,602232,188,235700,-1
34916.019,2,585386,200,236400,-1
34916.513,4,602232,188,235700,-1
34917.636,1,603711,200,235700,1
34917.643,1,603718,400,235700,1
34918.004,1,604051,200,236300,-1
34918.202,2,603711,200,235700,1
34918.769,1,604830,200,235700,1
34918.994,2,562576,400,239500,-1
34919.163,1,605180,400,239500,-1
34919.577,1,605551,100,135800,1
34919.58,1,605554,200,235800,-1
34919.65,1,605635,5000,235800,-1
34919.678,2,605554,200,235800,-1
34920.328,2,377237,200,239500,-1
34920.636,1,606460,200,239000,-1
34921.7,2,600556,1000,235410,1
34922.521,2,603718,400,235700,1
34922.578,2,604830,200,235700,1
34923.336,2,398579,100,238600,-1
34923.339,2,560150,200,234900,1
34923.372,1,608733,200,238200,-1
34923.376,1,608738,100,235500,1
34926.813,1,611693,100,235700,1
34927.062,5,604851,100,235710,1
34928.247,1,612986,500,235800,-1
34931.395,2,591120,450,236100,-1
34931.783,4,611693,100,235700,1
34938.073,1,620518,200,235900,-1
34938.448,2,600891,400,235800,-1
34941.217,2,620518,200,235900,-1
34942.256,2,600557,200,235400,1
34942.66,1,623475,200,235900,-1
34942.828,2,608738,100,235500,1
34942.862,1,623619,100,235300,1
34943.336,1,623869,1000,239500,-1
34943.532,1,623982,1000,235410,1
34944.841,2,623475,200,235900,-1
34950.005,5,615804,100,235780,-1
34950.005,4,605635,5000,235800,-1
34950.005,4,612986,500,235800,-1
34951.146,1,628871,500,235500,1
34951.219,2,623982,1000,235410,1
34951.266,1,628968,1000,235510,1
34951.89,4,595104,300,236000,-1
34951.893,5,628450,39,236000,-1
34951.931,2,567132,900,236990,-1
34951.966,1,629536,1000,236290,-1
34952.013,2,629536,1000,236290,-1
34953.106,1,630278,500,235900,1
34953.497,1,630635,1000,235800,1
34953.507,2,600488,600,235400,1
34954.138,2,630278,500,235900,1
34954.159,2,628871,500,235500,1
34954.167,1,631188,500,235800,1
34954.484,2,628968,1000,235510,1
34955.545,1,632109,1000,235810,1
34956.562,5,631576,500,236130,1
34956.562,5,631667,500,236130,1
34957.326,2,632109,1000,235810,1
34957.765,1,633503,400,236200,-1
34958.496,1,633833,1500,236200,-1
34958.737,2,630635,1000,235800,1
34958.835,2,633503,400,236200,-1
34959.217,2,587722,663,236300,-1
34961.039,1,635031,600,235800,1
34961.269,1,635135,800,235000,1
34961.79,1,635349,2000,236100,-1
34962.211,1,635514,200,236100,-1
34963.869,2,633833,1500,236200,-1
34964.591,2,635514,200,236100,-1
34969.437,1,639836,200,236100,-1
34969.559,1,639890,200,236200,-1
34971.037,4,635349,990,236100,-1
34971.637,2,639836,200,236100,-1
34972.084,1,641341,100,236000,1
34972.203,4,635349,500,236100,-1
34973.887,5,641348,10,236040,1
34973.887,4,641341,76,236000,1
34976.709,1,644290,200,236100,-1
34977.793,1,644886,400,235800,1
34978.826,2,644290,200,236100,-1
34979.032,2,605180,400,239500,-1
34979.997,2,608733,200,238200,-1
34980.013,1,646494,100,237600,-1
34982.725,1,648438,400,239500,-1
34983.558,1,649019,200,236100,-1
34986.333,2,631188,500,235800,1
34986.897,1,650866,200,236100,-1
34986.997,2,639890,200,236200,-1
34986.998,2,650866,200,236100,-1
34987.623,1,651184,200,236200,-1
34995.927,2,651184,200,236200,-1
34999.104,2,649019,200,236100,-1
35005.519,1,662239,100,236000,1
35007.989,2,568963,900,236900,-1
35007.993,1,663921,1000,236400,-1
35010.619,1,665904,200,236200,-1
35012.272,5,665393,500,236070,-1
35012.272,5,665457,95,236070,-1
35012.272,1,666965,405,236090,1
35013.164,4,666965,405,236090,1
35013.518,2,623619,100,235300,1
35013.523,1,667878,200,234800,1
35014.979,4,641341,24,236000,1
35014.979,4,662239,100,236000,1
35019.547,1,672943,400,236000,1
35019.592,4,672943,25,236000,1
35019.655,5,668618,100,236060,-1
35019.814,4,672943,40,236000,1
35020.021,4,672943,335,236000,1
35022.031,2,445266,100,233500,1
35023.024,1,675037,7,236100,-1
35024.287,1,675796,1000,227500,1
35025.267,2,178873,150,245000,-1
35025.584,2,667878,200,234800,1
35025.612,1,676561,100,234700,1
35025.894,1,676775,150,244500,-1
35027.207,2,646494,100,237600,-1
35027.235,1,677993,200,237300,-1
35029.244,2,605551,100,135800,1
35029.251,1,679335,100,185800,1
35030.73,2,677993,200,237300,-1
35030.743,1,680324,100,237200,-1
35031.791,2,676561,100,234700,1
35032.088,1,681309,200,234500,1
35034.008,2,665904,200,236200,-1
35037.485,2,635031,600,235800,1
35037.823,1,685650,100,239600,-1
35038.907,1,686569,990,236000,1
35039.081,2,648438,400,239500,-1
35040.066,4,635349,510,236100,-1
35041.139,4,675037,7,236100,-1
35041.139,1,688992,983,236100,1
35041.569,1,689419,400,239500,-1
35042.143,2,688992,983,236100,1
35042.563,1,690252,400,236100,1
35044.784,2,690252,400,236100,1
35048.718,2,686569,990,236000,1
35055.564,5,694586,500,236010,1
35055.564,5,695042,500,236010,1
35055.564,1,700378,1000,236010,-1
35055.708,1,700536,1000,236100,-1
35055.969,2,663921,1000,236400,-1
35056.566,4,700378,1000,236010,-1
35056.566,4,700536,500,236100,-1
35058.627,4,700536,100,236100,-1
35059.558,1,703802,1000,235810,1
35059.679,1,703894,400,236100,-1
35060.21,2,703894,400,236100,-1
35060.506,4,700536,400,236100,-1
35060.584,1,704470,400,236100,1
35060.979,5,704490,12,236130,1
35060.979,4,704470,400,236100,1
35060.979,5,704480,400,236100,1
35066.253,1,708615,400,236100,-1
35066.996,1,709135,200,236200,-1
35067.261,2,703802,1000,235810,1
35067.696,1,709626,400,236100,-1
35067.719,1,709643,900,236400,-1
35068.443,1,710170,500,225500,1
35069.685,5,709330,500,236060,-1
35069.685,5,709286,500,236090,-1
35070.841,2,709135,200,236200,-1
35071.753,2,107697,100,239600,-1
35071.952,2,708615,400,236100,-1
35072.619,2,709626,400,236100,-1
35077.112,1,716218,6000,236090,1
35078.651,2,709643,900,236400,-1
35078.694,1,717400,1000,236500,-1
35086.082,2,717400,1000,236500,-1
35088.212,1,724399,12,217960,1
35088.344,1,724553,13,204880,1
35089.979,4,604051,86,236300,-1
35090.155,4,604051,114,236300,-1
35090.155,5,718782,100,236300,-1
35090.258,1,726618,1000,235800,1
35090.26,1,726623,3000,237200,-1
35091.631,1,727783,1000,237190,-1
35091.696,1,727843,600,236200,1
35091.801,1,727926,100,236200,1
35091.953,1,728031,500,237200,-1
35092.118,2,728031,500,237200,-1
35092.148,2,726623,3000,237200,-1
35093.69,5,728683,990,236490,-1
35093.69,1,729166,10,236500,1
35095.585,2,727926,100,236200,1
35096.577,4,729166,10,236500,1
35096.577,1,730968,980,236500,-1
35097.268,4,730968,980,236500,-1
35099.155,2,523253,400,239700,-1
35099.239,2,689419,400,239500,-1
35099.395,1,733180,400,239500,-1
35099.47,1,733237,400,239700,-1
35099.529,1,733284,1000,236210,1
35101.12,1,734893,200,236700,-1
35101.861,2,727843,600,236200,1
35102.901,2,716218,6000,236090,1
35103.265,2,734893,200,236700,-1
35104.812,1,738371,200,236700,-1
35106.104,5,734514,500,236570,-1
35106.104,5,734654,500,236570,-1
35106.234,1,739384,100,236000,1
35106.665,1,739668,200,236500,1
35106.984,2,738371,200,236700,-1
35108.081,1,740531,5000,236700,1
35108.634,1,740869,200,236900,-1
35110.719,2,740869,200,236900,-1
35111.596,1,742926,147,236800,-1
35111.945,1,743139,200,236900,-1
35113.095,4,742926,100,236800,-1
35113.207,2,742926,47,236800,-1
35113.694,1,744076,200,236700,1
35113.842,5,743770,200,236720,1
35113.842,4,740531,300,236700,1
35115.035,1,744743,1000,237800,-1
35115.686,2,744076,200,236700,1
35117.788,1,746469,47,236800,-1
35121.166,4,746469,47,236800,-1
35121.166,1,749103,100,236800,1
35121.286,1,749236,1753,236800,1
35121.953,2,680324,100,237200,-1
35121.96,1,749817,100,237500,-1
35122.023,1,749882,1000,236800,1
35122.145,2,743139,200,236900,-1
35122.749,1,750555,400,236800,1
35124.372,2,750555,400,236800,1
35124.64,2,749103,100,236800,1
35124.713,2,749236,1753,236800,1
35126.423,1,753431,400,236800,1
35127.541,2,753431,400,236800,1
35129.776,1,756369,53,236800,1
35130.236,2,726618,1000,235800,1
35130.25,1,756849,600,236500,1
35130.668,1,757257,400,236800,1
35131.826,5,756534,200,236840,1
35135.356,2,727783,1000,237190,-1
35135.402,1,760648,500,237300,-1
35135.508,2,757257,400,236800,1
35136.612,1,761498,1000,237290,-1
35138.424,1,762974,1000,237300,-1
35138.593,1,763158,100,237000,-1
35141.991,1,765411,200,237100,-1
35143.398,2,760648,500,237300,-1
35144.69,1,767258,1000,236300,1
35146.458,1,768414,200,237000,-1
35147.636,2,765411,200,237100,-1
35148.69,2,768414,200,237000,-1
35149.004,1,770264,200,237100,-1
35149.718,1,770821,500,227800,1
35149.903,2,763158,100,237000,-1
35149.906,5,767431,100,236900,1
35150.08,1,771058,200,237000,-1
35150.164,2,770264,200,237100,-1
35151.409,1,772114,400,236900,-1
35152.6,2,772114,400,236900,-1
35153.625,1,773945,400,236900,-1
35153.687,2,749882,1000,236800,1
35153.934,4,773945,60,236900,-1
35155.248,2,773945,340,236900,-1
35155.685,2,181842,2300,245300,-1
35155.935,4,756369,53,236800,1
35155.996,5,775665,300,236800,-1
35155.998,5,775665,100,236800,-1
35156.076,5,775665,47,236800,-1
35156.076,1,775750,4653,236900,1
35156.098,4,775750,4,236900,1
35156.78,2,771058,200,237000,-1
35157.058,5,775984,300,236940,1
35157.058,4,775750,300,236900,1
35157.343,4,775750,600,236900,1
35157.549,1,776501,200,237100,-1
35158.203,2,775750,3749,236900,1
35158.512,1,776997,3849,236900,1
35159.501,2,733180,400,239500,-1
35159.634,4,776997,990,236900,1
35159.674,1,777820,400,239500,-1
35159.817,4,776997,990,236900,1
35159.873,4,776997,990,236900,1
35161.038,2,776997,879,236900,1
35162.598,2,489785,200,221200,1
35164.367,2,776501,200,237100,-1
35166.735,2,739668,200,236500,1
35166.934,1,783361,200,254500,-1
35168.673,1,784455,200,236900,1
35169.432,2,761498,1000,237290,-1
35169.467,1,784858,600,237290,-1
35169.713,2,784858,600,237290,-1
35169.965,2,762974,1000,237300,-1
35174.362,1,787773,990,237000,1
35174.482,2,749817,100,237500,-1
35174.491,1,787830,100,237800,-1
35174.859,1,788038,800,237100,1
35183.611,2,523773,300,237900,-1
35188.235,4,512048,500,237300,-1
35188.301,4,512048,500,237300,-1
35188.324,1,795905,500,237800,-1
35188.527,1,796071,1000,237790,-1
35188.708,1,796238,200,237200,1
35189.259,1,796528,900,237700,-1
35189.305,2,796071,1000,237790,-1
35189.311,2,795905,500,237800,-1
35189.326,1,796578,500,237700,-1
35189.341,1,796587,1000,237690,-1
35190.537,1,797270,2000,237500,1
35190.576,2,796578,500,237700,-1
35191.713,2,788038,800,237100,1
35192.003,5,797417,100,237510,1
35192.025,2,796528,900,237700,-1
35192.173,1,798104,800,235500,1
35193.044,1,798648,1000,237400,1
35193.478,2,796587,1000,237690,-1
35193.615,1,799135,400,237500,1
35193.624,2,787830,100,237800,-1
35193.629,2,681309,200,234500,1
35193.648,1,799174,100,238200,-1
35193.652,1,799176,100,235700,1
35194.529,1,799768,1000,237790,-1
35195.409,2,635135,800,235000,1
35195.495,2,787773,990,237000,1
35197.462,2,799135,400,237500,1
35198.046,2,797270,2000,237500,1
35199.318,5,801915,500,237450,1
35199.388,1,802618,1900,237600,-1
35199.897,1,803054,100,237500,-1
35200.383,1,803360,900,237800,-1
35200.956,4,798648,100,237400,1
35201.49,4,798648,500,237400,1
35201.518,4,798648,200,237400,1
35201.536,4,798648,100,237400,1
35201.825,4,798648,100,237400,1
35202.209,1,804524,200,237500,-1
35202.299,2,296220,500,239000,-1
35202.774,2,804524,200,237500,-1
35204.197,1,805869,500,237000,1
35205.592,2,799176,100,235700,1
35205.61,1,806859,990,237200,1
35205.624,1,806868,200,235700,1
35205.946,2,802618,1900,237600,-1
35205.953,2,744743,1000,237800,-1
35206.391,1,807403,1000,237500,-1
35207.062,2,803054,100,237500,-1
35207.614,2,796238,200,237200,1
35209.007,1,809138,1000,237400,-1
35212.776,2,806859,990,237200,1
35215.436,2,135625,2000,232900,1
35215.653,1,815108,200,237300,-1
35216.089,2,815108,200,237300,-1
35217.949,2,809138,1000,237400,-1
35218.041,2,799768,1000,237790,-1
35218.08,1,816967,900,237490,-1
35218.371,2,740531,4700,236700,1
35218.479,1,817221,100,237200,-1
35218.548,4,817221,100,237200,-1
35218.697,2,816967,900,237490,-1
35219.105,2,777820,400,239500,-1
35219.323,1,817844,990,237200,1
35219.631,2,807403,1000,237500,-1
35219.978,1,818253,1000,237600,-1
35220.531,1,818630,400,239500,-1
35221.558,1,819341,1000,237590,-1
35221.559,1,819343,400,237300,1
35225.449,2,819341,1000,237590,-1
35229.411,5,822758,505,237340,1
35229.411,5,822106,500,237320,1
35229.411,5,822230,500,237320,1
35229.411,4,819343,195,237300,1
35229.423,4,819343,205,237300,1
35229.423,5,822832,95,237300,1
35230.391,2,806868,200,235700,1
35230.404,1,827116,100,235900,1
35230.496,5,822832,5,237300,1
35233.033,1,829574,95,237300,-1
35233.176,2,756849,600,236500,1
35233.177,1,829694,900,236900,1
35233.496,2,685650,100,239600,-1
35233.505,1,829974,100,244000,-1
35233.696,2,829574,95,237300,-1
35233.699,4,817844,95,237200,1
35234.797,1,831121,2500,237300,1
35234.912,2,799174,100,238200,-1
35234.926,1,831250,200,239200,-1
35234.997,2,817844,895,237200,1
35235.531,1,831910,1000,237590,-1
35235.699,5,831144,100,237320,1
35235.75,5,831144,400,237320,1
35235.75,5,831272,100,237320,1
35235.897,5,831272,100,237320,1
35235.905,5,831272,100,237320,1
35235.941,5,831272,100,237320,1
35235.992,5,831272,100,237320,1
35237.681,1,834078,2000,237300,1
35237.979,5,834089,200,237320,1
35237.979,4,831121,600,237300,1
35238.705,4,831121,500,237300,1
35239.174,1,835388,1000,237000,1
35240.367,2,831121,1400,237300,1
35241.92,2,81341,75,227500,1
35242.295,2,818253,1000,237600,-1
35242.412,1,838303,75,230500,1
35242.726,1,838559,1000,237500,-1
35245.087,2,831910,1000,237590,-1
35246.753,4,834078,300,237300,1
35246.777,2,838559,1000,237500,-1
35246.956,4,834078,900,237300,1
35247.196,1,842920,1000,237800,-1
35248.222,1,843821,100,236500,1
35248.537,1,844149,1000,237790,-1
35248.656,1,844288,500,237800,-1
35249.158,4,834078,500,237300,1
35250.105,4,834078,300,237300,1
35250.193,2,733284,1000,236210,1
35250.294,1,845625,1000,237010,1
35250.501,1,845771,2000,237540,-1
35250.516,2,844288,500,237800,-1
35250.555,1,845814,200,237500,-1
35251.001,2,829694,900,236900,1
35251.421,2,845814,200,237500,-1
35251.597,5,846177,100,237300,-1
35251.696,2,844149,1000,237790,-1
35251.732,1,846784,1000,237530,-1
35252.494,1,847326,400,237200,-1
35252.995,2,847326,400,237200,-1
35253.355,2,842920,1000,237800,-1
35253.764,1,848519,1000,237500,-1
35253.839,2,846784,1000,237530,-1
35254.762,1,849250,200,237300,-1
35254.854,2,849250,200,237300,-1
35255.178,2,845625,1000,237010,1
35255.836,1,849896,200,237400,-1
35256.949,2,849896,200,237400,-1
35257.482,2,831250,200,239200,-1
35257.484,2,827116,100,235900,1
35257.526,1,850870,800,237490,-1
35258.431,2,850870,800,237490,-1
35263.096,5,850929,500,237380,-1
35263.501,1,854471,300,237500,-1
35264.616,2,854471,300,237500,-1
35265.485,2,848519,1000,237500,-1
35265.905,1,855934,1000,237800,-1
35266.82,1,856377,400,237200,1
35267.346,2,845771,2000,237540,-1
35267.349,1,856610,2000,237730,-1
35267.526,1,856699,1000,237720,-1
35272.704,1,860266,200,238700,-1
35272.708,1,860272,100,236200,1
35273.29,1,860649,300,237400,-1
35274.056,1,861149,1000,237300,1
35276.963,1,863159,500,237200,1
35277.215,4,860649,300,237400,-1
35277.215,1,863301,690,237400,1
35278.22,2,863301,690,237400,1
35278.817,1,864422,400,237400,1
35279.695,2,818630,400,239500,-1
35279.859,1,865101,400,239500,-1
35281.235,2,838303,75,230500,1
35281.867,1,866493,59,230500,1
35282.002,2,856377,400,237200,1
35282.537,2,864422,400,237400,1
35286.472,1,870238,1000,237000,1
35286.861,2,767258,1000,236300,1
35287.609,1,871089,300,237000,1
35287.838,2,855934,1000,237800,-1
35288.249,1,871634,1000,237500,-1
35290.427,2,870238,1000,237000,1
35293.192,2,784455,200,236900,1
35296.263,4,861149,500,237300,1
35299.91,4,861149,500,237300,1
35300.706,1,879853,1100,236900,1
35300.985,4,863159,500,237200,1
35301.94,1,880740,1100,236800,1
35301.973,2,879853,1100,236900,1
35302.543,5,879594,200,237060,1
35303.145,5,879594,200,237060,1
35303.145,4,805869,400,237000,1
35303.426,1,881939,1000,236700,1
35303.455,2,880740,1100,236800,1
35303.495,2,856699,1000,237720,-1
35303.516,1,882010,200,237400,-1
35303.63,1,882151,200,237300,-1
35303.644,2,882010,200,237400,-1
35303.793,1,882305,54,237100,1
35303.805,4,882305,54,237100,1
35303.812,2,881939,1000,236700,1
35304.053,4,805869,100,237000,1
35304.053,4,835388,100,237000,1
35304.234,2,856610,2000,237730,-1
35304.239,1,882761,2000,237510,-1
35304.821,1,883322,663,237300,-1
35305.042,4,835388,200,237000,1
35305.178,2,860266,200,238700,-1
35305.195,1,883564,100,238600,-1
35305.471,1,883772,1000,237100,-1
35305.475,4,835388,700,237000,1
35305.475,4,871089,200,237000,1
35305.486,4,871089,100,237000,1
35305.526,1,883813,3000,236500,1
35305.974,2,882761,2000,237510,-1
35305.977,1,884101,2000,237300,-1
35306.466,5,884078,100,237000,-1
35306.466,5,883803,200,237050,-1
35306.466,5,883809,700,237050,-1
35306.532,1,884453,1000,236510,1
35306.593,1,884496,1000,236600,1
35306.637,2,883813,3000,236500,1
35306.652,1,884538,3000,236600,1
35306.665,2,884453,1000,236510,1
35306.889,1,884705,200,237200,-1
35306.891,2,882151,200,237300,-1
35306.979,2,884705,200,237200,-1
35306.994,2,884538,3000,236600,1
35307.097,1,884882,1000,237000,-1
35308.068,1,885560,200,236900,-1
35308.466,1,885782,400,236900,-1
35308.588,2,885560,200,236900,-1
35308.639,1,885877,1000,236610,1
35308.665,2,885877,1000,236610,1
35309.372,2,884496,1000,236600,1
35309.476,1,886412,1200,236500,1
35309.691,1,886593,500,236800,1
35310.618,2,885782,400,236900,-1
35310.763,2,884882,1000,237000,-1
35310.764,2,883772,1000,237100,-1
35310.859,1,887375,500,237300,-1
35312.226,2,887375,500,237300,-1
35312.526,1,888370,1000,237290,-1
35313.554,5,888379,50,236820,1
35316.079,2,888370,1000,237290,-1
35316.527,1,890679,1000,237290,-1
35316.961,2,890679,1000,237290,-1
35317.223,5,888982,400,236970,-1
35317.315,5,888982,100,236970,-1
35317.315,5,886455,100,237000,-1
35318.022,2,883564,100,238600,-1
35318.028,1,891564,200,238700,-1
35320.442,2,886412,1200,236500,1
35320.484,1,893108,800,236800,1
35321.777,1,894084,7,237100,1
35323.592,1,895359,400,237100,1
35324.623,4,894084,7,237100,1
35324.623,4,895359,193,237100,1
35324.625,2,886593,500,236800,1
35324.681,2,895359,207,237100,1
35325.241,1,896491,800,236600,1
35325.351,1,896565,200,237100,1
35326.33,4,896565,200,237100,1
35326.526,1,897141,600,236810,1
35326.956,1,897335,100,237200,-1
35327.322,2,897141,600,236810,1
35327.863,1,897862,100,236900,1
35329.101,2,355034,300,237900,-1
35331.019,2,893108,800,236800,1
35331.496,1,900848,1100,236600,1
35334.015,2,891564,200,238700,-1
35334.042,1,903313,100,238600,-1
35334.085,2,860272,100,236200,1
35334.101,1,903369,200,236000,1
35335.298,2,897862,100,236900,1
35335.336,1,904401,500,236700,1
35336.527,1,905447,1000,236710,1
35336.573,2,904401,500,236700,1
35336.634,2,905447,1000,236710,1
35338.562,1,907576,1000,236610,1
35339.043,2,865101,400,239500,-1
35339.574,1,908466,400,239500,-1
35341.95,2,903369,200,236000,1
35341.955,1,910183,100,235800,1
35342.281,1,910404,649,237000,-1
35342.594,1,910599,200,237100,-1
35343.022,2,897335,100,237200,-1
35343.336,1,911068,3000,235600,1
35345.042,2,900848,1100,236600,1
35345.582,2,910183,100,235800,1
35345.588,1,913067,200,235800,1
35346.428,1,913849,1000,236600,1
35349.464,5,910423,100,236950,-1
35349.464,5,916183,300,236990,-1
35349.665,2,913067,100,235800,1
35350.804,2,910599,200,237100,-1
35351.655,1,917844,200,237100,-1
35352.012,2,917844,200,237100,-1
35352.965,1,918720,200,237100,-1
35356.994,5,916201,500,236990,-1
35356.994,5,918113,200,236990,-1
35356.994,4,910404,600,237000,-1
35358.763,4,910404,49,237000,-1
35358.803,2,918720,200,237100,-1
35361.093,1,924243,300,237800,-1
35365.932,1,928812,500,236700,1
35366.009,2,907576,1000,236610,1
35367.525,1,929892,1000,236710,1
35379.812,1,936731,130,237010,-1
35379.815,2,936731,130,237010,-1
35380.015,1,936827,130,237010,-1
35380.016,2,936827,130,237010,-1
35380.216,1,936914,130,237010,-1
35380.218,2,936914,130,237010,-1
35380.414,1,936990,130,237010,-1
35380.416,2,936990,130,237010,-1
35380.628,1,937091,130,237010,-1
35380.629,2,937091,130,237010,-1
35380.835,1,937208,130,237010,-1
35380.837,2,937208,130,237010,-1
35381.043,1,937292,130,237010,-1
35381.044,2,937292,130,237010,-1
35381.25,1,937382,130,237010,-1
35381.254,2,937382,130,237010,-1
35381.458,1,937479,130,237010,-1
35381.464,2,937479,130,237010,-1
35381.879,1,937705,130,237010,-1
35381.884,2,937705,130,237010,-1
35382.3,1,937893,130,237010,-1
35382.304,2,937893,130,237010,-1
35382.719,1,938184,130,237010,-1
35382.725,2,938184,130,237010,-1
35382.926,1,938350,130,237010,-1
35382.928,2,938350,130,237010,-1
35383.134,1,938488,130,237010,-1
35383.135,2,938488,130,237010,-1
35383.342,1,938669,130,237010,-1
35383.345,2,938669,130,237010,-1
35383.549,1,938847,130,237010,-1
35383.555,2,938847,130,237010,-1
35383.758,1,939045,130,237010,-1
35383.765,2,939045,130,237010,-1
35383.97,1,939262,130,237010,-1
35383.975,2,939262,130,237010,-1
35384.178,1,939487,130,237010,-1
35384.188,2,939487,130,237010,-1
35384.385,1,939679,130,237010,-1
35384.388,2,939679,130,237010,-1
35384.475,2,884101,2000,237300,-1
35384.478,1,939756,2000,237520,-1
35384.593,5,939746,130,237010,1
35385.106,1,940376,200,237200,-1
35385.981,1,941186,600,237200,-1
35386.067,2,940376,200,237200,-1
35386.325,2,928812,500,236700,1
35386.951,2,803360,900,237800,-1
35386.954,1,942038,800,237400,-1
35387.289,2,939756,2000,237520,-1
35387.294,1,942360,2000,237330,-1
35388.278,1,943366,200,237000,-1
35388.719,1,943840,200,237100,-1
35388.814,2,943366,200,237000,-1
35389.371,1,944364,200,237000,-1
35389.754,1,944743,400,237000,-1
35389.832,2,941186,600,237200,-1
35389.911,2,944364,200,237000,-1
35390.631,2,929892,1000,236710,1
35391.527,1,945982,1000,236610,1
35394.822,2,945982,1000,236610,1
35395.182,2,944743,400,237000,-1
35395.525,1,948260,1000,236610,1
35395.812,2,943840,200,237100,-1
35397.588,1,949793,500,237290,-1
35399.318,1,951245,100,236400,1
35399.912,2,908466,400,239500,-1
35399.933,2,942038,800,237400,-1
35400.212,2,733237,400,239700,-1
35400.366,2,949793,500,237290,-1
35401.128,2,942360,2000,237330,-1
35401.132,1,952731,2000,237530,-1
35401.477,1,952988,400,239500,-1
35401.573,1,953071,400,239700,-1
35402.159,1,953542,500,236800,1
35403.522,2,951245,100,236400,1
35405.515,2,798104,800,235500,1
35406.11,5,949801,600,237240,-1
35406.236,5,949801,200,237240,-1
35406.25,2,948260,1000,236610,1
35406.251,5,949801,200,237240,-1
35407.641,4,883322,200,237300,-1
35408.524,4,883322,100,237300,-1
35408.744,4,883322,363,237300,-1
35408.744,1,958119,37,237300,1
35410.057,2,952731,2000,237530,-1
35410.06,1,958997,2000,237750,-1
35410.093,1,959021,3000,236800,1
35411.525,2,958119,37,237300,1
35412.009,1,960509,400,237400,1
35414.322,5,958225,154,237490,-1
35414.712,2,913849,1000,236600,1
35414.715,1,962930,900,237100,1
35415.209,2,960509,400,237400,1
35415.527,1,963561,1000,237110,1
35415.567,4,871634,800,237500,-1
35416.763,2,871634,200,237500,-1
35416.991,1,964879,800,237500,1
35417.238,5,964990,500,237510,1
35417.238,5,965079,300,237510,1
35417.282,1,965156,200,237800,-1
35417.846,2,958997,2000,237750,-1
35418.346,5,965608,150,237520,1
35418.346,5,965079,200,237510,1
35418.346,4,964879,800,237500,1
35418.526,2,959021,3000,236800,1
35418.559,1,966090,3000,237100,1
35418.605,1,966108,400,237500,1
35418.879,4,966108,400,237500,1
35419.529,1,966780,1000,237790,-1
35419.7,2,187962,400,239000,-1
35419.715,2,520275,349,249000,-1
35419.822,2,520438,3551,249000,-1
35419.829,1,967046,3900,249000,-1
35420.949,2,965156,200,237800,-1
35423.079,2,966090,3000,237100,1
35425.241,1,970708,200,237500,-1
35425.492,2,962930,900,237100,1
35425.493,1,970847,900,237800,-1
35425.593,1,970915,400,237400,-1
35425.842,2,970708,200,237500,-1
35426.106,5,971103,500,237360,-1
35426.106,5,970939,200,237380,-1
35426.106,4,970915,400,237400,-1
35426.106,1,971241,350,237600,1
35426.118,4,971241,300,237600,1
35426.124,4,971241,50,237600,1
35426.158,1,971275,500,237800,-1
35426.182,2,971275,500,237800,-1
35426.767,1,971624,200,237600,-1
35427.13,2,971624,200,237600,-1
35427.531,1,972005,200,237600,-1
35427.995,1,972264,1152,237490,1
35427.998,2,972264,1152,237490,1
35428.403,1,972503,1152,237490,1
35428.406,2,972503,1152,237490,1
35428.72,2,972005,200,237600,-1
35428.762,1,972746,1152,237490,1
35428.766,2,972746,1152,237490,1
35428.971,1,972863,1152,237490,1
35428.977,2,972863,1152,237490,1
35429.179,1,972946,1152,237490,1
35429.181,2,972946,1152,237490,1
35429.394,1,973081,1152,237490,1
35429.397,2,973081,1152,237490,1
35429.604,1,973182,1152,237490,1
35429.606,2,973182,1152,237490,1
35429.813,1,973282,1152,237490,1
35429.816,2,973282,1152,237490,1
35430.016,1,973380,1152,237490,1
35430.017,2,973380,1152,237490,1
35430.224,1,973508,1000,237490,1
35430.227,2,973508,1000,237490,1
35430.431,1,973603,1000,237490,1
35430.433,2,973603,1000,237490,1
35430.63,1,973696,200,237600,-1
35430.639,1,973703,1000,237490,1
35430.642,2,973703,1000,237490,1
35430.808,2,973696,200,237600,-1
35430.846,1,973808,1000,237490,1
35430.848,2,973808,1000,237490,1
35431.055,1,973907,1000,237490,1
35431.057,2,973907,1000,237490,1
35431.263,1,973975,1000,237490,1
35431.268,2,973975,1000,237490,1
35431.471,1,974089,1000,237490,1
35431.476,2,974089,1000,237490,1
35431.679,1,974197,1000,237490,1
35431.68,2,974197,1000,237490,1
35431.886,1,974301,1000,237490,1
35431.888,2,974301,1000,237490,1
35432.095,1,974396,1000,237490,1
35432.097,2,974396,1000,237490,1
35432.304,1,974487,1000,237490,1
35432.306,2,974487,1000,237490,1
35432.511,1,974579,1000,237490,1
35432.517,2,974579,1000,237490,1
35432.719,1,974685,1000,237490,1
35432.721,2,974685,1000,237490,1
35432.927,1,974772,1000,237490,1
35432.928,2,974772,1000,237490,1
35435.588,2,970847,900,237800,-1
35436.058,2,966780,1000,237790,-1
35436.335,1,977288,1000,237100,1
35438.821,1,979413,500,237400,1
35440.326,1,980660,1000,237410,1
35440.656,1,980896,2000,237200,1
35440.974,1,981119,500,237520,1
35441.097,1,981244,1000,237500,1
35441.314,5,981152,400,237710,1
35441.314,5,981052,500,237700,1
35441.314,5,981124,500,237570,1
35441.314,5,981364,100,237570,1
35441.905,1,981896,1832,237700,1
35442.134,4,924243,300,237800,-1
35442.682,5,982166,500,237740,1
35442.682,5,981914,200,237720,1
35442.682,5,982171,100,237720,1
35442.682,4,981896,1832,237700,1
35442.682,5,982324,100,237700,1
35442.682,5,981422,500,237570,1
35442.682,4,981119,500,237520,1
35442.682,4,981244,1000,237500,1
35442.74,2,963561,1000,237110,1
35443.075,2,980660,1000,237410,1
35443.413,1,982966,19000,237600,1
35443.734,5,982984,700,237650,1
35443.734,4,982966,4218,237600,1
35443.804,2,980896,2000,237200,1
35443.807,1,983249,2000,237400,1
35444.104,2,982966,14782,237600,1
35444.515,2,983249,2000,237400,1
35444.518,1,983743,2000,237180,1
35444.529,1,983746,600,237410,1
35444.632,2,983746,600,237410,1
35444.834,1,983969,100,237700,1
35445.25,2,979413,500,237400,1
35445.9,4,983969,100,237700,1
35445.928,1,984631,3000,237100,1
35446.214,5,979610,990,237420,1
35446.335,5,984615,220,237700,-1
35446.385,1,984854,1900,237700,-1
35446.528,1,984934,1000,237190,1
35446.992,5,984869,100,237650,-1
35447.716,2,983743,2000,237180,1
35447.722,1,985593,2000,236950,1
35447.775,1,985614,2000,237870,-1
35448.307,1,985902,900,238000,-1
35448.919,5,984869,100,237650,-1
35448.919,5,985432,100,237650,-1
35451.6,2,984934,1000,237190,1
35451.874,2,903313,100,238600,-1
35451.908,1,988585,200,239000,-1
35452.554,1,989194,300,237110,1
35454.015,2,984631,3000,237100,1
35454.632,5,986315,652,237600,-1
35455.101,2,989194,300,237110,1
35455.712,5,988146,100,237450,1
35455.85,5,986315,268,237600,-1
35456.562,1,993309,700,237110,1
35456.978,2,993309,700,237110,1
35457.607,1,994390,288,237400,1
35457.695,5,994474,100,237500,1
35457.695,5,979610,10,237420,1
35457.695,4,994390,288,237400,1
35458.169,1,994996,1000,238500,-1
35458.526,1,995283,700,237110,1
35458.733,1,995468,100,220000,1
35459.003,2,977288,1000,237100,1
35459.299,2,952988,400,239500,-1
35459.321,2,995283,700,237110,1
35459.35,1,996009,3000,236900,1
35459.553,1,996199,400,239500,-1
35459.813,2,606460,200,239000,-1
35460.07,1,996727,500,237000,1
35460.566,1,997256,1000,237010,1
35460.696,2,996009,3000,236900,1
35460.716,1,997459,3000,237000,1
35461.768,1,998708,1000,237200,1
35461.811,2,996727,500,237000,1
35461.818,1,998756,500,237200,1
35461.875,2,997256,1000,237010,1
35462.074,5,986315,80,237600,-1
35462.074,5,996836,20,237600,-1
35462.249,2,998708,1000,237200,1
35463.553,1,1000457,1000,237210,1
35463.886,1,1000824,10600,237500,1
35464.42,4,984854,1900,237700,-1
35464.462,2,953542,500,236800,1
35464.92,2,985593,2000,236950,1
35464.922,1,1001873,2000,237270,1
35464.951,2,985614,2000,237870,-1
35464.952,1,1001892,2000,238190,-1
35465.116,2,1000457,1000,237210,1
35465.456,1,1002228,1000,237400,1
35466.403,2,998756,500,237200,1
35466.411,1,1002940,500,237500,1
35466.64,5,1002884,500,237840,-1
35466.64,5,1002926,800,237840,-1
35466.64,4,482839,500,237890,-1
35466.64,5,1001678,100,237900,-1
35466.64,4,985902,100,238000,-1
35466.859,1,1003257,500,232500,1
35466.975,2,985902,800,238000,-1
35467.532,1,1003736,1000,238180,-1
35468.928,2,1002940,500,237500,1
35469.526,1,1005299,1000,237510,1
35469.554,2,1005299,1000,237510,1
35469.613,2,1001873,2000,237270,1
35469.615,1,1005361,2000,237470,1
35469.653,2,1001892,2000,238190,-1
35469.655,1,1005387,2000,238400,-1
35470.537,1,1005984,400,237800,1
35473.961,5,1005996,200,237820,1
35473.961,4,1005984,400,237800,1
35473.961,1,1008237,300,237800,-1
35475.023,5,1008815,300,237760,-1
35475.236,2,1000824,10600,237500,1
35475.513,2,1005361,2000,237470,1
35475.516,1,1009450,2000,237270,1
35475.52,2,1005387,2000,238400,-1
35475.521,1,1009455,2000,238190,-1
35477.003,2,1008237,300,237800,-1
35477.03,1,1010538,500,238200,-1
35477.526,1,1010921,1000,237410,1
35478.153,2,260931,2000,232000,1
35479.04,1,1012048,100,237900,-1
35479.28,1,1012292,200,238500,-1
35479.342,2,988585,200,239000,-1
35479.355,1,1012360,100,238900,-1
35479.39,2,1012048,100,237900,-1
35479.779,1,1012757,1000,237800,-1
35480.231,1,1013119,2000,235000,1
35480.454,1,1013257,100,237900,-1
35480.756,1,1013534,1000,237800,-1
35480.776,2,1013257,100,237900,-1
35481.773,5,1012945,200,237760,-1
35482.489,1,1015128,200,237900,-1
35488.029,2,1015128,200,237900,-1
35489.517,5,1017608,200,237780,-1
35489.517,4,1012757,1000,237800,-1
35489.517,4,1013534,800,237800,-1
35491.283,4,1013534,200,237800,-1
35491.283,5,1019492,100,237900,-1
35491.555,1,1022753,300,225700,1
35491.585,2,1010538,500,238200,-1
35493.376,1,1024305,100,237900,-1
35493.804,2,1024305,100,237900,-1
35494.437,2,1012360,100,238900,-1
35494.5,1,1025171,200,239200,-1
35494.701,1,1025369,1100,237400,1
35495.162,2,1003736,1000,238180,-1
35495.427,1,1026006,100,238000,-1
35495.533,2,1009455,2000,238190,-1
35495.876,2,1026006,100,238000,-1
35496.529,1,1026863,1000,238490,-1
35497.08,1,1027216,200,237500,1
35497.133,2,1010921,1000,237410,1
35497.172,2,1022753,300,225700,1
35497.261,2,1009450,2000,237270,1
35497.268,1,1027332,2000,237500,1
35497.316,1,1027371,1000,237510,1
35497.671,1,1027655,1000,238000,1
35498.006,1,1027866,400,238000,1
35498.243,1,1028016,21600,237800,1
35498.652,2,1027332,2000,237500,1
35498.655,1,1028298,2000,237740,1
35499.636,2,1027866,400,238000,1
35499.701,1,1029051,2000,237500,1
35502.62,2,1028016,21600,237800,1
35503.639,1,1032120,800,236600,1
35505.182,2,1027655,1000,238000,1
35505.66,2,1028298,2000,237740,1
35505.692,1,1033911,500,237600,1
35505.772,2,1027371,1000,237510,1
35505.896,1,1034082,1000,238100,-1
35505.948,1,1034116,1000,237610,1
35506.293,2,1033911,500,237600,1
35506.303,2,1034116,1000,237610,1
35507.444,2,1025171,100,239200,-1
35507.527,1,1035281,1000,237510,1
35509.801,5,1034703,200,238090,-1
35510.253,1,1037230,200,238200,-1
35510.374,2,1037230,200,238200,-1
35511.146,2,1025171,100,239200,-1
35511.15,1,1037765,200,239200,-1
35511.331,1,1037879,2500,237390,1
35511.362,5,1034703,100,238090,-1
35511.625,1,1038069,200,238200,-1
35511.817,2,1038069,200,238200,-1
35512.665,1,1038838,200,238200,-1
35513.662,2,1037765,100,239200,-1
35513.768,2,1038838,200,238200,-1
35515.129,5,1034703,100,238090,-1
35516.273,5,1034703,100,238090,-1
35516.273,5,1034704,500,238090,-1
35516.273,4,1034082,400,238100,-1
35517.503,4,1034082,100,238100,-1
35518.246,1,1041803,200,238200,-1
35518.605,1,1042006,100,238200,-1
35518.9,1,1042148,500,238090,-1
35519.01,2,996199,400,239500,-1
35519.783,2,1042006,100,238200,-1
35519.941,1,1042673,200,237800,1
35519.987,1,1042693,400,239500,-1
35521.031,1,1043286,200,238190,-1
35521.122,2,1041803,200,238200,-1
35521.628,1,1043571,1000,237500,1
35523.335,2,1035281,1000,237510,1
35523.991,5,1044317,500,238040,-1
35523.991,5,1044390,500,238080,-1
35523.991,5,1044391,500,238080,-1
35525.719,2,1043286,200,238190,-1
35527.512,2,1037765,100,239200,-1
35527.538,1,1048181,200,239300,-1
35528.275,2,1012292,200,238500,-1
35528.863,1,1049257,200,238100,-1
35534.771,2,1042148,500,238090,-1
35535.422,5,1053579,200,238010,1
35535.966,1,1055535,300,238100,-1
35536.653,1,1056133,990,238100,-1
35536.719,1,1056195,100,238000,-1
35537.377,2,1043571,1000,237500,1
35539.185,2,829974,100,244000,-1
35539.389,2,1055535,300,238100,-1
35539.892,1,1059819,100,237900,-1
35540.534,4,1059819,100,237900,-1
35540.534,5,1060234,268,237900,-1
35541.126,2,1027216,200,237500,1
35541.859,5,1060234,232,237900,-1
35542.045,5,1061574,100,237920,1
35542.149,1,1061766,100,237800,1
35543.091,2,1056133,990,238100,-1
35554.362,1,1070949,500,237900,-1
35555.064,2,1002228,1000,237400,1
35555.608,2,1034082,500,238100,-1
35564.916,4,1070949,500,237900,-1
35564.916,5,1071814,100,237900,-1
35564.916,1,1077968,390,237900,1
35565.61,2,1077968,390,237900,1
35566.008,1,1078664,2500,237800,1
35566.012,1,1078667,2500,237800,1
35566.568,1,1079091,400,237900,1
35569.611,2,1079091,400,237900,1
35571.725,1,1082721,1000,237900,1
35573.066,4,1082721,300,237900,1
35576.236,4,1082721,400,237900,1
35576.276,4,1082721,300,237900,1
35576.276,1,1085751,700,237900,-1
35576.697,1,1086073,400,237900,-1
35578.167,1,1087110,5000,237100,1
35578.387,4,1042673,200,237800,1
35578.387,4,1061766,100,237800,1
35578.559,2,1048181,200,239300,-1
35578.606,1,1087489,100,239400,-1
35578.971,1,1087807,100,237800,1
35579.264,2,1042693,400,239500,-1
35579.427,1,1088209,400,239500,-1
35580.51,2,913067,100,235800,1
35580.547,1,1089393,200,236800,1
35585.656,1,1094724,300,237800,1
35586.217,4,1078664,2500,237800,1
35586.661,4,1078667,2500,237800,1
35586.661,4,1087807,100,237800,1
35586.661,4,1094724,300,237800,1
35587.057,2,1086073,400,237900,-1
35587.359,1,1095949,200,237900,-1
35588.398,1,1096630,200,237800,-1
35588.489,2,1095949,200,237900,-1
35588.587,2,1025369,1100,237400,1
35588.882,2,1096630,200,237800,-1
35589.632,1,1097777,200,237800,-1
35589.743,5,1095509,1000,237550,1
35589.743,5,1097018,200,237520,1
35589.743,4,1029051,800,237500,1
35590.212,1,1098277,900,237300,1
35590.275,4,1029051,400,237500,1
35590.365,2,1037879,2500,237390,1
35590.758,2,1097777,200,237800,-1
35591.162,2,1026863,1000,238490,-1
35591.826,1,1099458,200,237710,-1
35591.871,1,1099490,500,237800,-1
35591.994,2,1099490,500,237800,-1
35592.052,2,1099458,200,237710,-1
35594.161,2,997459,3000,237000,1
35594.263,2,1085751,700,237900,-1
35594.529,1,1100923,1000,237990,-1
35595.758,5,1100125,200,237590,-1
35596.464,2,1087489,100,239400,-1
35596.466,2,1089393,200,236800,1
35596.488,1,1102068,200,239500,-1
35596.49,1,1102070,100,237000,1
35596.896,2,1049257,200,238100,-1
35597.304,1,1102560,200,238000,-1
35597.652,1,1102771,200,237700,-1
35599.076,2,1102771,200,237700,-1
35600.834,1,1104619,200,237700,-1
35601.217,2,1104619,200,237700,-1
35601.804,2,1098277,900,237300,1
35601.847,1,1105209,1000,237200,1
35604.393,1,1106874,200,237600,-1
35606.033,4,1029051,800,237500,1
35606.033,5,1099946,300,237210,1
35606.033,4,1105209,1000,237200,1
35606.033,4,1087110,1900,237100,1
35606.099,1,1108006,500,237200,1
35606.323,2,1108006,500,237200,1
35606.53,1,1108324,1000,237110,1
35606.545,1,1108333,2000,237000,1
35606.653,1,1108426,200,237700,-1
35606.792,5,1108115,100,237410,1
35607.316,5,1108115,100,237410,1
35607.655,1,1109171,3000,237800,-1
35607.673,1,1109178,1100,237900,-1
35607.694,2,1108324,1000,237110,1
35607.927,1,1109335,200,237600,-1
35608.013,2,1108426,200,237700,-1
35608.45,1,1109690,200,237500,-1
35608.547,2,1109335,200,237600,-1
35609.025,1,1110059,200,237400,-1
35609.031,2,1109690,200,237500,-1
35609.16,2,1110059,200,237400,-1
35609.212,2,1100923,1000,237990,-1
35609.393,1,1110286,400,237300,-1
35609.741,1,1110533,100,237200,1
35609.744,2,1108333,2000,237000,1
35610.772,2,1102070,100,237000,1
35610.787,1,1111316,100,236900,1
35612.763,2,1110286,400,237300,-1
35614.167,2,1056195,100,238000,-1
35614.176,1,1114906,100,249800,-1
35614.527,1,1115292,500,237590,-1
35614.631,2,1115292,500,237590,-1
35616.505,1,1117386,2000,237050,1
35616.968,2,1110533,100,237200,1
35617.314,5,1117984,200,237550,-1
35617.652,5,1118273,26,237550,-1
35617.811,5,1118273,100,237550,-1
35617.912,5,1118273,100,237550,-1
35618.102,5,1118273,200,237550,-1
35618.331,2,1109178,1100,237900,-1
35618.401,5,1118273,200,237550,-1
35618.431,2,1111316,100,236900,1
35618.5,1,1120004,100,237200,1
35618.537,1,1120080,1000,237110,1
35618.824,2,1109171,3000,237800,-1
35618.857,5,1118273,100,237550,-1
35619.051,5,1118273,274,237550,-1
35619.051,4,1106874,94,237600,-1
35619.184,4,1106874,106,237600,-1
35619.184,1,1120950,94,237700,1
35620.573,1,1122880,1000,237990,-1
35622.01,1,1124885,221,237600,1
35624.151,1,1127153,400,237600,1
35625.542,4,1120950,94,237700,1
35625.854,1,1128791,1000,238000,-1
35626.324,2,1127153,400,237600,1
35627.226,1,1130231,100,237610,1
35627.516,1,1130460,100,237700,1
35627.62,2,1130231,100,237610,1
35627.629,2,1130460,100,237700,1
35631.261,1,1133457,1000,237400,1
35633.103,1,1134557,2100,237700,1
35634.174,5,1134572,100,237720,1
35636.614,2,1122880,1000,237990,-1
35636.622,2,1117386,2000,237050,1
35636.626,1,1137390,2000,237310,1
35636.812,2,1128791,1000,238000,-1
35637.135,5,1134572,100,237720,1
35639.094,2,1088209,400,239500,-1
35640.484,1,1140175,100,237800,-1
35640.519,1,1140203,400,239500,-1
35640.881,2,1140175,100,237800,-1
35641.062,1,1140587,600,237790,1
35641.572,1,1140933,500,237600,1
35642.444,1,1141727,1100,237400,1
35644.061,2,1140587,600,237790,1
35645.363,2,1102560,200,238000,-1
35645.837,1,1144975,200,238200,-1
35646.269,2,1124885,221,237600,1
35646.554,1,1145541,1000,238190,-1
35648.347,1,1147110,15000,237710,1
35648.84,2,1137390,2000,237310,1
35648.843,1,1147549,2000,237530,1
35649.56,2,1147110,15000,237710,1
35650.786,2,1145541,1000,238190,-1
35652.566,2,1120080,1000,237110,1
35652.587,1,1150296,500,238000,-1
35655.974,1,1152812,900,238300,-1
35657.106,1,1153762,400,237900,1
35657.39,4,1150296,400,238000,-1
35658.938,2,1152812,900,238300,-1
35659.42,5,1154052,300,237990,-1
35659.42,5,1154130,68,237990,-1
35660.086,2,1140933,500,237600,1
35660.225,4,1153762,400,237900,1
35660.225,5,1154696,100,237900,1
35661.179,5,1157017,200,237900,-1
35661.821,2,1147549,2000,237530,1
35661.823,1,1158333,2000,237330,1
35662.168,2,1134557,2100,237700,1
35662.197,1,1158601,3000,237400,1
35662.491,1,1158899,2000,238130,-1
35662.523,1,1158924,1000,237410,1
35663.004,2,1158924,1000,237410,1
35663.829,2,1087110,3100,237100,1
35664.404,1,1160242,200,237910,-1
35664.49,1,1160293,900,238200,-1
35664.533,2,1141727,1100,237400,1
35664.551,1,1160333,1000,237410,1
35664.998,2,1160242,200,237910,-1
35665.072,2,1158601,3000,237400,1
35665.164,1,1160721,100,237700,1
35665.56,4,1160721,100,237700,1
35665.978,1,1161276,500,237800,-1
35667.041,5,1160007,432,237780,-1
35667.041,5,1161284,68,237780,-1
35670.311,1,1163877,100,241490,-1
35672.579,1,1165524,990,237700,1
35672.978,2,1158899,2000,238130,-1
35673.439,4,1161276,100,237800,-1
35675.176,4,1161276,100,237800,-1
35675.553,4,1161276,300,237800,-1
35676.185,2,1165524,990,237700,1
35679.308,2,1158333,2000,237330,1
35679.31,1,1169636,2000,237550,1
35680.367,2,1013119,2000,235000,1
35680.5,1,1170271,900,245000,-1
35681.318,2,1144975,200,238200,-1
35681.846,1,1170977,200,238000,-1
35683.818,1,1172774,200,237900,-1
35684.351,5,1172321,500,237790,-1
35684.351,1,1173426,100,237790,1
35684.354,2,1173426,100,237790,1
35684.747,2,1169636,2000,237550,1
35684.767,1,1173972,100,237790,1
35684.77,2,1173972,100,237790,1
35684.794,1,1174009,500,237800,-1
35684.977,5,1174116,100,237770,-1
35686.633,2,1172774,200,237900,-1
35690.439,2,1120004,100,237200,1
35690.479,1,1178911,100,236800,1
35690.83,1,1179176,200,237900,-1
35691.886,2,1179176,200,237900,-1
35694.619,5,1174116,100,237770,-1
35694.619,5,1174065,132,237780,-1
35694.619,5,1175344,300,237790,-1
35694.619,5,1180466,68,237790,-1
35698.967,2,953071,400,239700,-1
35699.035,2,1140203,400,239500,-1
35700.502,1,1185646,400,239700,-1
35700.563,1,1185692,400,239500,-1
35710.382,2,1170977,200,238000,-1
35710.879,1,1193522,200,237900,-1
35714.302,1,1195752,400,237700,-1
35715.426,2,1160333,1000,237410,1
35716.518,2,1195752,400,237700,-1
35717.017,1,1198036,1000,237000,1
35721.072,5,1199102,600,237600,-1
35728.118,2,1174009,500,237800,-1
35732.997,1,1208132,2000,237210,1
35737.647,1,1210752,100,237700,-1
35738.301,1,1211146,200,237700,-1
35738.953,1,1211657,400,237600,-1
35740.773,2,1133457,1000,237400,1
35742.813,2,1211146,200,237700,-1
35743.075,2,1208132,2000,237210,1
35743.078,1,1214641,2000,237000,1
35743.106,1,1214659,3000,237000,1
35744.525,1,1215418,1000,237010,1
35744.847,2,1160293,900,238200,-1
35744.889,1,1215678,700,237900,-1
35744.965,2,1214659,3000,237000,1
35745.989,5,1213633,232,237590,-1
35745.989,4,1211657,400,237600,-1
35745.989,5,1211106,100,237600,-1
35745.989,4,1210752,100,237700,-1
35745.989,1,1216296,1268,237700,1
35746.084,4,1216296,200,237700,1
35746.386,2,1214641,2000,237000,1
35746.389,1,1216562,2000,237240,1
35746.524,1,1216645,1000,237890,-1
35747.512,5,1217185,100,237740,1
35748.134,2,1215678,700,237900,-1
35749.17,2,1216645,1000,237890,-1
35749.343,5,1217185,400,237740,1
35749.343,5,1218599,100,237730,1
35754.307,2,1216562,2000,237240,1
35754.31,1,1222726,2000,237380,1
35755.397,5,1221658,100,237730,1
35755.397,5,1222170,500,237730,1
35755.397,5,1222186,390,237730,1
35757.913,1,1225777,100,237700,1
35759.295,2,1185692,400,239500,-1
35759.466,1,1226798,400,239500,-1
35760.258,1,1227515,900,237400,1
35760.908,2,967046,3900,249000,-1
35762.807,1,1229775,100,237800,1
35764.022,4,1193522,200,237900,-1
35766.988,5,1232609,390,237970,-1
35766.988,5,1232874,500,237980,-1
35766.988,4,1150296,100,238000,-1
35767.034,1,1233150,500,238500,-1
35767.089,2,1225777,100,237700,1
35767.097,1,1233204,100,237800,1
35767.584,2,1233150,500,238500,-1
35768.544,1,1234219,1000,238490,-1
35769.179,1,1234794,1100,238400,-1
35769.258,2,1229775,100,237800,1
35769.265,2,1234219,1000,238490,-1
35769.306,1,1234914,1000,238390,-1
35769.613,2,1222726,2000,237380,1
35769.617,1,1235204,2000,237580,1
35770.304,1,1235788,200,238200,-1
35770.812,2,1235788,200,238200,-1
35771.946,1,1237114,200,238200,-1
35772.784,1,1237814,200,238100,-1
35772.792,2,1237114,200,238200,-1
35773.82,2,1237814,200,238100,-1
35773.936,2,1235204,2000,237580,1
35774.652,1,1239319,200,238100,-1
35774.843,2,1233204,100,237800,1
35774.852,1,1239461,100,237900,1
35777.847,4,1239461,100,237900,1
35777.847,1,1241733,400,237900,-1
35778.227,1,1242066,200,238000,-1
35778.239,2,1239319,200,238100,-1
35778.26,2,1102068,200,239500,-1
35778.286,1,1242130,100,238900,-1
35778.913,2,1242066,200,238000,-1
35779.397,1,1243178,400,237900,-1
35779.397,2,1227515,900,237400,1
35780.028,2,235424,1000,228000,1
35780.034,1,1243629,200,238000,-1
35782.46,2,1216296,1068,237700,1
35782.489,1,1245555,3000,237000,1
35782.499,1,1245563,500,237100,1
35782.554,2,1215418,1000,237010,1
35782.774,1,1245760,1000,237110,1
35782.809,2,1245555,3000,237000,1
35782.824,1,1245800,3000,237100,1
35782.834,1,1245808,2000,237980,-1
35782.884,1,1245844,2000,237060,1
35784.262,2,1243629,200,238000,-1
35784.353,2,1243178,400,237900,-1
35784.913,1,1247169,400,237800,-1
35787.023,2,1247169,400,237800,-1
35787.32,2,1245563,500,237100,1
35787.587,1,1248733,400,237700,-1
35788.287,1,1249115,11500,237700,-1
35788.437,1,1249247,200,237800,-1
35788.676,2,1248733,400,237700,-1
35788.909,2,1249247,200,237800,-1
35789.699,1,1250055,200,237700,-1
35789.731,1,1250073,400,237600,-1
35790.259,2,1234794,1100,238400,-1
35790.262,1,1250412,900,237900,-1
35790.992,2,1245800,3000,237100,1
35791.389,2,1250073,400,237600,-1
35791.912,2,1245808,2000,237980,-1
35791.914,1,1251372,2000,237770,-1
35791.922,2,1245844,2000,237060,1
35791.925,1,1251381,2000,236850,1
35791.953,2,1249115,11500,237700,-1
35792.113,1,1251498,400,237500,-1
35792.647,2,1241733,400,237900,-1
35793.192,2,1245760,1000,237110,1
35793.251,1,1252161,3000,237000,1
35793.258,1,1252171,1000,237010,1
35793.325,2,1242130,100,238900,-1
35793.357,1,1252237,200,239000,-1
35793.639,1,1252426,200,237600,-1
35793.647,2,1250055,200,237700,-1
35793.742,2,1252426,200,237600,-1
35794.142,2,1251498,400,237500,-1
35794.19,2,1234914,1000,238390,-1
35794.455,1,1253017,600,243600,-1
35794.904,2,1252161,3000,237000,1
35796.784,1,1254709,500,237800,-1
35797.242,1,1254980,900,237000,1
35797.472,2,1251372,2000,237770,-1
35797.476,1,1255103,2000,237990,-1
35797.52,1,1255126,800,237790,-1
35797.529,2,1251381,2000,236850,1
35797.531,1,1255137,2000,237070,1
35797.585,2,1252171,1000,237010,1
35797.777,1,1255299,1000,237080,1
35797.861,2,1255126,800,237790,-1
35797.879,2,1254709,500,237800,-1
35799.548,1,1256276,1000,237890,-1
35799.646,1,1256338,5000,237000,1
35799.984,2,1252237,100,239000,-1
35800.727,2,1256276,1000,237890,-1
35801.303,1,1257169,15000,237800,-1
35801.538,2,1250412,900,237900,-1
35802.519,2,1254980,900,237000,1
35802.531,1,1258072,700,237300,1
35802.604,2,1255299,1000,237080,1
35804.521,1,1259417,1000,237310,1
35804.637,2,1257169,15000,237800,-1
35807.111,2,1255103,2000,237990,-1
35807.113,1,1260831,2000,238230,-1
35807.131,2,1255137,2000,237070,1
35807.133,1,1260839,2000,237310,1
35808.523,1,1261585,1000,238220,-1
35809.035,1,1261840,1000,234000,1
35809.449,1,1262070,200,237500,1
35813.636,5,1260316,500,237630,1
35813.636,5,1260370,500,237630,1
35814.548,1,1264513,1200,238100,-1
35814.581,2,1258072,700,237300,1
35814.582,2,1261585,1000,238220,-1
35814.819,1,1264737,1000,238090,-1
35815.286,2,1259417,1000,237310,1
35815.29,2,1260839,2000,237310,1
35815.291,5,1262077,200,237550,1
35815.348,1,1265044,400,237600,-1
35816.897,2,1260831,2000,238230,-1
35816.9,1,1266292,2000,237970,-1
35817.729,1,1267054,200,237700,-1
35819.013,2,1226798,400,239500,-1
35821.155,4,1262070,200,237500,1
35821.193,1,1270209,3000,237000,1
35821.687,1,1270577,2000,237000,1
35821.707,2,1270209,3000,237000,1
35821.726,1,1270605,3000,237100,1
35822.257,1,1271017,200,237600,-1
35822.268,2,1267054,200,237700,-1
35822.486,2,1265044,400,237600,-1
35822.547,1,1271210,1000,237110,1
35823.272,2,1270605,3000,237100,1
35823.769,2,1271210,1000,237110,1
35823.793,1,1272160,3000,237000,1
35824.043,1,1272296,400,239500,-1
35824.167,1,1272368,200,237500,-1
35824.248,2,1271017,200,237600,-1
35824.547,1,1272674,1000,237010,1
35825.06,2,1266292,2000,237970,-1
35825.063,1,1273091,2000,237780,-1
35825.985,2,1272160,3000,237000,1
35827.215,2,1270577,2000,237000,1
35827.22,1,1275086,2000,236750,1
35828.127,2,1178911,100,236800,1
35828.13,1,1275709,100,236400,1
35828.393,2,1272674,1000,237010,1
35828.624,1,1276046,2500,238000,-1
35829.708,1,1276733,200,237400,-1
35829.796,2,1272368,200,237500,-1
35831.205,2,1264737,1000,238090,-1
35831.644,1,1277748,1000,236800,1
35831.925,1,1277925,200,237300,-1
35831.929,2,1276733,200,237400,-1
35832.149,2,1277925,200,237300,-1
35832.191,1,1278118,500,237800,-1
35832.239,2,1277748,1000,236800,1
35832.288,1,1278175,1100,236700,1
35832.522,1,1278330,1000,237770,-1
35832.544,1,1278338,200,237220,-1
35832.573,2,1278118,500,237800,-1
35832.581,1,1278368,500,237300,-1
35832.73,5,1276823,500,237050,1
35833.22,5,1278351,200,237020,1
35833.22,4,1198036,300,237000,1
35834.095,4,1198036,500,237000,1
35835.973,2,1278338,200,237220,-1
35837.945,2,1278368,500,237300,-1
35841.512,2,1278330,1000,237770,-1
35842.523,1,1284561,400,237770,-1
35843.959,2,1275086,2000,236750,1
35843.962,1,1285712,2000,236950,1
35844.392,2,1284561,400,237770,-1
35844.523,1,1286087,1000,237770,-1
35845.598,2,1286087,1000,237770,-1
35846.471,1,1287295,900,237800,-1
35846.59,2,1264513,1200,238100,-1
35846.71,2,180274,100,243000,-1
35848.549,1,1288472,1000,237770,-1
35853.974,1,1291106,10000,237300,-1
35854.738,2,1285712,2000,236950,1
35857.308,2,1273091,2000,237780,-1
35857.311,1,1292918,2000,237570,-1
35860.253,1,1294509,900,245000,-1
35861.348,1,1294952,500,235000,1
35869.571,1,1298379,200,237200,-1
35870.024,2,1298379,200,237200,-1
35872.512,1,1300006,100,237100,1
35872.528,1,1300015,1000,237000,1
35875.743,4,1291106,990,237300,-1
35877.099,4,1291106,200,237300,-1
35877.365,4,1291106,600,237300,-1
35877.519,2,1300006,100,237100,1
35877.913,5,1304294,200,237280,-1
35877.913,4,1291106,700,237300,-1
35878.171,4,1291106,700,237300,-1
35878.24,4,1291106,200,237300,-1
35878.399,4,1291106,1000,237300,-1
35878.496,4,1291106,200,237300,-1
35878.519,4,1291106,1000,237300,-1
35878.52,4,1291106,1000,237300,-1
35879.014,4,1291106,200,237300,-1
35879.274,2,1272296,400,239500,-1
35879.333,1,1305650,400,239500,-1
35879.473,4,1291106,500,237300,-1
35880.369,4,1291106,1000,237300,-1
35881.561,2,1292918,2000,237570,-1
35887.369,5,1310817,300,237250,-1
35891.55,1,1314678,200,237400,-1
35894.181,2,1275709,100,236400,1
35894.186,1,1316500,200,236200,1
35894.841,2,1314678,200,237400,-1
35896.572,2,1316500,100,236200,1
35896.806,1,1317907,200,237400,-1
35899.679,2,1316500,100,236200,1
35899.695,1,1319598,200,236200,1
35900.398,2,1319598,200,236200,1
35900.402,1,1319928,100,236100,1
35903.999,2,1319928,100,236100,1
35904.02,1,1321781,200,236100,1
35905.478,1,1322665,900,237500,-1
35905.523,1,1322685,200,237300,-1
35905.606,2,1317907,200,237400,-1
35905.684,2,1287295,900,237800,-1
35906.968,2,1278175,1100,236700,1
35910.894,1,1326536,100,237100,1
35916.268,1,1329564,100,250000,-1
35918.649,2,1322685,200,237300,-1
35919.038,5,1331184,200,237120,1
35919.038,5,1330336,280,237110,1
35919.399,5,1330336,220,237110,1
35919.399,5,1330352,280,237110,1
35919.6,2,1322665,900,237500,-1
35920.377,5,1330352,220,237110,1
35920.377,4,1326536,100,237100,1
35920.377,4,1198036,180,237000,1
35920.959,1,1332628,1100,237500,-1
35925.323,1,1335343,1150,227300,1
35926.526,1,1335942,100,236400,1
35932.947,2,1332628,1100,237500,-1
35934.706,1,1341231,3000,238000,-1
35937.519,1,1343816,100,237100,1
35938.495,2,1343816,100,237100,1
35938.498,1,1344685,100,237200,1
35938.709,2,1305650,400,239500,-1
35940.241,1,1346161,50,237000,1
35940.253,1,1346176,1700,237290,1
35940.255,2,1346176,1700,237290,1
35940.507,1,1346408,1000,237600,-1
35940.525,1,1346432,400,239500,-1
35940.665,1,1346606,1700,237290,1
35940.666,2,1346606,1700,237290,1
35940.866,1,1346803,1700,237290,1
35940.873,2,1346803,1700,237290,1
35941.084,1,1346977,1700,237290,1
35941.103,2,1346977,1700,237290,1
35941.273,1,1347133,1700,237290,1
35941.274,2,1347133,1700,237290,1
35941.485,1,1347292,1700,237290,1
35941.487,2,1347292,1700,237290,1
35941.694,1,1347482,1700,237290,1
35941.696,2,1347482,1700,237290,1
35941.901,1,1347643,1700,237290,1
35941.903,2,1347643,1700,237290,1
35942.034,2,1344685,100,237200,1
35942.116,1,1347800,1700,237290,1
35942.123,2,1347800,1700,237290,1
35942.323,1,1347949,1700,237290,1
35942.325,2,1347949,1700,237290,1
35942.417,4,1291106,100,237300,-1
