34200.492,4,111485,500,194000,-1
34200.823,5,114001,400,193650,1
34201.81,5,114086,40,193850,-1
34202.791,5,114782,64,193850,-1
34204.448,2,107182,500,194500,-1
34204.457,1,115816,500,194000,-1
34204.648,2,115816,500,194000,-1
34205.057,1,116163,1000,193990,-1
34205.416,2,116163,1000,193990,-1
34205.699,1,116445,1000,193990,-1
34205.808,2,116445,1000,193990,-1
34206.077,1,116630,1000,193990,-1
34206.087,5,115141,104,193450,1
34206.087,5,116332,400,193450,1
34206.087,5,116333,396,193440,1
34206.109,2,116630,1000,193990,-1
34206.283,1,116751,500,193700,-1
34206.296,1,116760,1000,193990,-1
34206.326,2,116760,1000,193990,-1
34206.786,5,115328,296,193650,-1
34206.786,5,116645,104,193650,-1
34206.786,4,116751,81,193700,-1
34207.177,2,116751,419,193700,-1
34207.287,1,117288,1000,193990,-1
34207.361,2,117288,1000,193990,-1
34207.419,1,117359,1000,193990,-1
34207.465,2,117359,1000,193990,-1
34207.625,1,117488,1000,193990,-1
34207.649,2,117488,1000,193990,-1
34207.722,1,117536,1000,193990,-1
34207.73,2,117536,1000,193990,-1
34207.862,1,117608,1000,193990,-1
34207.888,2,117608,1000,193990,-1
34208.02,1,117693,300,193400,1
34208.098,1,117733,1000,193990,-1
34208.122,2,117733,1000,193990,-1
34208.353,1,117863,1000,193990,-1
34208.382,2,117863,1000,193990,-1
34208.47,1,117924,1000,193990,-1
34208.493,2,117924,1000,193990,-1
34208.625,1,118052,1000,193990,-1
34208.66,2,118052,1000,193990,-1
34208.748,1,118144,1000,193990,-1
34208.879,2,118144,1000,193990,-1
34209.151,1,118364,1000,193990,-1
34209.192,2,118364,1000,193990,-1
34209.266,1,118432,1000,193990,-1
34209.284,2,118432,1000,193990,-1
34209.338,1,118480,1000,193990,-1
34209.366,2,118480,1000,193990,-1
34209.418,1,118517,1000,193990,-1
34209.429,2,118517,1000,193990,-1
34209.514,1,118560,1000,193990,-1
34209.547,2,118560,1000,193990,-1
34209.671,1,118652,1000,193990,-1
34209.727,2,118652,1000,193990,-1
34209.889,1,118773,1000,193990,-1
34209.938,2,118773,1000,193990,-1
34210.153,1,118929,1000,193990,-1
34210.187,2,118929,1000,193990,-1
34210.292,1,119000,1000,193990,-1
34210.299,2,119000,1000,193990,-1
34210.367,5,117021,50,193450,1
34210.38,1,119118,1000,193990,-1
34210.416,2,119118,1000,193990,-1
34210.481,1,119240,1000,193990,-1
34210.507,2,119240,1000,193990,-1
34210.602,1,119289,1000,193990,-1
34210.622,2,119289,1000,193990,-1
34210.761,1,119356,1000,193990,-1
34210.8,2,119356,1000,193990,-1
34210.895,1,119402,1000,193990,-1
34210.896,2,119402,1000,193990,-1
34211.174,1,119494,1000,193990,-1
34211.204,2,119494,1000,193990,-1
34211.297,1,119564,1000,193990,-1
34211.323,2,119564,1000,193990,-1
34211.531,1,119670,900,193990,-1
34214.383,1,121747,100,193700,-1
34216.109,4,121747,100,193700,-1
34216.293,2,119670,900,193990,-1
34218.581,1,124622,2000,120000,1
34220.605,1,125796,100,193600,1
34223.943,4,125796,100,193600,1
34224.771,5,127593,100,193800,-1
34226.587,1,128430,81,193600,1
34226.767,1,128511,500,193990,-1
34227.072,2,128511,500,193990,-1
34228.821,1,129293,500,193600,1
34229.127,2,128430,81,193600,1
34230.996,5,129704,100,193700,1
34231.031,1,130414,500,193990,-1
34231.092,2,129293,500,193600,1
34231.282,2,130414,500,193990,-1
34231.432,1,130612,700,193990,-1
34231.485,2,130612,700,193990,-1
34231.564,1,130705,700,193990,-1
34231.595,2,130705,700,193990,-1
34231.699,1,130778,700,193990,-1
34231.704,2,130778,700,193990,-1
34231.803,1,130832,700,193990,-1
34231.83,2,130832,700,193990,-1
34231.915,1,130904,700,193990,-1
34231.939,2,130904,700,193990,-1
34232.088,1,130981,700,193990,-1
34232.103,2,130981,700,193990,-1
34232.623,1,131282,1500,193700,-1
34234.633,5,131727,100,193500,1
34238.621,5,131727,100,193500,1
34238.621,5,132813,200,193500,1
34239.056,5,131333,450,193450,1
34239.056,4,93636,750,193400,1
34239.439,4,93636,150,193400,1
34239.439,4,117693,50,193400,1
34239.48,4,117693,250,193400,1
34240.139,4,76672,50,193200,1
34240.516,1,135208,100,193600,-1
34242.515,2,135208,100,193600,-1
34243.275,1,136596,500,193690,-1
34243.72,1,136781,100,193400,-1
34243.853,2,136596,500,193690,-1
34245.943,1,137687,200,193300,1
34249.561,4,137687,200,193300,1
34249.802,2,136781,100,193400,-1
34249.83,1,139238,500,193700,-1
34249.903,1,139267,1000,193690,-1
34250.843,2,139267,1000,193690,-1
34250.902,2,139238,500,193700,-1
34251.09,1,139715,500,193690,-1
34255.599,1,141853,100,193300,-1
34256.007,2,139715,500,193690,-1
34256.854,4,141853,100,193300,-1
34256.854,5,135835,100,193400,-1
34256.998,1,142597,1000,193690,-1
34258.154,2,142597,1000,193690,-1
34258.328,1,143397,1000,193690,-1
34258.33,2,143397,1000,193690,-1
34258.41,1,143460,1000,193690,-1
34259.273,2,143460,1000,193690,-1
34259.534,1,143971,300,193690,-1
34259.558,2,143971,300,193690,-1
34259.627,1,144042,300,193690,-1
34259.656,2,144042,300,193690,-1
34259.713,1,144099,300,193690,-1
34259.741,2,144099,300,193690,-1
34262.052,1,145484,600,193690,-1
34264.047,5,145261,100,193400,-1
34264.275,2,145484,600,193690,-1
34264.543,5,146978,100,193410,1
34264.912,5,146475,1000,193580,-1
34264.912,5,146514,900,193580,-1
34265.312,5,147356,500,193550,-1
34265.312,5,147491,100,193690,-1
34265.312,4,131282,1100,193700,-1
34265.447,1,147690,1000,193210,1
34266.24,5,148184,1000,193680,-1
34266.24,4,131282,200,193700,-1
34266.258,2,147690,1000,193210,1
34266.406,1,148350,1000,193210,1
34267.303,2,148350,1000,193210,1
34268.637,1,149982,1000,193210,1
34271.169,2,149982,1000,193210,1
34271.322,1,151813,1000,193400,1
34271.445,4,131282,200,193700,-1
34272.601,1,152644,500,193500,1
34273.001,1,152875,100,193600,1
34273.041,2,152644,500,193500,1
34273.049,1,152904,500,193600,1
34274.738,2,152875,100,193600,1
34275.573,1,154495,100,193810,1
34276.23,1,154848,84,179800,1
34277.823,4,111485,500,194000,-1
34277.979,2,154495,100,193810,1
34278.098,1,155926,1000,193610,1
34278.322,4,111485,900,194000,-1
34278.431,1,156162,900,194490,-1
34278.485,2,156162,900,194490,-1
34278.639,1,156297,900,194490,-1
34278.718,2,156297,900,194490,-1
34278.733,1,156359,100,193910,1
34278.872,1,156443,900,194490,-1
34278.875,2,156443,900,194490,-1
34278.959,1,156494,1000,194490,-1
34279.098,1,156574,1000,193800,1
34279.199,2,156494,1000,194490,-1
34279.321,1,156684,400,194490,-1
34279.322,2,156684,400,194490,-1
34279.395,1,156718,400,194490,-1
34279.42,2,156718,400,194490,-1
34279.558,1,156812,400,194490,-1
34279.585,2,156812,400,194490,-1
34279.697,1,156925,400,194490,-1
34279.722,2,156925,400,194490,-1
34279.828,5,156653,500,194150,-1
34279.852,1,157014,400,194490,-1
34279.853,2,157014,400,194490,-1
34279.974,1,157074,400,194490,-1
34279.98,2,156359,100,193910,1
34279.998,2,157074,400,194490,-1
34280.354,1,157307,200,194490,-1
34280.386,1,157353,200,194200,-1
34280.616,2,157307,200,194490,-1
34280.845,1,157570,100,193920,1
34281.547,5,157347,500,194190,-1
34281.547,4,157353,200,194200,-1
34281.733,1,157979,300,194490,-1
34281.949,2,157979,300,194490,-1
34282.145,1,158202,200,194000,1
34282.365,2,157570,100,193920,1
34282.736,2,158202,200,194000,1
34282.764,2,152904,500,193600,1
34282.772,1,158509,500,193800,1
34282.921,2,155926,1000,193610,1
34282.958,1,158580,100,194010,1
34283.374,5,158547,100,194400,-1
34283.759,1,158935,200,194500,-1
34284.126,2,158509,500,193800,1
34284.531,2,158580,100,194010,1
34284.628,1,159354,1000,193810,1
34285.45,1,159773,100,194330,1
34285.895,5,158547,500,194400,-1
34287.897,2,159354,1000,193810,1
34287.994,4,159773,100,194330,1
34288.165,1,160970,700,193810,1
34288.371,5,159282,100,194300,1
34288.595,2,160970,700,193810,1
34288.743,1,161192,400,193810,1
34288.769,2,161192,400,193810,1
34288.809,1,161215,700,193810,1
34290.006,1,161775,500,194500,-1
34290.095,2,158935,200,194500,-1
34290.116,1,161826,300,194300,-1
34290.602,2,161215,700,193810,1
34291.372,1,162433,561,179800,1
34293.855,2,107024,200,194900,-1
34293.863,1,163476,200,194400,-1
34294.708,2,161775,500,194500,-1
34294.716,1,163818,500,194300,-1
34295.148,2,163818,500,194300,-1
34295.35,2,161826,300,194300,-1
34295.431,1,164269,1000,194390,-1
34295.529,2,164269,1000,194390,-1
34295.585,1,164346,400,194390,-1
34295.608,2,164346,400,194390,-1
34295.669,1,164393,200,194390,-1
34295.812,1,164452,100,194100,-1
34297.151,5,164473,100,194070,-1
34297.345,1,165424,3000,194000,-1
34297.644,4,165424,100,194000,-1
34297.648,4,165424,100,194000,-1
34297.92,4,165424,300,194000,-1
34297.946,4,165424,200,194000,-1
34297.962,4,165424,80,194000,-1
34298.012,4,165424,50,194000,-1
34298.031,4,165424,400,194000,-1
34298.269,4,165424,200,194000,-1
34298.295,4,165424,100,194000,-1
34298.318,4,165424,200,194000,-1
34298.32,4,165424,100,194000,-1
34298.415,2,165424,1170,194000,-1
34298.866,4,164452,100,194100,-1
34298.948,2,164393,200,194390,-1
34299.697,2,156574,1000,193800,1
34299.761,1,166878,1000,193410,1
34302.411,2,166878,1000,193410,1
34302.462,1,168080,600,193410,1
34302.562,2,168080,600,193410,1
34302.617,1,168157,900,193410,1
34302.861,1,168278,200,194000,1
34302.956,2,168278,200,194000,1
34304.112,2,49454,1000,191000,1
34304.396,1,169157,1000,193000,1
34304.756,1,169370,100,194200,1
34311.319,5,170579,900,194370,-1
34311.319,5,169191,100,194390,-1
34311.327,5,169191,400,194390,-1
34311.327,4,163476,200,194400,-1
34315.751,2,169370,100,194200,1
34315.789,1,175057,500,193500,1
34315.866,2,168157,900,193410,1
34315.917,1,175118,800,193510,1
34317.21,1,175851,200,193900,1
34317.231,2,175057,500,193500,1
34317.239,1,175858,500,193900,1
34317.334,2,175118,800,193510,1
34317.396,1,175927,700,193910,1
34320.769,1,177539,1000,186000,1
34321.741,1,178001,100,194400,-1
34322.023,2,178001,100,194400,-1
34324.05,5,179055,100,194300,1
34324.516,2,175858,500,193900,1
34324.559,2,175927,700,193910,1
34324.603,1,179537,400,193920,1
34326.006,2,179537,400,193920,1
34326.275,1,180567,400,193910,1
34326.64,5,179316,100,194200,1
34326.64,5,180418,300,194200,1
34326.7,2,180567,400,193910,1
34326.789,1,180872,700,193910,1
34327.026,2,180872,700,193910,1
34327.135,1,181086,1000,193910,1
34329.618,1,182708,100,194300,-1
34330.536,1,183153,3000,194000,1
34330.78,2,181086,1000,193910,1
34330.904,4,182708,100,194300,-1
34330.926,1,183407,1000,194010,1
34332.166,5,183931,500,194330,1
34332.619,2,183407,1000,194010,1
34332.737,1,184366,300,194010,1
34333.396,2,184366,300,194010,1
34333.631,1,184803,800,194010,1
34337.099,2,184803,800,194010,1
34337.229,1,186185,200,194010,1
34341.681,1,188228,200,177000,1
34345.289,2,186185,200,194010,1
34345.345,1,190234,700,194020,1
34347.504,2,190234,700,194020,1
34347.585,1,191502,1000,194030,1
34347.742,2,191502,1000,194030,1
34347.821,1,191682,1000,194010,1
34349.755,2,191682,1000,194010,1
34349.809,1,193157,400,194020,1
34349.949,1,193267,200,195500,-1
34350.049,1,193335,200,192300,1
34351.18,2,193157,400,194020,1
34351.264,1,194060,700,194010,1
34351.498,2,194060,700,194010,1
34351.708,1,194345,1000,194010,1
34355.896,2,194345,1000,194010,1
34357.281,1,197319,500,194400,-1
34358.623,1,197928,700,194500,-1
34363.23,5,199619,300,194250,1
34363.286,2,197319,500,194400,-1
34364.526,2,175851,200,193900,1
34375.15,1,204916,1000,194300,1
34376.449,4,204916,600,194300,1
34379.777,2,169157,1000,193000,1
34380.177,1,206886,1000,194000,1
34384.977,4,204916,50,194300,1
34385.227,1,209287,200,194500,-1
34385.266,2,104312,200,197500,-1
34385.317,1,209322,200,197500,-1
34387.129,2,209322,200,197500,-1
34387.912,1,210737,100,194400,-1
34388.99,5,211025,200,194310,1
34390.139,4,210737,69,194400,-1
34393.456,4,210737,31,194400,-1
34393.813,5,212817,500,194490,-1
34393.813,4,45054,1300,194500,-1
34393.813,4,197928,400,194500,-1
34394.721,4,197928,300,194500,-1
34394.721,4,209287,200,194500,-1
34394.9,1,216121,700,194890,-1
34395.052,5,216049,200,194490,-1
34395.084,2,216121,700,194890,-1
34395.166,1,216306,500,194880,-1
34395.983,2,216306,500,194880,-1
34396.071,1,216833,800,194870,-1
34397.2,1,217520,100,194420,1
34397.99,1,217934,1000,194400,1
34398.966,2,216833,800,194870,-1
34399.047,1,218465,500,194860,-1
34399.073,2,217520,100,194420,1
34400.31,1,219135,100,194410,1
34400.595,1,219262,1000,194490,1
34402.161,2,219135,100,194410,1
34403.595,2,219262,1000,194490,1
34405.277,1,222403,100,194410,1
34405.963,1,222786,1500,194400,1
34411.232,2,218465,500,194860,-1
34413.077,2,222403,100,194410,1
34413.357,2,222786,1500,194400,1
34413.358,1,227046,1500,194600,1
34414.277,1,227508,100,194620,1
34414.76,5,227541,100,194660,1
34416.377,1,228826,1000,194690,1
34416.675,2,227508,100,194620,1
34417.41,2,193267,200,195500,-1
34417.414,1,229387,200,196200,-1
34419.375,2,228826,1000,194690,1
34419.447,2,227046,1500,194600,1
34419.449,1,230578,1500,194700,1
34419.505,1,230613,400,194410,1
34420.298,1,231135,100,194690,1
34420.42,4,102145,200,194900,-1
34420.987,2,231135,100,194690,1
34421.358,2,230613,400,194410,1
34421.644,2,230578,1500,194700,1
34421.646,1,232126,1500,194800,1
34421.666,1,232141,500,194500,1
34421.767,1,232193,100,194810,1
34421.948,1,232291,2000,194800,1
34422.457,2,217934,1000,194400,1
34422.485,4,74070,300,195000,-1
34422.492,4,74070,1200,195000,-1
34422.813,1,232741,500,194900,1
34423.065,2,232126,1500,194800,1
34423.067,2,232291,2000,194800,1
34423.069,1,232869,1500,194900,1
34423.072,1,232872,2000,194900,1
34423.124,2,229387,200,196200,-1
34423.129,1,232919,300,197200,-1
34423.145,2,232193,100,194810,1
34423.856,2,232741,500,194900,1
34423.933,1,233430,100,194910,1
34424.725,2,232872,2000,194900,1
34424.725,2,232869,1500,194900,1
34424.727,1,233886,2000,195000,1
34424.729,1,233887,1500,195000,1
34424.903,2,233430,100,194910,1
34425.079,2,233887,1500,195000,1
34425.43,1,234354,2500,192000,1
34425.489,1,234389,500,195000,1
34425.559,1,234460,100,195010,1
34425.911,2,7508,1000,196000,-1
34425.965,2,7804,1000,196000,-1
34426.412,5,231847,20,195170,-1
34429.744,2,234389,500,195000,1
34430.039,2,233886,2000,195000,1
34430.711,5,233936,200,195030,1
34430.711,4,234460,100,195010,1
34430.711,5,232912,100,195000,1
34430.711,5,233593,300,195000,1
34430.851,1,237675,600,194510,1
34432.708,2,237675,600,194510,1
34432.819,1,238965,900,194510,1
34434.802,5,237917,500,194910,1
34434.802,5,232372,200,194900,1
34435.155,2,204916,350,194300,1
34437.14,5,241169,500,194910,1
34440.117,2,232141,500,194500,1
34441.364,5,238130,70,195100,-1
34441.43,1,244319,100,194990,-1
34442.54,2,238965,900,194510,1
34442.692,1,245187,1000,194010,1
34442.966,1,245360,500,194900,-1
34443.84,2,245360,500,194900,-1
34443.928,2,244319,100,194990,-1
34443.977,1,246207,1000,195190,-1
34444.033,2,246207,1000,195190,-1
34444.239,1,246439,1000,195190,-1
34444.256,2,246439,1000,195190,-1
34444.548,1,246665,1000,195190,-1
34444.581,2,246665,1000,195190,-1
34444.667,1,246792,1000,195180,-1
34444.693,2,246792,1000,195180,-1
34444.784,1,246896,1000,195190,-1
34444.802,2,246896,1000,195190,-1
34444.971,1,247017,200,194900,-1
34444.997,1,247040,1000,195190,-1
34445.001,2,247040,1000,195190,-1
34446.415,2,247017,200,194900,-1
34446.557,1,248277,1000,195190,-1
34446.666,1,248348,200,194800,-1
34447.114,2,248277,1000,195190,-1
34449.956,5,248359,100,194750,-1
34455.723,1,254316,100,194800,-1
34461.033,5,248359,85,194750,-1
34461.215,5,248359,100,194750,-1
34461.397,1,258365,1000,194600,1
34463.216,2,54633,2000,193000,1
34465.413,1,261282,2000,193000,1
34466.728,1,262150,500,188000,1
34466.742,1,262159,500,187000,1
34466.795,1,262207,500,186000,1
34466.873,1,262272,500,185000,1
34466.912,1,262292,500,184000,1
34466.921,1,262295,500,183000,1
34466.932,1,262301,500,182000,1
34466.934,1,262303,500,181000,1
34466.942,1,262307,500,180000,1
34466.955,1,262321,500,179000,1
34467.082,4,248348,100,194800,-1
34469.789,1,264262,1000,195000,-1
34475.759,4,248348,100,194800,-1
34475.759,4,254316,100,194800,-1
34478.618,1,269821,60,196700,-1
34482.662,2,258365,1000,194600,1
34482.709,1,272687,500,194100,1
34482.85,2,245187,1000,194010,1
34482.916,1,272862,1000,194110,1
34483.829,2,272862,1000,194110,1
34483.882,2,272687,500,194100,1
34483.884,1,273565,500,194120,1
34490.839,2,273565,500,194120,1
34491.029,1,278214,600,194010,1
34494.669,2,22650,1100,200000,-1
34497.552,1,282545,500,194500,1
34499.48,2,183153,3000,194000,1
34504.639,1,287229,500,196500,-1
34504.73,1,287296,500,197500,-1
34504.949,1,287452,500,198500,-1
34504.971,1,287484,500,199500,-1
34505.015,1,287536,500,200500,-1
34505.026,1,287545,500,201500,-1
34505.037,1,287558,500,202500,-1
34505.047,1,287564,500,203500,-1
34505.061,1,287582,500,204500,-1
34505.098,1,287634,500,205500,-1
34505.279,2,232919,300,197200,-1
34505.302,1,287890,200,196500,-1
34505.695,2,278214,600,194010,1
34522.397,1,298283,1000,194990,-1
34522.506,1,298364,500,195000,-1
34523.79,1,299210,1000,194700,1
34523.812,2,298364,500,195000,-1
34524.003,2,298283,1000,194990,-1
34524.043,5,299292,350,194720,1
34524.043,4,299210,150,194700,1
34524.141,1,299409,1000,194990,-1
34524.167,2,299409,1000,194990,-1
34524.389,1,299593,800,194990,-1
34524.42,2,299593,800,194990,-1
34524.576,1,299741,800,194990,-1
34524.6,2,299741,800,194990,-1
34524.637,1,299784,800,194990,-1
34524.659,2,299784,800,194990,-1
34524.751,1,299876,600,194990,-1
34524.973,2,299876,600,194990,-1
34525.061,1,300152,400,194980,-1
34525.175,4,299210,280,194700,1
34525.798,4,299210,570,194700,1
34533.915,2,300152,400,194980,-1
34539.627,1,309320,200,155600,1
34539.63,1,309322,100,155600,1
34540.992,1,310516,1000,195700,-1
34546.579,1,315061,100,194740,1
34551.055,2,315061,100,194740,1
34553.372,1,319957,100,194750,1
34557.156,1,322729,200,194200,1
34558.846,2,319957,100,194750,1
34559.087,1,324225,1000,194510,1
34559.135,1,324265,500,194800,1
34559.495,1,324517,100,194810,1
34560.616,5,324919,400,194840,1
34560.616,4,324517,100,194810,1
34560.616,5,323223,500,194810,1
34560.616,4,324265,500,194800,1
34560.737,2,324225,1000,194510,1
34560.893,1,325589,1000,194510,1
34563.308,1,327559,1900,193500,1
34564.28,2,325589,1000,194510,1
34564.306,1,328430,500,194500,1
34564.705,2,328430,500,194500,1
34566.369,2,322729,200,194200,1
34573.827,2,309320,200,155600,1
34573.831,2,309322,100,155600,1
34576.077,1,337005,1000,194510,1
34576.775,2,337005,1000,194510,1
34586.023,1,344119,1000,194510,1
34586.393,2,344119,1000,194510,1
34586.552,1,344447,500,194800,-1
34586.806,5,344329,500,194790,-1
34586.806,5,344371,500,194790,-1
34588.237,4,344447,100,194800,-1
34591.33,2,344447,400,194800,-1
34604.1,1,354987,3000,194800,-1
34604.435,2,193335,200,192300,1
34604.469,1,355281,200,194200,1
34604.751,5,355251,500,194740,1
34604.751,5,354267,100,194700,1
34610.586,5,359280,400,194610,1
34610.781,5,359280,100,194610,1
34610.881,5,359761,386,194550,1
34611.111,5,359761,500,194550,1
34612.785,2,354987,3000,194800,-1
34612.922,1,361457,1000,194990,-1
34614.164,1,362547,100,194670,-1
34614.249,1,362612,500,194700,-1
34614.28,4,282545,400,194500,1
34614.344,4,282545,100,194500,1
34615.089,2,355281,200,194200,1
34615.11,1,363329,200,193900,1
34615.178,1,363407,800,194010,1
34615.719,2,363329,200,193900,1
34615.739,1,363921,200,193400,1
34616.035,5,363842,600,194350,1
34616.045,5,363842,100,194350,1
34616.448,5,364471,300,194310,1
34616.47,5,364471,200,194310,1
34616.614,2,362547,100,194670,-1
34617.054,2,363407,800,194010,1
34617.139,1,365026,700,194010,1
34618.191,1,365911,100,194560,-1
34618.646,2,365026,700,194010,1
34618.805,1,366476,400,194010,1
34619.52,2,366476,400,194010,1
34620.021,2,365911,100,194560,-1
34620.113,2,361457,1000,194990,-1
34620.175,1,367756,1000,194690,-1
34620.633,2,362612,500,194700,-1
34620.648,1,368097,100,194390,-1
34620.652,2,367756,1000,194690,-1
34620.735,1,368159,1000,194680,-1
34620.736,2,368159,1000,194680,-1
34624.289,2,368097,100,194390,-1
34624.365,1,370948,1000,194990,-1
34625.005,1,371541,100,194290,-1
34625.218,2,206886,1000,194000,1
34625.357,1,371876,700,193510,1
34625.748,2,371876,700,193510,1
34625.875,1,372300,1000,193520,1
34626.571,2,372300,1000,193520,1
34626.802,1,372968,700,193530,1
34627.082,1,373148,500,193600,1
34627.154,2,372968,700,193530,1
34627.21,1,373235,600,193610,1
34627.223,2,373148,500,193600,1
34627.892,2,373235,600,193610,1
34627.959,1,373704,900,193620,1
34628.256,1,373871,1100,195000,-1
34628.817,2,373704,900,193620,1
34628.938,2,371541,100,194290,-1
34628.968,1,374311,900,193510,1
34631.449,1,375775,100,194190,-1
34632.28,1,376294,1000,193000,1
34634.173,5,376038,500,194020,1
34636.42,2,375775,100,194190,-1
34636.453,1,379281,500,195000,-1
34639.187,2,363921,200,193400,1
34639.192,1,381400,200,193800,1
34640.02,5,381790,400,193920,1
34641.623,2,381400,200,193800,1
34641.628,1,383171,200,193700,1
34641.691,2,374311,900,193510,1
34641.75,1,383256,1000,193710,1
34642.042,2,383171,200,193700,1
34642.045,1,383446,200,193300,1
34643.617,1,384688,200,194000,1
34644.397,1,385232,3000,194000,1
34647.606,2,379281,500,195000,-1
34650.189,2,383446,200,193300,1
34650.192,1,389413,200,192700,1
34658.572,1,394975,100,194110,1
34660.4,2,394975,100,194110,1
34661.781,1,397203,100,194120,1
34663.645,5,397222,285,194170,1
34663.645,5,397296,515,194150,1
34663.647,5,397296,485,194150,1
34663.647,4,397203,100,194120,1
34663.647,5,395154,215,194120,1
34668.419,2,376294,1000,193000,1
34668.714,1,401533,1000,194000,1
34671.511,2,401533,1000,194000,1
34677.721,1,408148,500,195000,-1
34678.072,2,408148,500,195000,-1
34681.941,2,383256,1000,193710,1
34687.301,1,413826,1000,194000,1
34689.645,1,415086,800,194900,-1
34689.815,2,370948,1000,194990,-1
34689.886,1,415252,1000,194890,-1
34691.697,2,415086,800,194900,-1
34691.711,1,416252,300,194800,-1
34691.814,2,415252,1000,194890,-1
34691.868,1,416353,700,194790,-1
34695.088,1,418164,100,194200,1
34695.112,2,416252,300,194800,-1
34695.129,5,417930,100,194210,1
34695.8,2,418164,100,194200,1
34696.001,1,418998,100,194200,1
34696.087,2,413826,1000,194000,1
34696.429,1,419454,100,194700,-1
34696.505,2,416353,700,194790,-1
34696.642,1,419656,700,194690,-1
34696.882,5,417930,100,194210,1
34697.975,2,418998,100,194200,1
34701.576,1,422693,300,195500,-1
34704.808,1,424796,200,194100,1
34707.847,1,426751,500,194700,-1
34709.627,2,424796,200,194100,1
34709.663,1,428042,200,194100,1
34710.151,2,419656,700,194690,-1
34711.399,1,429359,1000,194690,-1
34712.465,2,428042,200,194100,1
34713.413,5,430736,30,194180,1
34713.488,2,429359,1000,194690,-1
34713.549,1,430923,900,194680,-1
34713.552,2,430923,900,194680,-1
34713.714,1,431076,900,193800,1
34713.751,1,431099,700,194690,-1
34714.086,1,431320,1000,194300,-1
34714.207,2,431099,700,194690,-1
34719.9,1,434665,100,194200,1
34722.343,2,434665,100,194200,1
34723.605,1,436375,100,194200,1
34724.002,2,436375,100,194200,1
34726.034,1,437958,1000,194500,-1
34732.343,2,419454,100,194700,-1
34735.544,1,443442,100,194270,-1
34737.271,1,444624,100,194200,1
34737.433,1,444743,100,194100,1
34737.471,1,444800,100,194100,1
34737.812,2,431076,900,193800,1
34738.244,4,443442,100,194270,-1
34738.244,4,431320,1000,194300,-1
34738.267,1,445490,1000,193800,1
34738.273,2,426751,500,194700,-1
34738.274,2,444800,100,194100,1
34738.281,1,445503,500,194500,-1
34738.292,2,445503,500,194500,-1
34738.8,1,445866,100,194200,1
34739.551,5,445954,114,194240,1
34739.551,5,445863,300,194210,1
34739.551,5,445958,155,194210,1
34739.551,4,444624,100,194200,1
34739.551,4,445866,100,194200,1
34739.551,5,445561,100,194200,1
34740.094,2,444743,100,194100,1
34741.145,1,447411,1000,194010,1
34746.6,1,451674,1000,194400,1
34746.856,1,451908,500,194300,1
34746.942,1,451974,4000,193600,1
34747.486,2,445490,1000,193800,1
34747.529,1,452411,800,194100,1
34747.86,2,451908,500,194300,1
34748.074,4,437958,500,194500,-1
34748.159,4,437958,500,194500,-1
34749.012,5,453074,500,194590,-1
34749.012,5,453084,500,194590,-1
34749.236,1,453655,1100,195000,-1
34750.112,1,454224,1000,194990,-1
34750.359,1,454389,100,194400,1
34753.446,2,453655,1100,195000,-1
34754.304,2,454389,100,194400,1
34754.906,1,458124,100,194510,1
34756.245,1,459109,1000,194000,1
34757.336,2,458124,100,194510,1
34757.967,5,458858,100,194600,1
34758.397,1,460743,100,194610,1
34760.968,4,460743,100,194610,1
34761.332,1,462865,100,194900,-1
34761.701,1,463127,900,195000,-1
34762.057,1,463340,100,194600,1
34762.085,2,462865,100,194900,-1
34762.102,5,463302,100,194610,1
34762.184,5,463302,200,194610,1
34762.295,4,463340,100,194600,1
34762.495,1,463667,100,194900,-1
34763.458,2,454224,1000,194990,-1
34763.72,1,464550,1000,194890,-1
34763.746,2,463667,100,194900,-1
34763.762,1,464582,100,194800,-1
34764.66,5,465130,400,194410,1
34765.755,2,464550,1000,194890,-1
34766.521,1,466425,700,194790,-1
34766.54,2,464582,100,194800,-1
34766.563,1,466457,100,194700,-1
34766.847,2,466425,700,194790,-1
34767.566,5,465251,100,194500,-1
34767.566,5,465463,300,194580,-1
34768.456,2,327559,1900,193500,1
34770.752,1,469557,1900,194000,1
34784.401,1,477708,100,194490,-1
34784.432,2,466457,100,194700,-1
34784.45,5,475241,100,194410,1
34784.61,4,451674,100,194400,1
34785.008,4,451674,100,194400,1
34785.429,4,477708,100,194490,-1
34785.485,1,478429,500,195000,-1
34787.342,1,479931,2370,195000,-1
34789.786,1,482124,1000,194990,-1
34790.925,2,463127,900,195000,-1
34794.763,1,486597,500,194500,1
34797.185,2,478429,500,195000,-1
34797.894,2,264262,1000,195000,-1
34799.449,1,490553,900,195000,-1
34800.988,2,486597,500,194500,1
34802.33,2,490553,900,195000,-1
34802.537,1,493972,100,194600,1
34803.114,5,493962,100,194610,1
34803.335,2,493972,100,194600,1
34803.551,1,494992,100,194600,1
34803.762,5,494990,100,194610,1
34803.979,4,494992,100,194600,1
34804.009,1,495417,1900,194600,1
34804.303,4,495417,400,194600,1
34806.1,2,261282,2000,193000,1
34807.764,2,482124,1000,194990,-1
34810.048,1,500164,1000,195100,-1
34810.57,2,495417,1500,194600,1
34810.574,1,500729,1500,194700,1
34810.676,4,500729,100,194700,1
34810.737,2,447411,1000,194010,1
34810.988,1,501087,1000,194990,-1
34811.33,2,501087,1000,194990,-1
34814.091,2,500729,1400,194700,1
34814.145,1,503686,1000,194410,1
34814.334,1,503875,200,192000,1
34814.763,2,451674,800,194400,1
34815.125,2,500164,1000,195100,-1
34815.676,1,505289,1100,195100,-1
34819.99,2,503686,1000,194410,1
34820.907,1,510442,1000,194110,1
34821.366,1,510858,1000,194990,-1
34822.211,1,511741,500,194200,1
34822.266,2,511741,500,194200,1
34822.284,2,510442,1000,194110,1
34822.344,1,511926,1000,194210,1
34824.41,1,514363,100,194700,-1
34826.571,2,503875,200,192000,1
34827.067,1,516519,240,192000,1
34828.901,5,511187,500,194650,-1
34828.901,5,517950,500,194660,-1
34829.924,2,514363,100,194700,-1
34830.087,1,519335,500,195000,-1
34830.148,2,519335,500,195000,-1
34830.27,2,510858,1000,194990,-1
34831.964,1,521044,188,194800,-1
34832.055,2,521044,188,194800,-1
34832.059,1,521158,188,194700,-1
34834.82,1,523895,100,194700,-1
34836.242,2,521158,188,194700,-1
34836.244,1,525235,188,194600,-1
34838.39,2,523895,100,194700,-1
34839.549,1,528547,100,194600,-1
34840.935,2,528547,100,194600,-1
34841.537,1,530406,100,194600,-1
34845.832,2,100241,100,185000,1
34846.261,1,534391,100,194100,1
34846.652,2,525235,188,194600,-1
34851.052,2,459109,1000,194000,1
34851.638,2,530406,100,194600,-1
34851.988,1,538978,1000,194990,-1
34852.328,2,511926,1000,194210,1
34852.443,1,539294,900,194110,1
34853.491,5,536868,500,194590,-1
34853.491,5,537184,500,194590,-1
34854.092,1,541003,200,194800,-1
34854.119,2,541003,200,194800,-1
34854.445,5,541064,900,194680,-1
34855.55,2,538978,1000,194990,-1
34855.807,1,542397,900,194990,-1
34856.619,1,543034,1000,193000,1
34856.888,1,543260,55,183300,1
34858.288,1,544432,10000,194800,-1
34864.668,1,550025,500,194600,-1
34874.962,2,550025,500,194600,-1
34875.094,2,542397,900,194990,-1
34875.188,1,558763,900,194790,-1
34876.894,2,558763,900,194790,-1
34877.146,1,560457,800,194790,-1
34877.168,2,560457,800,194790,-1
34877.239,1,560515,800,194790,-1
34877.469,2,560515,800,194790,-1
34878.134,1,561169,700,194790,-1
34879.548,1,561997,500,194200,1
34879.611,2,539294,900,194110,1
34881.616,1,563090,1000,194210,1
34884.687,2,563090,1000,194210,1
34890.805,1,568844,900,194210,1
34891.532,2,561169,700,194790,-1
34891.775,1,569552,400,194790,-1
34891.92,2,569552,400,194790,-1
34892.158,2,568844,900,194210,1
34892.934,5,569726,500,194590,-1
34892.934,5,569910,300,194600,-1
34895.453,5,571738,200,194590,-1
34897.178,1,573283,1500,188900,1
34899.944,1,575067,200,194700,-1
34904.826,2,385232,3000,194000,1
34909.533,2,575067,200,194700,-1
34909.535,1,581374,200,194600,-1
34910.634,2,581374,200,194600,-1
34914.567,1,583787,3000,194400,1
34918.452,5,581456,500,194590,-1
34918.475,5,571097,400,194650,-1
34918.77,5,581707,100,194690,-1
34918.77,5,564684,100,194700,-1
34919.639,2,452411,800,194100,1
34919.681,1,586631,500,194400,1
34920.03,2,505289,1100,195100,-1
34920.528,2,561997,500,194200,1
34920.535,1,587177,500,194400,1
34921.998,1,588287,400,194600,1
34923.846,2,588287,400,194600,1
34923.85,1,589569,400,194700,1
34924.369,2,589569,400,194700,1
34924.371,1,590055,400,194600,1
34924.6,2,590055,400,194600,1
34924.67,5,587752,1000,194760,-1
34924.67,4,544432,8000,194800,-1
34930.697,5,591035,200,194700,-1
34930.697,5,590895,1000,194760,-1
34930.697,5,592593,500,194760,-1
34930.697,5,592941,200,194770,-1
34930.697,4,544432,100,194800,-1
34930.918,5,594702,500,194700,-1
34930.918,5,594586,400,194780,-1
34930.918,5,594589,396,194790,-1
34930.918,4,544432,604,194800,-1
34930.932,4,544432,1296,194800,-1
34930.951,1,594730,500,195000,-1
34931.065,1,594799,1000,194990,-1
34931.127,2,594799,1000,194990,-1
34931.186,2,594730,500,195000,-1
34933.201,1,596249,1000,194410,1
34934.204,2,596249,1000,194410,1
34934.267,1,596896,900,194410,1
34936.66,1,599056,200,194710,1
34937.13,1,599584,800,194900,-1
34937.383,2,599584,800,194900,-1
34937.416,4,599056,200,194710,1
34939.666,2,596896,900,194410,1
34939.82,1,602435,600,194410,1
34939.877,1,602485,1000,195200,-1
34940.042,1,602598,100,194900,-1
34943.359,2,602435,600,194410,1
34943.374,2,587177,500,194400,1
34943.549,1,605504,300,194410,1
34944.253,1,606126,500,194800,-1
34944.366,2,605504,300,194410,1
34945.141,1,606898,500,194800,-1
34947.165,1,608526,500,194700,-1
34949.085,2,586631,500,194400,1
34951.373,5,609023,100,194500,1
34954.031,2,602598,100,194900,-1
34957.836,5,617926,400,194450,1
34957.836,4,583787,100,194400,1
34958.036,1,618290,1000,194800,-1
34958.055,2,602485,1000,195200,-1
34958.559,4,583787,1500,194400,1
34958.591,4,583787,500,194400,1
34959.191,4,583787,300,194400,1
34959.562,4,583787,600,194400,1
34959.694,1,619577,1000,194110,1
34961.291,2,608526,500,194700,-1
34961.292,2,606898,500,194800,-1
34961.293,2,606126,500,194800,-1
34961.317,1,620765,500,194800,-1
34962.985,1,622098,188,194500,-1
34963.122,2,619577,1000,194110,1
34964.878,2,622098,188,194500,-1
34964.882,1,623613,188,194400,-1
34969.343,1,627988,900,194000,1
34972.872,4,623613,188,194400,-1
34972.972,1,631380,800,194790,-1
34972.989,2,631380,800,194790,-1
34973.04,1,631448,800,194790,-1
34973.068,2,631448,800,194790,-1
34973.198,1,631610,800,194790,-1
34973.222,2,631610,800,194790,-1
34973.259,1,631656,600,194790,-1
34973.287,2,631656,600,194790,-1
34973.456,1,631809,600,194790,-1
34973.485,2,631809,600,194790,-1
34973.539,1,631888,600,194780,-1
34973.548,2,631888,600,194780,-1
34973.779,1,632060,800,194790,-1
34973.782,2,632060,800,194790,-1
34974.027,1,632261,600,194790,-1
34974.032,2,632261,600,194790,-1
34974.397,1,632537,600,194790,-1
34975.788,1,633604,300,194320,1
34976.035,2,632537,600,194790,-1
34976.11,2,620765,500,194800,-1
34976.212,1,633976,500,194790,-1
34976.912,2,633976,500,194790,-1
34977.119,1,634608,500,194790,-1
34977.261,2,634608,500,194790,-1
34977.553,1,634890,700,194790,-1
34977.556,2,634890,700,194790,-1
34977.671,1,634971,700,194790,-1
34977.794,5,633789,500,194330,1
34977.794,5,634084,500,194330,1
34977.794,4,633604,300,194320,1
34977.794,5,634717,1400,194320,1
34977.794,5,630917,100,194310,1
34977.794,1,635065,200,194310,-1
34978.178,2,634971,700,194790,-1
34978.908,1,636004,1000,194500,-1
34979.14,2,636004,1000,194500,-1
34979.143,1,636216,1000,194400,-1
34980.791,2,635065,200,194310,-1
34980.961,1,637809,200,194310,-1
34981.944,2,636216,1000,194400,-1
34982.963,2,637809,200,194310,-1
34983.097,1,639576,600,194790,-1
34983.208,5,635592,100,194400,-1
34983.223,5,635186,100,194500,-1
34983.459,2,639576,600,194790,-1
34983.518,1,639968,300,194780,-1
34983.583,2,639968,300,194780,-1
34983.639,1,640102,100,194770,-1
34983.664,2,640102,100,194770,-1
34983.797,1,640229,100,194790,-1
34983.819,2,640229,100,194790,-1
34985.271,1,641454,400,194790,-1
34985.301,2,641454,400,194790,-1
34985.408,1,641557,300,194790,-1
34985.582,5,641541,500,194490,-1
34985.932,2,618290,1000,194800,-1
34986.14,2,641557,300,194790,-1
34987.041,1,642676,500,194300,1
34987.045,1,642681,700,194990,-1
34987.238,2,642681,700,194990,-1
34987.376,1,642972,600,194980,-1
34987.429,2,642972,600,194980,-1
34987.489,1,643097,600,194970,-1
34987.491,2,643097,600,194970,-1
34987.694,1,643374,600,194990,-1
34987.719,2,643374,600,194990,-1
34987.775,1,643434,600,194990,-1
34987.804,2,643434,600,194990,-1
34987.847,1,643482,600,194990,-1
34987.862,2,643482,600,194990,-1
34987.935,1,643566,600,194990,-1
34987.943,2,643566,600,194990,-1
34988.635,1,644098,500,194990,-1
34988.857,2,642676,500,194300,1
34988.912,1,644399,500,194100,1
34989.203,1,644634,1000,194110,1
34990.776,2,644098,500,194990,-1
34991.085,1,646101,900,194990,-1
34991.616,2,646101,900,194990,-1
34991.617,2,644634,1000,194110,1
34991.772,1,646602,500,194110,1
34992.039,1,646849,900,194990,-1
34992.281,2,646849,900,194990,-1
34992.354,2,646602,500,194110,1
34992.419,1,647132,1000,194120,1
34992.734,1,647390,700,194990,-1
34992.844,2,647390,700,194990,-1
34992.925,2,647132,1000,194120,1
34992.977,1,647543,400,194990,-1
34994.038,2,647543,400,194990,-1
34994.476,1,648605,800,194110,1
34994.619,1,648766,900,194990,-1
34994.892,2,648766,900,194990,-1
34995.927,1,649889,400,194990,-1
34996.584,5,649166,500,194450,1
35000.941,2,649889,400,194990,-1
35001.193,2,648605,800,194110,1
35001.311,1,654506,700,194990,-1
35001.65,2,654506,700,194990,-1
35001.852,1,654980,1000,194990,-1
35002.898,2,654980,1000,194990,-1
35002.951,1,655778,700,194980,-1
35003.094,2,655778,700,194980,-1
35003.353,1,656025,600,194990,-1
35004.267,2,656025,600,194990,-1
35004.799,1,657134,1000,194990,-1
35005.329,2,657134,1000,194990,-1
35005.39,1,657658,800,194980,-1
35005.411,2,657658,800,194980,-1
35005.584,1,657845,500,195000,-1
35006.973,1,659304,900,194990,-1
35007.004,2,659304,900,194990,-1
35007.176,1,659463,500,194110,1
35007.3,1,659598,500,194990,-1
35007.367,2,659463,500,194110,1
35007.562,1,659892,800,194110,1
35007.874,2,469557,1900,194000,1
35008.314,2,659892,800,194110,1
35008.378,1,660878,800,194120,1
35008.937,2,657845,500,195000,-1
35009.078,1,661727,1900,193500,1
35010.537,2,659598,500,194990,-1
35011.927,1,664780,400,194990,-1
35014.813,2,660878,800,194120,1
35014.897,1,667606,400,194130,1
35015.156,2,667606,400,194130,1
35015.388,1,668114,500,194110,1
35015.969,2,668114,500,194110,1
35016.018,2,664780,400,194990,-1
35016.056,1,668868,1000,194120,1
35016.183,2,627988,900,194000,1
35016.185,1,669016,300,194300,1
35016.228,2,644399,500,194100,1
35016.236,1,669099,500,194300,1
35016.277,2,668868,1000,194120,1
35016.445,1,669368,1000,194310,1
35017.168,5,667397,100,194900,-1
35017.612,1,670608,500,194600,1
35019.877,2,669368,1000,194310,1
35020.445,5,664788,500,194940,-1
35020.445,4,373871,500,195000,-1
35020.501,4,373871,600,195000,-1
35020.501,4,479931,2370,195000,-1
35020.854,5,673822,400,194990,-1
35021.047,5,673822,100,194990,-1
35021.051,2,669099,500,194300,1
35021.061,1,674135,500,194600,1
35021.483,2,669016,300,194300,1
35021.524,1,674597,200,194600,1
35021.899,2,674135,500,194600,1
35022.288,1,675276,1000,194610,1
35022.557,2,670608,500,194600,1
35023.001,2,675276,1000,194610,1
35023.266,1,676064,800,194610,1
35023.696,2,543034,1000,193000,1
35023.747,1,676595,1200,195500,-1
35024.081,1,676974,1000,195000,1
35024.308,1,677239,500,194900,1
35024.379,2,287890,200,196500,-1
35024.395,1,677341,300,197600,-1
35025.101,2,677239,500,194900,1
35025.157,1,678089,100,195000,1
35026.216,5,679187,300,195180,-1
35027.982,2,678089,100,195000,1
35028.172,2,676064,800,194610,1
35028.889,1,682409,100,195110,1
35028.917,4,682409,100,195110,1
35029.01,2,676595,1200,195500,-1
35029.138,1,682664,100,195110,1
35029.174,5,679187,200,195180,-1
35029.174,5,679242,300,195190,-1
35029.181,4,682664,100,195110,1
35030.378,1,683851,1000,195500,-1
35030.783,5,683888,200,195170,-1
35030.783,5,683694,100,195190,-1
35031.951,2,661727,1900,193500,1
35034.247,1,687216,1900,194200,1
35039.022,1,690470,240,193900,1
35041.561,5,687548,100,195180,-1
35042.571,5,687548,100,195180,-1
35048.291,5,682723,100,195020,1
35054.045,1,700815,1000,195100,-1
35060.12,4,700815,125,195100,-1
35060.353,2,683851,1000,195500,-1
35061.219,4,700815,200,195100,-1
35063.437,4,700815,100,195100,-1
35063.995,4,700815,100,195100,-1
35064.267,4,700815,100,195100,-1
35064.315,4,700815,375,195100,-1
35065.249,4,102238,100,195200,-1
35065.395,4,102238,200,195200,-1
35065.534,1,712779,800,195490,-1
35066.019,2,712779,800,195490,-1
35067.966,2,674597,200,194600,1
35068.006,1,715473,900,194900,1
35071.708,5,716454,100,195490,-1
35071.816,1,719484,100,195200,1
35072.415,1,719962,500,195400,1
35072.772,4,34953,2000,195500,-1
35072.772,4,38636,1000,195500,-1
35072.772,4,422693,300,195500,-1
35072.854,2,719962,500,195400,1
35073.298,5,720507,200,195670,-1
35073.298,4,310516,300,195700,-1
35074.016,2,719484,100,195200,1
35074.051,1,721367,500,195100,1
35074.073,1,721392,1100,196000,-1
35074.084,1,721402,100,195600,-1
35074.093,1,721411,1000,195010,1
35074.094,4,721402,96,195600,-1
35074.116,4,721402,4,195600,-1
35074.235,2,721411,1000,195010,1
35074.377,1,721682,1000,195110,1
35074.462,1,721762,500,195410,1
35074.764,2,151813,1000,193400,1
35074.882,2,721762,500,195410,1
35075.225,2,721367,500,195100,1
35076.028,1,723157,500,195400,1
35076.602,2,721682,1000,195110,1
35077.198,1,724182,1000,195500,1
35078.202,2,723157,500,195400,1
35078.762,5,724796,1001,195680,-1
35078.822,2,721392,1100,196000,-1
35079.313,5,724796,374,195680,-1
35079.313,4,310516,700,195700,-1
35079.338,1,726274,500,196000,-1
35079.424,1,726348,500,195990,-1
35079.658,2,726348,500,195990,-1
35079.779,1,726634,500,195990,-1
35079.806,2,726634,500,195990,-1
35080.114,1,727012,400,195990,-1
35080.149,2,727012,400,195990,-1
35080.168,1,727069,800,195700,1
35080.196,2,726274,500,196000,-1
35081.179,1,728068,700,196100,-1
35081.433,4,727069,100,195700,1
35082.588,2,728068,700,196100,-1
35083.243,4,727069,700,195700,1
35083.639,1,730593,600,195900,-1
35083.666,5,730556,200,195800,1
35083.79,2,730593,600,195900,-1
35083.826,1,730851,700,196200,-1
35086.693,1,733640,500,196000,-1
35088.447,2,690470,240,193900,1
35091.947,5,733529,100,195700,1
35091.947,5,734784,100,195700,1
35091.947,5,737277,500,195700,1
35093.879,1,739540,800,195790,1
35094.686,4,739540,800,195790,1
35094.792,5,739634,100,195700,1
35099.019,5,735812,500,195650,1
35099.019,5,740675,500,195650,1
35099.019,5,742968,500,195610,1
35099.674,1,743623,900,195990,-1
35100.687,2,743623,900,195990,-1
35100.718,1,744308,700,195980,-1
35100.745,2,744308,700,195980,-1
35101.441,1,744943,800,195990,-1
35101.768,2,744943,800,195990,-1
35102.0,1,745359,500,195990,-1
35102.948,2,724182,1000,195500,1
35103.081,1,746295,1000,195010,1
35103.827,2,745359,500,195990,-1
35104.035,1,747041,1000,195990,-1
35104.476,1,747406,1000,195900,-1
35105.257,1,748072,500,195100,1
35105.425,2,746295,1000,195010,1
35105.486,2,747041,1000,195990,-1
35105.572,1,748301,1000,195110,1
35105.601,1,748341,900,195890,-1
35106.477,2,730851,700,196200,-1
35106.479,1,749229,1000,195900,-1
35106.685,2,748341,900,195890,-1
35106.933,1,749676,700,195890,-1
35108.707,2,749676,700,195890,-1
35108.895,1,751434,700,195890,-1
35108.897,2,751434,700,195890,-1
35109.125,1,751668,400,195890,-1
35109.154,2,751668,400,195890,-1
35109.324,1,751866,400,195890,-1
35109.352,2,751866,400,195890,-1
35109.506,1,752085,400,195890,-1
35109.605,2,752085,400,195890,-1
35109.93,1,752556,400,195890,-1
35109.931,2,752556,400,195890,-1
35109.996,1,752613,700,195890,-1
35110.025,2,752613,700,195890,-1
35110.615,1,753261,1000,195890,-1
35110.644,2,753261,1000,195890,-1
35110.654,1,753303,500,195900,-1
35110.833,1,753513,1000,195890,-1
35110.857,2,753513,1000,195890,-1
35112.519,1,755214,1000,195890,-1
35112.549,2,755214,1000,195890,-1
35112.825,1,755632,500,195600,-1
35112.854,5,751761,500,195590,-1
35112.854,4,755632,500,195600,-1
35112.937,1,755728,1000,195890,-1
35112.963,2,755728,1000,195890,-1
35113.789,1,756588,1000,195890,-1
35113.79,2,756588,1000,195890,-1
35114.001,1,756784,100,195890,-1
35114.003,2,756784,100,195890,-1
35114.041,2,753303,500,195900,-1
35114.123,1,756913,100,195890,-1
35114.186,2,756913,100,195890,-1
35114.274,1,757071,100,195890,-1
35114.457,2,757071,100,195890,-1
35115.138,2,749229,1000,195900,-1
35115.25,1,757984,900,195890,-1
35115.279,2,757984,900,195890,-1
35115.45,1,758148,900,195890,-1
35115.48,2,758148,900,195890,-1
35116.058,1,758628,900,195890,-1
35116.085,2,758628,900,195890,-1
35116.452,1,758961,1000,195890,-1
35116.479,2,758961,1000,195890,-1
35117.412,1,759718,900,195890,-1
35117.441,2,759718,900,195890,-1
35117.65,1,759885,900,195890,-1
35117.672,2,759885,900,195890,-1
35117.73,1,759944,700,195600,-1
35117.798,1,760004,900,195890,-1
35120.209,1,762212,900,195900,-1
35123.077,1,765210,1000,195700,-1
35125.994,2,748301,1000,195110,1
35126.189,1,768658,700,195110,1
35127.126,2,768658,700,195110,1
35127.206,1,769666,1000,195120,1
35131.909,2,769666,1000,195120,1
35132.003,2,748072,500,195100,1
35132.026,1,774008,700,195110,1
35134.048,2,774008,700,195110,1
35134.572,1,776027,1000,195010,1
35134.641,2,759944,700,195600,-1
35134.643,1,776069,1000,195510,-1
35137.224,2,747406,1000,195900,-1
35137.276,2,765210,1000,195700,-1
35137.645,2,776069,1000,195510,-1
35138.011,2,760004,900,195890,-1
35138.152,1,778689,1000,195890,-1
35138.166,2,778689,1000,195890,-1
35138.23,1,778765,1000,195880,-1
35138.254,2,778765,1000,195880,-1
35138.317,1,778832,1000,195890,-1
35142.702,2,776027,1000,195010,1
35142.778,1,781763,500,195020,1
35143.071,2,781763,500,195020,1
35143.124,1,782041,800,195030,1
35143.713,1,782464,500,195900,-1
35146.766,2,778832,1000,195890,-1
35147.057,1,785181,800,195890,-1
35147.062,2,785181,800,195890,-1
35147.751,1,785856,800,195890,-1
35147.808,2,785856,800,195890,-1
35148.544,1,786591,3900,195500,-1
35154.677,2,782041,800,195030,1
35154.679,1,791592,450,190000,1
35154.818,1,791743,1000,195010,1
35155.313,2,791743,1000,195010,1
35155.336,2,715473,900,194900,1
35155.338,1,792352,900,195600,-1
35155.367,2,762212,900,195900,-1
35155.549,1,792558,700,195010,1
35156.208,2,676974,1000,195000,1
35158.564,2,792352,900,195600,-1
35160.895,1,798626,500,195300,1
35161.039,1,798759,1000,194500,1
35162.004,4,798626,400,195300,1
35164.822,2,798626,100,195300,1
35166.25,1,803860,200,192700,1
35173.347,2,792558,700,195010,1
35173.374,1,809808,500,194600,1
35173.476,1,809875,1000,194510,1
35173.622,2,809875,1000,194510,1
35173.659,1,810023,1000,194610,1
35176.184,1,811719,1200,195700,-1
35179.015,1,813516,100,195400,-1
35180.35,1,814458,1100,190000,1
35181.293,5,813552,12,195350,-1
35185.99,5,813552,88,195350,-1
35185.99,4,813516,100,195400,-1
35185.99,5,812267,312,195400,-1
35187.64,5,787357,500,195450,-1
35188.067,5,819175,188,195490,-1
35188.067,4,786591,3712,195500,-1
35188.088,2,782464,500,195900,-1
35188.094,4,786591,100,195500,-1
35188.124,4,786591,88,195500,-1
35188.124,5,819586,12,195600,-1
35188.485,2,811719,1200,195700,-1
35188.527,1,819889,900,195800,-1
35189.456,2,809808,500,194600,1
35191.106,2,22735,500,185000,1
35191.801,1,822289,500,189000,1
35194.342,1,824308,800,195900,-1
35194.389,2,819889,900,195800,-1
35197.408,2,824308,800,195900,-1
35197.498,1,827195,600,195990,-1
35198.632,1,828262,900,196000,-1
35198.796,2,827195,600,195990,-1
35200.699,1,830327,800,195990,-1
35200.748,2,830327,800,195990,-1
35201.019,1,830641,1000,195990,-1
35201.044,2,830641,1000,195990,-1
35201.439,1,831093,1000,195990,-1
35201.465,2,831093,1000,195990,-1
35201.599,1,831301,1000,195980,-1
35201.764,2,831301,1000,195980,-1
35201.818,1,831495,1000,195970,-1
35201.876,2,831495,1000,195970,-1
35202.1,1,831767,1000,195990,-1
35202.103,2,831767,1000,195990,-1
35202.223,1,831890,1000,195990,-1
35202.23,2,831890,1000,195990,-1
35202.332,1,832003,1000,195990,-1
35202.361,2,832003,1000,195990,-1
35202.534,1,832201,1000,195990,-1
35202.538,2,832201,1000,195990,-1
35202.754,1,832440,1000,195990,-1
35202.763,2,832440,1000,195990,-1
35202.909,1,832575,1000,195990,-1
35202.94,2,832575,1000,195990,-1
35203.02,1,832705,1000,195990,-1
35203.027,2,832705,1000,195990,-1
35203.208,1,832938,1000,195990,-1
35203.237,2,832938,1000,195990,-1
35203.436,1,833164,300,195990,-1
35205.625,2,833164,300,195990,-1
35205.796,1,835626,800,195990,-1
35206.015,2,835626,800,195990,-1
35206.141,1,835937,800,195990,-1
35206.236,2,835937,800,195990,-1
35207.98,5,837524,400,195610,1
35212.666,5,837524,100,195610,1
35212.666,1,841010,400,195610,-1
35213.952,4,841010,164,195610,-1
35214.093,4,841010,200,195610,-1
35214.106,4,841010,36,195610,-1
35214.106,1,842108,64,195610,1
35214.173,2,842108,64,195610,1
35215.258,5,842222,64,195790,-1
35216.099,2,828262,900,196000,-1
35217.072,1,844490,800,196200,-1
35217.295,1,844623,100,195700,1
35217.63,1,844926,200,194200,1
35222.74,2,844926,200,194200,1
35223.116,5,845031,64,195710,1
35223.116,5,845492,36,195710,1
35224.168,1,849878,100,195810,1
35224.853,2,844623,100,195700,1
35227.165,2,849878,100,195810,1
35227.187,1,851857,500,194700,1
35227.419,2,810023,1000,194610,1
35227.581,1,852108,1000,195810,-1
35228.096,4,852108,28,195810,-1
35228.805,1,853155,1000,194800,1
35228.841,2,851857,500,194700,1
35228.848,1,853183,500,194800,1
35230.579,2,852108,972,195810,-1
35230.885,1,854481,1000,195810,-1
35233.496,2,677341,300,197600,-1
35233.526,1,857115,200,197200,-1
35233.855,2,798759,1000,194500,1
35233.889,2,854481,1000,195810,-1
35234.168,1,857799,1000,195000,1
35234.197,2,853183,500,194800,1
35234.205,1,857833,500,195000,1
35234.285,2,853155,1000,194800,1
35234.456,1,858113,1000,195010,1
35234.587,2,844490,800,196200,-1
35234.629,1,858332,500,195900,-1
35235.292,2,858332,500,195900,-1
35235.295,1,859038,700,196000,-1
35236.305,1,860105,223,195800,-1
35238.038,2,858113,1000,195010,1
35238.078,1,861739,700,195020,1
35243.902,2,857833,500,195000,1
35246.812,2,861739,700,195020,1
35246.87,1,868998,1000,195030,1
35259.427,2,108116,1000,192100,1
35259.82,1,879788,100,195800,-1
35260.754,2,857115,200,197200,-1
35260.758,2,389413,200,192700,1
35261.176,2,860105,223,195800,-1
35263.712,1,883247,500,195600,1
35264.24,1,883707,200,195600,1
35264.759,2,883707,200,195600,1
35267.131,1,886189,100,195690,-1
35267.158,2,879788,100,195800,-1
35267.185,5,885511,100,195620,1
35269.345,2,886189,100,195690,-1
35270.022,1,888536,100,195700,-1
35270.736,2,883247,500,195600,1
35271.5,1,889626,300,197400,-1
35271.504,1,889630,200,194300,1
35273.716,1,891397,500,195100,1
35273.839,2,868998,1000,195030,1
35273.922,1,891526,1000,195110,1
35284.71,2,891397,500,195100,1
35286.009,5,898344,100,195690,-1
35286.183,5,898344,68,195690,-1
35287.42,2,888536,100,195700,-1
35287.483,1,900971,500,196000,-1
35287.556,1,901024,300,195990,-1
35288.412,1,901778,100,195690,-1
35289.121,2,901024,300,195990,-1
35289.488,2,889626,300,197400,-1
35289.525,1,902700,200,197100,-1
35290.314,1,903530,3472,195800,-1
35291.61,2,901778,100,195690,-1
35292.404,1,905250,100,195690,-1
35292.429,2,900971,500,196000,-1
35293.966,2,891526,1000,195110,1
35294.099,1,906590,700,195010,1
35295.182,2,905250,100,195690,-1
35295.791,1,908400,100,195600,-1
35296.117,1,908673,223,195600,-1
35297.452,2,906590,700,195010,1
35297.675,1,909942,1000,195020,1
35303.649,4,908400,100,195600,-1
35303.649,4,908673,223,195600,-1
35313.906,1,922386,750,195500,1
35327.138,2,922386,750,195500,1
35327.142,1,931218,750,195600,1
35327.494,2,63162,100,197500,-1
35327.504,1,931633,100,199500,-1
35327.864,2,902700,200,197100,-1
35327.894,1,932051,300,198200,-1
35330.17,5,928124,332,195770,-1
35330.17,4,903530,2768,195800,-1
35330.232,4,903530,100,195800,-1
35331.231,4,903530,604,195800,-1
35332.717,2,859038,700,196000,-1
35332.721,1,936455,1100,195300,1
35332.897,1,936594,100,195900,-1
35333.026,1,936693,1100,196200,-1
35333.774,1,937246,600,195900,-1
35333.784,1,937251,600,195900,-1
35333.793,2,936594,100,195900,-1
35333.808,1,937263,100,195800,-1
35333.84,4,937263,100,195800,-1
35334.766,1,937931,500,195720,1
35335.043,2,932051,300,198200,-1
35335.047,2,889630,200,194300,1
35335.079,1,938202,300,200100,-1
35335.084,1,938204,100,195200,1
35335.932,2,931218,750,195600,1
35335.935,1,939140,750,195700,1
35336.195,4,937246,223,195900,-1
35339.539,2,937246,377,195900,-1
35339.546,2,937251,600,195900,-1
35339.906,2,939140,750,195700,1
35340.585,2,937931,500,195720,1
35340.611,1,943464,500,195400,1
35340.774,2,909942,1000,195020,1
35340.814,1,943585,1000,195410,1
35347.525,2,102992,600,196100,-1
35347.867,1,947997,590,180100,1
35347.951,1,948024,600,196700,-1
35354.042,5,940766,200,195800,1
35354.042,5,943409,100,195800,1
35354.09,2,943585,1000,195410,1
35354.127,1,950882,500,195420,1
35354.438,2,950882,500,195420,1
35354.509,2,936455,1100,195300,1
35354.58,1,951156,400,195410,1
35354.653,2,951156,400,195410,1
35354.87,5,951330,500,195700,1
35354.87,5,951346,500,195680,1
35354.87,5,937634,100,195600,1
35354.87,5,940353,100,195600,1
35354.87,5,943462,800,195530,1
35355.016,5,943462,200,195530,1
35355.016,5,950899,450,195470,1
35355.016,5,951245,400,195450,1
35355.016,5,951257,400,195440,1
35355.016,4,943464,50,195400,1
35355.087,2,943464,450,195400,1
35356.294,1,952345,1000,195990,-1
35356.593,1,952505,500,196000,-1
35358.359,1,953298,1000,195210,1
35358.718,2,936693,1100,196200,-1
35358.761,1,953508,700,195900,-1
35358.781,2,952505,500,196000,-1
35358.789,1,953526,500,195900,-1
35358.841,2,953298,1000,195210,1
35358.893,2,952345,1000,195990,-1
35359.051,1,953682,1000,195890,-1
35359.088,2,953682,1000,195890,-1
35359.202,1,953763,800,195890,-1
35360.604,5,954147,500,195410,1
35363.745,2,938204,100,195200,1
35363.754,1,956589,100,195100,1
35364.519,2,956589,100,195100,1
35364.525,1,957466,200,195000,1
35364.616,1,957587,1000,195010,1
35365.325,2,938202,300,200100,-1
35365.329,2,957466,200,195000,1
35365.34,1,958455,200,197300,-1
35365.344,1,958462,200,194500,1
35366.373,2,953508,700,195900,-1
35366.467,1,959739,600,195600,-1
35367.994,2,953526,500,195900,-1
35368.003,1,961179,500,195600,-1
35368.639,2,959739,600,195600,-1
35369.501,1,962589,600,195600,-1
35369.931,2,961179,500,195600,-1
35374.148,2,857799,1000,195000,1
35374.459,1,966294,1000,194500,1
35376.757,1,968279,224,195400,-1
35382.584,5,963383,40,195100,1
35383.723,2,966294,1000,194500,1
35384.046,1,973768,1000,195000,1
35385.34,2,957587,1000,195010,1
35385.839,1,975464,1000,195010,1
35386.454,5,975873,200,195380,-1
35386.552,4,968279,200,195400,-1
35386.624,2,975464,1000,195010,1
35386.783,1,976486,700,195010,1
35387.202,2,976486,700,195010,1
35387.353,5,976481,22,195100,1
35387.438,1,977280,700,195010,1
35388.281,5,978327,24,195350,-1
35388.694,5,978696,100,195300,-1
35389.328,2,977280,700,195010,1
35389.893,2,968279,24,195400,-1
35390.027,1,980074,400,195010,1
35390.579,5,979062,100,195300,-1
35391.748,1,981495,10000,195500,-1
35392.844,2,980074,400,195010,1
35393.118,1,982802,900,195010,1
35394.025,1,983604,1000,190100,1
35400.595,2,982802,900,195010,1
35403.614,5,989622,12,195200,1
35406.866,1,994012,13,195200,-1
35407.088,1,994168,379,195100,-1
35407.871,2,994012,13,195200,-1
35407.986,1,994919,13,195200,-1
35408.213,1,995089,188,195100,-1
35409.116,2,994919,13,195200,-1
35409.183,4,994168,100,195100,-1
35409.231,1,995968,13,195200,-1
35410.179,2,973768,1000,195000,1
35410.213,1,996796,500,194500,1
35410.23,2,995968,13,195200,-1
35410.369,1,996942,13,195200,-1
35410.427,1,996986,700,194510,1
35411.258,2,996986,700,194510,1
35411.372,2,996942,13,195200,-1
35411.509,1,997950,13,194900,-1
35411.517,4,997950,13,194900,-1
35411.585,1,998054,1000,194510,1
35413.993,2,998054,1000,194510,1
35414.003,1,999930,1000,194500,1
35414.053,1,999980,700,194520,1
35414.067,5,999898,100,195050,-1
35415.035,2,999980,700,194520,1
35415.091,1,1000700,1000,194530,1
35420.304,1,1004666,100,194400,1
35421.009,1,1005153,200,195100,-1
35421.885,5,1000653,400,195050,-1
35421.885,5,1000657,400,195060,-1
35421.885,4,994168,200,195100,-1
35421.953,2,958462,200,194500,1
35421.957,1,1005870,200,194100,1
35422.107,4,994168,79,195100,-1
35422.107,4,995089,188,195100,-1
35422.107,4,1005153,200,195100,-1
35422.135,1,1006051,500,195500,-1
35422.19,2,953763,800,195890,-1
35422.464,1,1006387,600,195490,-1
35422.467,2,1006387,600,195490,-1
35422.548,2,1006051,500,195500,-1
35422.595,1,1006520,500,195490,-1
35422.866,5,1006595,500,195190,-1
35423.088,5,1006570,19,195050,1
35423.498,2,1006520,500,195490,-1
35427.537,2,999930,1000,194500,1
35431.214,1,1013064,900,194900,1
35431.238,2,996796,500,194500,1
35431.245,1,1013109,500,194900,1
35431.356,2,1000700,1000,194530,1
35431.445,1,1013306,1000,194910,1
35432.585,2,962589,600,195600,-1
35433.795,1,1015466,1000,195000,1
35433.816,2,1013109,500,194900,1
35433.823,1,1015503,500,195000,1
35433.951,2,1013306,1000,194910,1
35434.187,1,1015888,1000,195010,1
35434.557,2,1004666,100,194400,1
35437.881,1,1019095,1100,195800,-1
35440.124,1,1020879,1700,195410,-1
35443.125,2,1020879,1700,195410,-1
35443.506,2,1015888,1000,195010,1
35443.55,1,1023142,700,195020,1
35445.03,2,1023142,700,195020,1
35445.136,5,1021564,100,195490,-1
35445.136,5,1023580,400,195490,-1
35445.136,4,981495,9500,195500,-1
35445.318,4,981495,300,195500,-1
35445.41,4,981495,100,195500,-1
35445.532,1,1024585,700,195010,1
35445.651,2,1024585,700,195010,1
35445.864,1,1024822,1000,195010,1
35446.089,4,981495,100,195500,-1
35446.485,2,1019095,1100,195800,-1
35447.877,1,1026391,1000,195990,-1
35448.546,1,1026821,58,172300,1
35450.32,2,1026391,1000,195990,-1
35451.442,1,1028677,800,196100,-1
35457.125,1,1032376,1000,195990,-1
35457.189,1,1032402,500,196000,-1
35457.502,2,1024822,1000,195010,1
35457.549,1,1032609,700,195020,1
35458.215,1,1033028,3000,195600,1
35458.556,4,1033028,1000,195600,1
35458.96,2,1032609,700,195020,1
35459.198,4,1033028,1000,195600,1
35465.477,1,1038514,1000,195900,-1
35465.514,2,1032402,500,196000,-1
35465.521,1,1038544,500,195900,-1
35469.893,4,1033028,500,195600,1
35469.991,1,1041622,5000,195800,-1
35470.873,4,1033028,500,195600,1
35471.023,1,1042235,700,195010,1
35475.177,2,1042235,700,195010,1
35475.95,1,1045209,700,195010,1
35476.138,2,1045209,700,195010,1
35476.234,2,1015503,500,195000,1
35476.622,1,1045640,300,195010,1
35476.813,2,1045640,300,195010,1
35477.034,1,1045905,600,195010,1
35479.314,2,1045905,600,195010,1
35480.998,1,1048034,900,195010,1
35481.102,2,1038544,500,195900,-1
35481.11,1,1048093,500,195800,-1
35488.161,2,1048034,900,195010,1
35488.324,1,1050941,400,195010,1
35488.78,2,1050941,400,195010,1
35489.254,1,1051560,1000,195010,1
35489.692,1,1051935,100,195700,-1
35489.933,2,1051935,100,195700,-1
35490.107,1,1052292,100,195700,-1
35490.915,2,1052292,100,195700,-1
35496.971,2,1048093,500,195800,-1
35498.757,2,1051560,1000,195010,1
35498.946,1,1057250,500,195010,1
35498.975,2,1057250,500,195010,1
35499.126,1,1057345,800,195010,1
35506.261,1,1060808,500,195100,1
35506.352,2,1057345,800,195010,1
35506.412,1,1060901,1000,195110,1
35515.12,2,1060901,1000,195110,1
35515.198,1,1065696,700,195120,1
35516.309,2,1065696,700,195120,1
35516.373,1,1066252,1000,195130,1
35524.41,2,516519,240,192000,1
35537.972,5,1056536,200,195600,1
35540.414,2,1060808,500,195100,1
35540.432,2,1066252,1000,195130,1
35540.49,1,1079202,700,195140,1
35550.217,2,1079202,700,195140,1
35550.54,1,1084338,500,195010,1
35551.501,2,1084338,500,195010,1
35551.622,1,1084872,800,195010,1
35556.243,1,1086830,1000,195600,-1
35560.043,2,1084872,800,195010,1
35560.107,1,1089080,500,195020,1
35560.571,2,1028677,800,196100,-1
35560.613,1,1089323,900,195800,-1
35561.12,2,1089080,500,195020,1
35561.169,1,1089573,1000,195030,1
35561.73,2,1089573,1000,195030,1
35561.789,1,1089827,500,195040,1
35563.72,2,1089827,500,195040,1
35563.849,1,1090759,500,195010,1
35564.417,2,1090759,500,195010,1
35565.557,2,1086830,1000,195600,-1
35565.594,1,1091612,500,195800,-1
35565.65,2,1032376,1000,195990,-1
35565.848,1,1091761,1000,195790,-1
35572.699,2,1091761,1000,195790,-1
35572.818,1,1095148,700,195790,-1
35573.217,2,1095148,700,195790,-1
35573.273,1,1095424,1000,195780,-1
35573.441,2,1013064,900,194900,1
35580.368,5,1094042,33,195220,1
35582.538,5,1094042,67,195220,1
35583.202,2,1015466,1000,195000,1
35583.242,1,1103684,500,194300,1
35583.327,1,1103734,1000,194210,1
35583.495,2,1103734,1000,194210,1
35583.549,1,1103889,1000,194310,1
35584.715,2,1091612,500,195800,-1
35584.773,5,1104772,32,195110,1
35585.934,2,1038514,1000,195900,-1
35589.358,1,1108567,800,194800,1
35589.406,2,1103684,500,194300,1
35589.415,1,1108632,500,194800,1
35590.467,2,1103889,1000,194310,1
35591.111,1,1109887,1000,194810,1
35591.398,1,1110081,4000,195100,1
35593.68,1,1111645,100,195200,1
35593.931,2,1095424,1000,195780,-1
35594.871,1,1112436,1000,195790,-1
35595.178,2,1111645,100,195200,1
35595.497,2,1112436,1000,195790,-1
35595.552,1,1112931,1000,195780,-1
35595.554,2,1112931,1000,195780,-1
35595.562,2,1108632,500,194800,1
35595.57,1,1112948,500,195100,1
35596.073,1,1113303,1000,195790,-1
35596.1,2,1113303,1000,195790,-1
35596.34,1,1113447,1000,195000,1
35596.523,1,1113618,1000,195300,1
35597.58,1,1114668,1000,195790,-1
35597.603,2,1114668,1000,195790,-1
35597.794,1,1114846,1000,195790,-1
35597.82,2,1114846,1000,195790,-1
35597.859,1,1114908,1000,195790,-1
35597.886,2,1114908,1000,195790,-1
35598.077,1,1115054,1000,195790,-1
35598.089,2,1115054,1000,195790,-1
35598.232,1,1115157,1000,195790,-1
35598.265,2,1115157,1000,195790,-1
35598.656,1,1115407,1000,195790,-1
35598.682,2,1115407,1000,195790,-1
35598.786,1,1115480,1000,195780,-1
35598.814,2,1115480,1000,195780,-1
35599.014,1,1115646,1000,195790,-1
35599.02,2,1115646,1000,195790,-1
35599.08,1,1115699,1000,195790,-1
35599.135,2,1115699,1000,195790,-1
35599.198,1,1115754,1000,195780,-1
35599.21,2,1115754,1000,195780,-1
35599.36,1,1115851,1000,195790,-1
35599.434,2,1115851,1000,195790,-1
35599.669,1,1116055,1000,195790,-1
35599.686,2,1116055,1000,195790,-1
35599.786,1,1116125,1000,195790,-1
35599.815,2,1116125,1000,195790,-1
35600.031,1,1116275,1000,195790,-1
35600.162,2,1116275,1000,195790,-1
35600.2,1,1116434,1000,195780,-1
35600.229,2,1116434,1000,195780,-1
35600.291,1,1116514,1000,195770,-1
35600.379,2,1116514,1000,195770,-1
35600.465,1,1116625,1000,195760,-1
35600.493,2,1116625,1000,195760,-1
35600.582,1,1116703,1000,195750,-1
35600.601,2,1116703,1000,195750,-1
35600.723,1,1116805,1000,195790,-1
35600.749,2,1116805,1000,195790,-1
35600.917,1,1116912,1000,195790,-1
35600.944,2,1116912,1000,195790,-1
35601.03,1,1116978,1000,195790,-1
35601.032,2,1116978,1000,195790,-1
35601.103,1,1117024,1000,195790,-1
35601.113,2,1117024,1000,195790,-1
35601.249,1,1117112,1000,195790,-1
35601.276,2,1117112,1000,195790,-1
35601.505,1,1117266,1000,195790,-1
35601.532,2,1117266,1000,195790,-1
35601.704,1,1117424,1000,195790,-1
35601.743,2,1117424,1000,195790,-1
35601.935,1,1117548,1000,195790,-1
35601.962,2,1117548,1000,195790,-1
35602.113,1,1117644,1000,195790,-1
35602.115,2,1117644,1000,195790,-1
35602.295,1,1117735,1000,195790,-1
35602.323,1,1117745,100,195700,-1
35602.488,2,1117735,1000,195790,-1
35602.548,1,1117832,1000,195690,-1
35602.576,2,1117832,1000,195690,-1
35602.768,1,1117942,1000,195690,-1
35602.87,2,1117942,1000,195690,-1
35603.015,1,1118031,800,195690,-1
35604.528,2,1118031,800,195690,-1
35606.462,2,1113618,1000,195300,1
35606.581,2,1089323,900,195800,-1
35606.586,2,1109887,1000,194810,1
35607.208,1,1120762,1000,195110,1
35609.21,1,1122069,1100,195900,-1
35610.55,2,1120762,1000,195110,1
35610.676,1,1123084,700,195110,1
35610.711,1,1123112,100,195700,-1
35610.95,2,1123084,700,195110,1
35610.998,1,1123387,1000,195120,1
35613.574,2,1122069,1100,195900,-1
35613.72,5,1115931,900,195680,-1
35613.72,5,1122446,100,195680,-1
35614.366,5,1122446,251,195680,-1
35614.366,5,1124153,349,195680,-1
35614.379,5,1124153,651,195680,-1
35614.379,4,1117745,100,195700,-1
35614.379,4,1123112,49,195700,-1
35614.38,4,1123112,51,195700,-1
35614.38,4,1041622,249,195800,-1
35614.537,1,1125702,100,195700,-1
35615.023,4,1125702,100,195700,-1
35615.188,2,1112948,500,195100,1
35617.607,4,1041622,500,195800,-1
35617.814,4,1041622,200,195800,-1
35618.011,4,1041622,500,195800,-1
35618.11,4,1041622,1000,195800,-1
35618.192,4,1041622,500,195800,-1
35618.358,4,1041622,500,195800,-1
35618.534,4,1041622,500,195800,-1
35618.706,4,1041622,500,195800,-1
35618.749,4,1041622,200,195800,-1
35619.526,4,1041622,351,195800,-1
35619.651,2,1108567,800,194800,1
35619.653,1,1129457,1000,195400,1
35619.755,2,1123387,1000,195120,1
35619.807,1,1129581,1000,195410,1
35624.767,1,1133450,900,196200,-1
35625.91,1,1134377,100,195810,1
35627.032,2,1133450,900,196200,-1
35628.601,1,1136590,100,195910,1
35628.836,2,1134377,100,195810,1
35629.428,2,1136590,100,195910,1
35629.611,1,1137142,100,195910,1
35630.593,2,1137142,100,195910,1
35631.526,1,1138167,100,195920,1
35633.138,5,1138897,200,195950,-1
35633.536,4,73851,900,196000,-1
35633.536,4,733640,500,196000,-1
35633.56,1,1139594,500,196300,-1
35634.005,5,1139749,100,195990,-1
35634.145,2,1139594,500,196300,-1
35634.9,1,1140377,1000,196290,-1
35635.663,2,1140377,1000,196290,-1
35636.551,2,1138167,100,195920,1
35636.656,2,1113447,1000,195000,1
35636.8,2,1129457,1000,195400,1
35636.844,1,1141612,1000,195700,1
35636.899,2,1129581,1000,195410,1
35636.999,1,1141712,140,196190,1
35637.003,1,1141716,1000,196000,1
35637.046,1,1141737,1000,195710,1
35637.799,1,1142207,500,196200,1
35638.636,4,55661,100,196300,-1
35639.16,1,1143123,100,196120,1
35639.399,2,1142207,500,196200,1
35640.001,2,1141712,140,196190,1
35642.294,1,1145694,900,196600,-1
35642.574,5,1145673,100,196300,-1
35642.727,5,1145673,200,196300,-1
35643.119,5,1145673,400,196300,-1
35643.659,2,1145694,900,196600,-1
35643.741,1,1146989,1000,196700,-1
35643.798,5,1142740,500,196460,-1
35645.192,5,1148050,200,196400,1
35646.147,5,1142740,24,196460,-1
35646.67,2,1146989,1000,196700,-1
35646.823,1,1149177,500,196100,1
35647.072,4,287229,500,196500,-1
35647.157,1,1149404,1000,196690,-1
35647.322,2,1149404,1000,196690,-1
35647.562,1,1149759,800,196690,-1
35647.594,2,1149759,800,196690,-1
35648.168,1,1150237,600,196800,-1
35648.558,1,1150447,600,196400,1
35650.216,5,1150301,19,196600,-1
35652.82,4,1150447,600,196400,1
35655.497,5,1154008,400,196310,1
35655.831,2,1141737,1000,195710,1
35656.055,2,1149177,500,196100,1
35657.145,1,1154878,200,196500,-1
35657.691,2,1154878,200,196500,-1
35658.222,1,1155459,200,196500,-1
35658.902,2,1155459,200,196500,-1
35659.329,1,1155963,200,196500,-1
35659.856,2,1155963,200,196500,-1
35660.411,1,1156449,200,196500,-1
35660.949,2,1156449,200,196500,-1
35661.517,1,1156945,200,196500,-1
35661.573,1,1156980,317,196500,-1
35662.105,2,1156945,200,196500,-1
35662.688,1,1157527,200,196500,-1
35663.228,2,1157527,200,196500,-1
35664.692,1,1158957,300,196500,-1
35666.291,2,1156980,317,196500,-1
35666.562,2,1143123,100,196120,1
35666.668,1,1160317,400,196010,1
35667.489,1,1160727,100,193010,1
35667.584,1,1160795,100,197990,-1
35667.749,2,1160317,400,196010,1
35669.263,2,1141716,1000,196000,1
35669.324,1,1161974,1000,195710,1
35669.613,2,1161974,1000,195710,1
35669.79,1,1162367,800,195710,1
35670.462,2,1158957,300,196500,-1
35670.488,1,1162821,500,196700,-1
35670.607,1,1162930,1000,196690,-1
35672.783,2,1162821,500,196700,-1
35674.708,1,1165755,100,196400,-1
35675.568,1,1166146,1000,195000,1
35679.552,1,1168438,500,196200,1
35682.232,2,1162367,800,195710,1
35682.856,2,1168438,500,196200,1
35682.941,1,1171537,600,195710,1
35683.182,2,1171537,600,195710,1
35683.309,1,1171870,300,195710,1
35684.484,1,1173064,400,196400,-1
35684.485,1,1173068,400,196400,-1
35686.272,1,1174900,100,196300,-1
35687.474,2,1165755,100,196400,-1
35687.591,5,1174573,100,196200,1
35687.591,5,1175583,100,196200,1
35688.689,5,1176556,24,196100,1
35688.691,1,1177425,100,196190,1
35689.416,2,1171870,300,195710,1
35689.545,2,1173068,400,196400,-1
35689.546,2,1173064,400,196400,-1
35690.235,2,1177425,100,196190,1
35690.574,1,1179166,600,195710,1
35691.693,5,1154373,28,196010,1
35691.972,2,1179166,600,195710,1
35692.188,1,1180496,900,195710,1
35692.384,1,1180624,100,196200,-1
35692.989,2,1180496,900,195710,1
35693.155,1,1181134,500,195710,1
35693.61,2,1180624,100,196200,-1
35694.235,1,1181886,100,196200,-1
35701.015,2,1181134,500,195710,1
35701.089,1,1186631,1000,195720,1
35703.453,1,1188368,1000,196000,1
35705.028,2,1150237,600,196800,-1
35705.077,1,1189737,800,196500,-1
35705.976,1,1190544,100,196200,-1
35708.088,2,1186631,1000,195720,1
35709.062,4,1188368,68,196000,1
35709.186,2,1141612,1000,195700,1
35709.385,1,1193750,500,196100,-1
35709.397,1,1193763,500,196100,-1
35709.45,4,1188368,17,196000,1
35709.782,4,1188368,915,196000,1
35710.261,5,1189257,200,196000,1
35710.543,1,1194920,1000,195110,1
35710.766,2,1181886,100,196200,-1
35711.026,2,1190544,100,196200,-1
35711.239,5,1189257,285,196000,1
35711.399,1,1195652,100,196100,-1
35712.011,2,1194920,1000,195110,1
35712.132,1,1196286,500,195110,1
35712.167,5,1189257,100,196000,1
35712.56,5,1186660,19,195770,1
35713.101,2,1195652,100,196100,-1
35713.863,2,1196286,500,195110,1
35713.878,2,1174900,100,196300,-1
35713.892,1,1197810,100,195500,1
35713.995,1,1197890,600,195510,1
35714.004,2,1197890,600,195510,1
35714.05,1,1197960,300,195510,1
35714.4,2,1193750,500,196100,-1
35715.953,2,1197960,300,195510,1
35716.063,1,1199724,700,195510,1
35717.166,2,1199724,700,195510,1
35717.882,2,958455,200,197300,-1
35717.902,1,1201419,300,199200,-1
35718.749,1,1202067,900,195510,1
35721.401,2,1202067,900,195510,1
35721.449,1,1204000,500,195520,1
35723.796,2,1204000,500,195520,1
35723.998,1,1205807,900,195510,1
35724.323,2,1205807,900,195510,1
35724.551,1,1206185,500,195510,1
35725.105,2,1206185,500,195510,1
35725.75,1,1207150,900,195510,1
35725.821,2,1207150,900,195510,1
35725.965,1,1207370,500,195510,1
35729.566,5,1205068,32,195810,1
35730.075,2,1207370,500,195510,1
35730.126,1,1211537,188,196000,-1
35730.301,2,1197810,100,195500,1
35730.373,1,1211803,1000,195110,1
35732.272,2,1211537,188,196000,-1
35732.282,1,1214327,188,195900,-1
35732.856,2,1193763,500,196100,-1
35733.155,1,1215400,188,195900,-1
35734.146,5,1205068,22,195810,1
35734.341,1,1216728,100,195890,-1
35734.71,2,1214327,188,195900,-1
35734.71,2,1215400,188,195900,-1
35734.712,5,1205068,18,195810,1
35734.712,1,1217087,170,195800,-1
35734.716,1,1217090,188,195800,-1
35735.244,2,1211803,1000,195110,1
35735.278,1,1217559,600,195120,1
35736.036,1,1218270,500,194300,1
35737.689,2,1216728,100,195890,-1
35738.046,5,1220041,33,195510,1
35738.324,1,1220350,100,195800,-1
35738.517,1,1220474,1100,195200,1
35738.602,2,1217559,600,195120,1
35738.644,1,1220584,500,195210,1
35738.685,1,1220630,600,195800,-1
35739.356,2,1220584,500,195210,1
35739.781,2,1217087,170,195800,-1
35739.782,2,1217090,188,195800,-1
35739.784,1,1221572,170,195700,-1
35739.788,1,1221577,188,195700,-1
35739.818,1,1221599,900,195210,1
35739.837,2,96070,350,150000,1
35739.923,2,1221572,170,195700,-1
35739.986,2,1221577,188,195700,-1
35740.279,2,1220350,100,195800,-1
35740.3,1,1222076,300,170000,1
35741.05,1,1222716,100,195600,-1
35742.271,5,1218330,100,195500,1
35742.392,5,1220317,19,195400,1
35742.898,2,1220474,1100,195200,1
35743.181,2,1221599,900,195210,1
35743.343,1,1224825,600,195110,1
35743.88,5,1222131,500,195590,-1
35743.88,4,1222716,100,195600,-1
35743.88,5,1222079,400,195600,-1
35743.88,2,1220630,600,195800,-1
35743.963,2,1162930,1000,196690,-1
35744.011,1,1225420,1300,193800,1
35744.043,2,1224825,600,195110,1
35744.473,1,1225787,700,195110,1
35744.541,2,1225787,700,195110,1
35744.605,1,1225916,1000,196490,-1
35744.846,1,1226186,1100,195000,1
35746.482,2,1226186,1100,195000,1
35746.628,1,1227892,200,194900,1
35746.628,1,1227894,500,195500,-1
35746.982,5,1223450,33,195400,1
35747.475,2,1227892,200,194900,1
35747.498,5,1223450,67,195400,1
35747.618,2,1225916,1000,196490,-1
35748.753,1,1230244,1200,195800,-1
35748.81,2,1189737,800,196500,-1
35749.497,1,1231002,1000,195110,1
35750.073,2,1230244,1200,195800,-1
35750.224,1,1231711,200,195400,-1
35750.767,2,1231711,200,195400,-1
35751.122,1,1232563,300,195400,-1
35751.526,2,1227894,500,195500,-1
35751.759,1,1233239,100,195500,-1
35752.026,4,1232563,100,195400,-1
35752.197,4,1232563,200,195400,-1
35752.405,2,1231002,1000,195110,1
35752.484,1,1233874,600,195110,1
35753.728,2,1233874,600,195110,1
35753.966,1,1235274,1000,195110,1
35754.533,1,1235732,500,195400,1
35755.142,5,1236060,100,195410,1
35755.241,5,1236269,60,195420,1
35755.341,2,269821,60,196700,-1
35755.366,1,1236447,60,196700,-1
35755.548,2,1235732,500,195400,1
35755.628,1,1236691,100,195400,1
35756.367,2,1236447,60,196700,-1
35756.538,1,1237726,800,195200,1
35756.55,2,1236691,100,195400,1
35756.659,2,1235274,1000,195110,1
35756.706,1,1237931,700,195210,1
35757.366,2,1237931,700,195210,1
35757.469,1,1238801,1000,195210,1
35757.665,4,1233239,100,195500,-1
35757.807,1,1239246,1000,196500,-1
35757.813,2,1239246,1000,196500,-1
35758.044,1,1239530,1000,196500,-1
35758.058,2,1239530,1000,196500,-1
35758.985,1,1240542,100,195400,1
35759.431,2,1238801,1000,195210,1
35759.484,1,1241056,400,196600,-1
35760.717,1,1242485,200,195600,-1
35760.809,2,1241056,400,196600,-1
35761.249,1,1243025,100,195500,1
35762.313,2,1242485,200,195600,-1
35762.371,1,1244264,700,196600,-1
35762.87,2,1244264,700,196600,-1
35763.039,1,1244917,900,196600,-1
35764.257,1,1246058,1700,195570,-1
35769.592,4,1246058,600,195570,-1
35771.742,2,1244917,900,196600,-1
35772.469,2,1243025,100,195500,1
35773.088,1,1255712,100,195510,1
35775.003,4,1246058,1100,195570,-1
35775.213,5,1257572,340,195560,1
35775.213,5,1257563,160,195550,1
35775.225,5,1257563,15,195550,1
35775.229,1,1257752,900,196600,-1
35775.723,5,1257563,225,195550,1
35775.723,5,1257571,500,195550,1
35775.723,4,1255712,100,195510,1
35775.723,5,1245417,300,195510,1
35776.132,2,543260,55,183300,1
35776.232,2,1257752,900,196600,-1
35776.39,1,1258700,800,196600,-1
35776.586,2,1258700,800,196600,-1
35776.618,5,1258217,500,195510,1
35776.801,1,1259054,600,196600,-1
35777.505,5,1259043,1000,195430,1
35777.505,4,1240542,100,195400,1
35777.505,5,1254957,100,195400,1
35777.505,5,1258487,100,195400,1
35777.718,1,1259798,100,195210,1
35777.747,2,1259798,100,195210,1
35777.802,2,1166146,1000,195000,1
35778.399,2,1259054,600,196600,-1
35778.484,1,1260444,1000,196590,-1
35778.514,2,1237726,800,195200,1
35778.52,1,1260474,900,195900,-1
35778.608,1,1260571,1200,194900,1
35778.624,2,1260444,1000,196590,-1
35778.627,1,1260589,300,195110,1
35778.846,2,1260589,300,195110,1
35779.027,1,1260874,700,195890,-1
35779.287,2,1260874,700,195890,-1
35779.48,1,1261214,1000,195890,-1
35780.103,2,1261214,1000,195890,-1
35780.136,1,1261651,600,195880,-1
35780.289,2,1261651,600,195880,-1
35780.388,1,1261842,800,195890,-1
35782.317,1,1263564,100,195490,-1
35782.402,2,1261842,800,195890,-1
35783.918,2,1263564,100,195490,-1
35784.154,1,1265105,1000,195890,-1
35784.533,1,1265436,100,195390,-1
35785.014,1,1265909,1000,194500,1
35787.185,2,1265436,100,195390,-1
35787.774,1,1267976,100,195300,-1
35792.906,2,1260571,1200,194900,1
35795.873,2,1267976,100,195300,-1
35797.211,2,1265105,1000,195890,-1
35797.329,1,1273850,800,195000,1
35799.21,2,1110081,4000,195100,1
35800.073,1,1275469,800,195890,-1
35800.582,1,1275941,1000,195010,1
35804.87,2,1275941,1000,195010,1
35804.902,1,1279209,600,195020,1
35805.312,2,1279209,600,195020,1
35805.737,1,1280054,300,195010,1
35806.904,2,1273850,800,195000,1
35807.397,2,1280054,300,195010,1
35807.496,1,1282015,800,194510,1
35807.555,2,1282015,800,194510,1
35807.699,1,1282247,500,194520,1
35808.692,5,1281777,100,195290,-1
35808.692,1,1283177,900,195290,1
35809.375,4,1283177,300,195290,1
35809.543,4,1283177,500,195290,1
35809.982,4,1283177,100,195290,1
35810.143,1,1284663,1000,195290,1
35810.678,4,1284663,900,195290,1
35810.987,1,1285590,188,195300,-1
35811.008,4,1284663,100,195290,1
35811.399,5,1285616,300,195250,-1
35811.399,5,1285609,400,195260,-1
35811.399,5,1285716,300,195260,-1
35811.816,5,1285716,176,195260,-1
35811.816,1,1286424,824,195290,1
35811.93,4,1286424,88,195290,1
35811.997,4,1286424,100,195290,1
35812.35,4,1286424,160,195290,1
35813.364,4,1286424,476,195290,1
35813.635,1,1288347,1000,195290,-1
35816.12,1,1290459,223,195300,-1
35823.274,1,1296145,97,195300,-1
35823.426,2,1005870,200,194100,1
35823.443,1,1296292,100,194800,1
35823.533,2,1282247,500,194520,1
35823.576,1,1296424,600,194810,1
35826.322,5,1298186,100,195200,1
35827.102,5,1298186,815,195200,1
35827.102,5,1299009,85,195160,1
35829.649,2,1285590,188,195300,-1
35829.654,1,1301342,188,195200,-1
35830.616,2,1296424,600,194810,1
35830.682,1,1302144,900,194810,1
35830.732,2,1302144,900,194810,1
35832.526,1,1303526,100,195200,-1
35832.95,2,1301342,188,195200,-1
35832.952,1,1303881,188,195100,-1
35833.369,1,1304130,750,195090,1
35833.405,2,1303526,100,195200,-1
35833.548,4,1304130,17,195090,1
35833.576,1,1304310,1000,195090,1
35834.123,1,1304729,100,195100,-1
35834.378,2,1288347,1000,195290,-1
35834.551,2,1303881,188,195100,-1
35834.553,4,1304130,188,195090,1
35835.402,2,1296292,100,194800,1
35835.407,1,1305525,100,194600,1
35836.366,2,1304130,545,195090,1
35836.577,2,1304310,1000,195090,1
35836.644,1,1306501,1000,194610,1
35837.201,2,1225420,1300,193800,1
35838.734,1,1307990,3000,195000,-1
35839.053,1,1308219,188,195100,-1
35839.767,2,1308219,188,195100,-1
35839.771,1,1308808,188,195000,-1
35839.977,2,1304729,100,195100,-1
35840.578,2,1290459,223,195300,-1
35841.609,2,1305525,100,194600,1
35841.633,1,1310212,200,194400,1
35841.749,1,1310299,100,195100,-1
35846.486,2,1307990,3000,195000,-1
35846.494,4,1308808,188,195000,-1
35846.494,5,1308186,100,195000,-1
35846.494,5,1309475,12,195000,-1
35846.712,2,1296145,97,195300,-1
35847.182,4,1310299,100,195100,-1
35847.572,1,1313937,100,195100,1
35847.575,2,1306501,1000,194610,1
35849.566,5,1314843,200,195210,1
35849.673,1,1315278,1000,195000,1
35849.966,1,1315452,400,195200,1
35850.04,1,1315515,9000,195200,1
35851.492,2,1260474,900,195900,-1
35851.494,1,1316380,1100,195600,-1
35851.572,2,1275469,800,195890,-1
35851.703,2,1315515,9000,195200,1
35851.751,1,1316603,1000,195590,-1
35852.164,2,1316603,1000,195590,-1
35852.439,1,1317001,700,195590,-1
35852.617,2,1317001,700,195590,-1
35852.622,2,1313937,100,195100,1
35852.819,1,1317234,700,195590,-1
35852.849,2,1317234,700,195590,-1
35852.979,1,1317315,500,195590,-1
35853.008,2,1317315,500,195590,-1
35853.228,1,1317442,700,195590,-1
35853.251,2,1317442,700,195590,-1
35853.402,1,1317532,700,195590,-1
35853.428,2,1317532,700,195590,-1
35853.594,1,1317654,700,195590,-1
35853.598,2,1317654,700,195590,-1
35853.852,1,1317786,600,195590,-1
35853.858,2,1317786,600,195590,-1
35853.876,2,1315278,1000,195000,1
35854.046,1,1317921,500,195590,-1
35854.156,1,1317994,500,194500,1
35854.786,2,1316380,1100,195600,-1
35854.911,2,1317921,500,195590,-1
35855.162,1,1319083,1000,196300,-1
35855.643,2,1319083,1000,196300,-1
35855.698,1,1319583,1000,196290,-1
35855.74,2,1319583,1000,196290,-1
35855.783,1,1319692,1000,196280,-1
35855.867,2,1319692,1000,196280,-1
35855.91,1,1319826,1000,192600,1
35855.96,1,1319863,1000,196400,-1
35856.14,1,1320058,100,195220,1
35858.204,2,1320058,100,195220,1
35858.47,1,1322211,1000,195300,1
35858.773,1,1322471,545,195200,1
35858.775,1,1322473,1050,195200,1
35859.473,2,1315452,400,195200,1
35859.475,1,1323033,400,195300,1
35859.681,1,1323219,100,195230,1
35860.153,2,1323219,100,195230,1
35860.225,2,1322211,1000,195300,1
35860.682,1,1324034,100,195300,1
35860.795,2,1323033,400,195300,1
35861.097,1,1324297,2000,195500,-1
35861.241,1,1324405,1200,195800,-1
35861.603,2,1324034,100,195300,1
35862.13,1,1325196,100,195310,1
35863.206,2,1325196,100,195310,1
35863.783,5,1325247,100,195450,-1
35863.911,2,1265909,1000,194500,1
35864.203,1,1327029,1000,195000,1
35864.422,2,1324405,1200,195800,-1
35864.998,1,1327701,1200,195800,-1
35867.842,5,1330085,100,195400,-1
35874.197,2,1327029,1000,195000,1
35889.117,2,1324297,2000,195500,-1
35889.124,1,1344606,1000,195000,1
35889.199,2,1319863,1000,196400,-1
35889.59,1,1344914,1000,195790,-1
35891.58,1,1346014,1000,195700,-1
35891.915,1,1346177,1000,195420,1
35899.151,4,1346177,28,195420,1
35899.81,2,1346177,972,195420,1
35902.829,2,1344606,1000,195000,1
35903.649,2,1344914,1000,195790,-1
35903.763,1,1353705,1000,195690,-1
35905.575,2,1353705,1000,195690,-1
35906.823,1,1355663,1000,195690,-1
35906.858,1,1355694,1000,195000,1
35910.286,2,99039,100,199500,-1
35914.834,2,1355663,1000,195690,-1
35914.869,1,1360416,600,195680,-1
35916.24,2,1360416,600,195680,-1
35916.522,1,1361248,900,195690,-1
35918.071,2,803860,200,192700,1
35920.146,5,1362838,63,195300,1
35920.146,1,1362871,37,195300,-1
35924.407,2,1362871,37,195300,-1
35932.248,1,1370555,37,195300,-1
35939.937,2,1370555,37,195300,-1
35940.818,1,1375647,37,195290,-1
35941.116,1,1375819,1000,194900,1
35941.349,5,1375471,500,195250,1
35941.59,4,1375647,37,195290,-1
35941.885,5,1376139,500,195320,1
35942.258,5,1376101,100,195300,1
35942.328,1,1376551,500,195310,1
35942.494,5,1376641,500,195340,1
35942.506,4,1376551,500,195310,1
35943.012,1,1377031,500,195300,1
35943.419,4,1377031,200,195300,1
35943.507,2,1377031,300,195300,1
35943.591,2,1361248,900,195690,-1
35943.643,1,1377401,900,195680,-1
35943.669,2,1377401,900,195680,-1
35943.906,1,1377524,200,195300,1
35943.948,1,1377539,1000,195690,-1
35944.207,4,1377524,200,195300,1
35956.182,2,1327701,1200,195800,-1
35956.365,2,1377539,1000,195690,-1
35961.755,1,1389343,800,195900,-1
35961.987,2,1355694,1000,195000,1
35962.309,1,1389739,1000,195500,1
35963.259,1,1390235,100,195500,1
35965.779,1,1391702,600,195600,-1
35966.165,2,1389739,1000,195500,1
35970.339,2,1390235,100,195500,1
35970.744,1,1394109,300,195210,1
35970.865,1,1394195,1000,195000,1
35971.259,1,1394457,100,195400,1
35973.513,2,1394109,300,195210,1
35973.908,1,1396462,1700,195600,-1
35974.13,2,1396462,1700,195600,-1
35974.132,1,1396713,1700,195500,-1
35974.171,4,1394457,100,195400,1
35976.031,1,1398480,188,195500,-1
35976.038,1,1398486,223,195400,-1
35977.215,2,1391702,600,195600,-1
35977.278,2,1398480,188,195500,-1
35977.279,2,1396713,1700,195500,-1
35977.281,1,1399268,188,195400,-1
35977.283,1,1399269,1700,195400,-1
35986.972,1,1404738,200,195400,-1
35987.63,2,1201419,300,199200,-1
35987.653,1,1405194,200,197200,-1
35991.747,4,1398486,223,195400,-1
35991.747,4,1399268,188,195400,-1
35991.747,4,1399269,1700,195400,-1
35991.747,4,1404738,200,195400,-1
35993.974,1,1409817,1000,195690,-1
35994.614,2,1409817,1000,195690,-1
35996.799,1,1411368,1000,195690,-1
35997.138,1,1411576,500,195400,1
35997.54,2,1411368,1000,195690,-1
35997.644,2,1411576,500,195400,1
36003.896,1,1417673,200,195500,-1
36003.907,1,1417680,200,195500,-1
36007.689,2,1389343,800,195900,-1
36007.69,1,1421300,900,195600,-1
36007.703,2,1375819,1000,194900,1
36008.645,2,1417680,200,195500,-1
36008.656,2,1417673,200,195500,-1
36008.893,1,1422488,300,195400,-1
36009.088,1,1422676,2888,189800,1
36009.713,2,1421300,900,195600,-1
36009.804,1,1423283,1000,195700,-1
36011.653,1,1424632,188,195300,-1
36013.679,1,1426020,700,195300,-1
36014.595,5,1424645,400,195220,1
36014.595,5,1417342,500,195210,1
36014.595,4,1322471,100,195200,1
36014.972,4,1322471,445,195200,1
36014.972,4,1322473,455,195200,1
36015.546,4,1424632,188,195300,-1
36015.546,4,1426020,612,195300,-1
36016.097,1,1428058,100,195300,-1
36016.142,1,1428104,223,195300,-1
36016.283,2,1026821,58,172300,1
36016.727,4,1322473,595,195200,1
36017.836,2,1428058,100,195300,-1
36019.322,1,1430854,100,195290,-1
36019.899,5,1431141,172,195220,1
36020.243,2,1310212,200,194400,1
36020.273,1,1431702,100,194700,1
36021.414,2,1394195,1000,195000,1
36021.682,1,1433253,1000,194710,1
36024.306,2,534391,100,194100,1
36024.718,1,1435975,100,185000,1
36026.337,1,1437498,1000,194500,1
36026.695,2,1431702,100,194700,1
36026.714,1,1437841,200,194400,1
36030.421,1,1441920,1000,195300,-1
36031.468,2,1426020,88,195300,-1
36031.492,2,1422488,300,195400,-1
36032.289,2,1430854,100,195290,-1
36032.767,2,1441920,1000,195300,-1
36032.774,1,1444071,1000,195200,-1
36032.898,1,1444173,100,195300,-1
36035.605,1,1447183,300,195200,-1
36036.644,1,1448537,223,195200,-1
36036.746,2,1428104,223,195300,-1
36037.086,2,1444173,100,195300,-1
36037.337,1,1449247,223,195200,-1
36037.617,2,1437841,200,194400,1
36037.62,1,1449537,200,193900,1
36038.97,1,1450801,100,195090,-1
36040.488,2,1448537,223,195200,-1
36040.489,2,1423283,1000,195700,-1
36040.53,1,1452088,1100,195400,-1
36040.773,1,1452296,223,195100,-1
36040.789,2,1449247,223,195200,-1
36040.966,1,1452439,188,195100,-1
36043.333,2,1433253,1000,194710,1
36043.668,1,1454601,1000,194510,1
36045.536,2,1452296,223,195100,-1
36045.725,1,1456472,223,195000,-1
36046.605,2,1452439,188,195100,-1
36046.61,1,1457162,188,195000,-1
36046.704,2,1447183,300,195200,-1
36047.573,2,1450801,100,195090,-1
36048.235,1,1458859,100,194990,-1
36053.135,2,1444071,1000,195200,-1
36053.84,2,1457162,188,195000,-1
36054.142,1,1464589,500,195000,-1
36056.364,1,1466916,223,195000,-1
36059.302,2,1464589,500,195000,-1
36060.938,2,1466916,223,195000,-1
36061.084,2,1456472,223,195000,-1
36061.445,2,1458859,100,194990,-1
36061.466,1,1471430,223,194900,-1
36061.544,1,1471496,1000,195390,-1
36062.413,1,1472164,100,194890,-1
36064.127,2,1452088,1100,195400,-1
36064.13,1,1473785,900,195100,-1
36070.378,2,1218270,500,194300,1
36071.584,2,1346014,1000,195700,-1
36071.785,2,1454601,1000,194510,1
36071.962,1,1478781,1000,194510,1
36074.404,2,1473785,900,195100,-1
36076.756,1,1483048,1100,195200,-1
36078.2,2,1478781,1000,194510,1
36078.402,1,1484435,600,194510,1
36078.426,2,1484435,600,194510,1
36080.481,2,1471430,223,194900,-1
36081.44,1,1486648,800,194510,1
36082.085,1,1487159,500,193300,1
36082.237,1,1487276,10000,194500,1
36083.129,2,1483048,1100,195200,-1
36083.584,2,1472164,100,194890,-1
36083.64,2,1471496,1000,195390,-1
36084.049,1,1488933,1000,195890,-1
36084.59,1,1489459,1000,194500,1
36084.659,2,1449537,200,193900,1
36084.694,1,1489583,100,194400,1
36086.378,1,1491085,500,194900,1
36086.925,2,1491085,500,194900,1
36087.46,1,1491905,900,195300,-1
36087.69,1,1492079,600,195000,-1
36089.362,4,1492079,600,195000,-1
36089.553,2,1437498,1000,194500,1
36090.011,1,1493461,1000,195000,1
36092.584,2,1491905,900,195300,-1
36092.763,1,1495286,1000,195500,-1
36092.817,2,1488933,1000,195890,-1
36092.961,1,1495408,600,195490,-1
36097.915,2,1317994,500,194500,1
36098.209,2,1495286,1000,195500,-1
36098.333,1,1498660,500,194000,1
36099.792,2,1495408,600,195490,-1
36100.751,1,1500560,1000,196120,-1
36104.602,1,1503224,1000,195600,-1
36104.781,2,1500560,1000,196120,-1
36105.07,1,1503527,1000,195590,-1
36105.113,2,177539,1000,186000,1
36105.592,1,1503851,1000,191000,1
36106.202,2,1503527,1000,195590,-1
36106.481,1,1504372,800,195590,-1
36106.979,1,1504697,172,195120,1
36116.489,5,1505309,95,195300,1
36116.489,1,1510789,905,195300,-1
36121.494,2,1489583,100,194400,1
36121.516,1,1513899,200,194400,1
36133.223,2,1510789,905,195300,-1
36134.476,5,1521780,100,195270,-1
36136.187,2,1503224,1000,195600,-1
36136.337,2,1504372,800,195590,-1
36136.484,1,1523694,1200,195700,-1
36138.548,2,1504697,172,195120,1
36138.739,2,1486648,800,194510,1
36138.746,2,1493461,1000,195000,1
36138.964,1,1525768,1000,194510,1
36139.116,1,1525893,1000,195300,1
36139.25,2,1523694,1200,195700,-1
36139.268,1,1526009,1100,195800,-1
36140.277,1,1526768,800,195790,-1
36141.967,2,1526768,800,195790,-1
36142.582,2,1525768,1000,194510,1
36142.649,2,1525893,1000,195300,1
36142.719,1,1528304,1000,194510,1
36144.322,2,1526009,1100,195800,-1
36144.433,1,1529945,1000,196600,-1
36145.107,1,1530584,600,196000,-1
36145.236,2,1529945,1000,196600,-1
36145.418,1,1530894,1000,195990,-1
36145.532,2,1530894,1000,195990,-1
36146.541,2,1530584,600,196000,-1
36146.585,1,1532056,400,196100,-1
36146.64,1,1532123,1000,196090,-1
36147.014,2,1532123,1000,196090,-1
36147.086,1,1532578,1000,196080,-1
36147.116,2,1532578,1000,196080,-1
36147.163,1,1532634,1000,196070,-1
36147.294,1,1532744,100,195800,-1
36147.388,2,1532634,1000,196070,-1
36147.695,5,1532756,400,195750,-1
36147.695,5,1532773,100,195760,-1
36148.949,1,1534196,100,195800,-1
36150.95,1,1535706,200,195800,-1
36151.792,5,1535969,100,195700,1
36152.985,1,1536941,100,195300,1
36153.16,2,1528304,1000,194510,1
36153.402,1,1537136,1000,195310,1
36153.828,4,1532744,100,195800,-1
36153.828,4,1534196,100,195800,-1
36153.828,4,1535706,200,195800,-1
36154.001,1,1537496,700,196090,-1
36154.344,2,1537496,700,196090,-1
36154.492,1,1537756,500,196090,-1
36155.374,1,1538184,100,195800,-1
36156.903,2,1537136,1000,195310,1
36156.954,1,1539125,700,195320,1
36157.015,2,1539125,700,195320,1
36157.031,2,1532056,400,196100,-1
36157.237,1,1539408,1000,195310,1
36157.495,1,1539591,1000,196100,-1
36158.081,2,1539408,1000,195310,1
36158.12,1,1539993,600,195320,1
36158.192,2,1537756,500,196090,-1
36158.46,2,1536941,100,195300,1
36160.864,1,1541796,1000,195000,1
36170.038,1,1547624,500,196000,-1
36170.755,2,1539993,600,195320,1
36170.807,1,1548005,300,195330,1
36171.307,2,1548005,300,195330,1
36171.423,1,1548270,500,195010,1
36171.505,2,1548270,500,195010,1
36171.562,1,1548361,700,195020,1
36171.802,2,1548361,700,195020,1
36171.856,1,1548517,1000,195030,1
36172.989,2,1548517,1000,195030,1
36173.145,1,1549110,600,195010,1
36173.373,2,1538184,100,195800,-1
36173.475,1,1549266,1000,195990,-1
36173.614,2,1549110,600,195010,1
36173.696,1,1549392,1000,195020,1
36174.035,2,1549266,1000,195990,-1
36174.185,1,1549649,800,195990,-1
36174.211,2,1549649,800,195990,-1
36174.4,1,1549742,800,195990,-1
36174.429,2,1549742,800,195990,-1
36174.623,1,1549838,700,195990,-1
36174.65,2,1549838,700,195990,-1
36174.833,1,1549953,800,195990,-1
36174.858,2,1549953,800,195990,-1
36175.097,5,1536334,100,195600,1
36175.187,1,1550075,800,195990,-1
36175.22,2,1550075,800,195990,-1
36175.415,1,1550167,700,195990,-1
36175.418,2,1550167,700,195990,-1
36175.604,1,1550248,600,195990,-1
36175.605,2,1550248,600,195990,-1
36175.718,1,1550311,600,195990,-1
36175.746,2,1550311,600,195990,-1
36175.805,1,1550352,600,195990,-1
36175.885,2,1550352,600,195990,-1
36175.945,1,1550411,600,195990,-1
36175.952,2,1550411,600,195990,-1
36176.178,1,1550527,1000,195990,-1
36176.18,2,1550527,1000,195990,-1
36176.284,1,1550575,1000,195990,-1
36176.293,2,1550575,1000,195990,-1
36176.45,1,1550657,1000,195990,-1
36176.453,2,1550657,1000,195990,-1
36176.929,1,1550867,1000,195990,-1
36181.291,2,1550867,1000,195990,-1
36181.317,5,1550484,500,195510,1
36181.317,5,1550518,500,195510,1
36181.345,1,1552884,800,195980,-1
36181.803,5,1553013,200,195600,1
36182.113,2,1552884,800,195980,-1
36182.277,1,1553504,700,195990,-1
36182.302,2,1553504,700,195990,-1
36182.475,1,1553638,900,195990,-1
36182.48,2,1553638,900,195990,-1
36182.533,1,1553673,900,195990,-1
36182.693,2,1549392,1000,195020,1
36182.718,2,1553673,900,195990,-1
36182.749,1,1553850,700,195030,1
36182.982,5,1553608,200,195600,1
36183.159,1,1554117,700,195990,-1
36183.181,2,1554117,700,195990,-1
36183.188,2,1553850,700,195030,1
36183.271,1,1554196,700,195990,-1
36183.273,1,1554197,1000,195040,1
36183.526,2,1554196,700,195990,-1
36183.805,2,1554197,1000,195040,1
36183.809,1,1554563,900,195990,-1
36183.959,1,1554657,400,195010,1
36184.186,1,1554783,2500,195300,1
36184.566,2,1554657,400,195010,1
36185.269,2,1554563,900,195990,-1
36185.382,1,1555379,1000,195980,-1
36185.535,2,1555379,1000,195980,-1
36185.602,1,1555503,1000,195970,-1
36185.605,2,1555503,1000,195970,-1
36185.781,1,1555612,1000,195990,-1
36186.017,2,1555612,1000,195990,-1
36186.099,1,1555751,900,195980,-1
36189.23,2,1539591,1000,196100,-1
36189.274,1,1557352,500,195800,-1
36191.128,2,1557352,500,195800,-1
36191.254,2,1555751,900,195980,-1
36191.309,1,1558534,900,195970,-1
36191.312,2,1558534,900,195970,-1
36191.421,1,1558606,900,195990,-1
36191.445,2,1558606,900,195990,-1
36191.518,1,1558650,900,195980,-1
36191.546,2,1558650,900,195980,-1
36191.698,1,1558748,1000,195970,-1
36191.703,2,1558748,1000,195970,-1
36191.818,1,1558811,1000,195990,-1
36191.844,2,1558811,1000,195990,-1
36191.951,1,1558878,1000,196000,-1
36192.012,1,1558909,1000,195990,-1
36192.015,2,1558909,1000,195990,-1
36192.39,1,1559121,1000,195990,-1
36192.397,2,1559121,1000,195990,-1
36192.474,1,1559168,700,195990,-1
36192.647,2,1559168,700,195990,-1
36192.744,1,1559305,700,195990,-1
36192.798,2,1559305,700,195990,-1
36192.857,1,1559383,700,195990,-1
36192.886,2,1559383,700,195990,-1
36193.267,1,1559629,600,195990,-1
36193.298,2,1559629,600,195990,-1
36193.542,1,1559776,700,195990,-1
36193.576,2,1559776,700,195990,-1
36193.762,1,1559896,900,195990,-1
36193.815,2,1559896,900,195990,-1
36193.934,1,1559985,900,195990,-1
36193.973,2,1559985,900,195990,-1
36194.155,1,1560076,900,195990,-1
36194.16,2,1560076,900,195990,-1
36194.211,1,1560101,900,195990,-1
36194.238,2,1560101,900,195990,-1
36194.311,1,1560137,900,195990,-1
36194.315,2,1560137,900,195990,-1
36194.351,1,1560159,900,195310,1
36194.38,1,1560173,900,195990,-1
36194.407,2,1560173,900,195990,-1
36194.576,1,1560284,900,195990,-1
36194.589,2,1560284,900,195990,-1
36194.649,1,1560326,900,195990,-1
36194.68,2,1560326,900,195990,-1
36194.863,1,1560428,700,195990,-1
36194.89,2,1560428,700,195990,-1
36195.201,1,1560560,900,195990,-1
36195.231,2,1560560,900,195990,-1
36195.367,1,1560628,700,195990,-1
36195.371,2,1560628,700,195990,-1
36195.693,1,1560816,900,195990,-1
36195.758,2,1560816,900,195990,-1
36195.868,1,1560906,700,195990,-1
36195.882,2,1560906,700,195990,-1
36195.934,1,1560944,700,195990,-1
36196.834,2,1560944,700,195990,-1
36197.018,2,1560159,900,195310,1
36197.046,1,1561463,700,195990,-1
36197.048,2,1561463,700,195990,-1
36197.072,1,1561470,600,195320,1
36197.261,1,1561548,900,195990,-1
36197.291,2,1561548,900,195990,-1
36197.493,1,1561656,900,195990,-1
36197.496,2,1561656,900,195990,-1
36197.641,1,1561726,900,195990,-1
36197.67,2,1561726,900,195990,-1
36197.816,1,1561807,900,195990,-1
36197.841,2,1561807,900,195990,-1
36197.919,1,1561856,900,195990,-1
36197.973,2,1561856,900,195990,-1
36198.05,1,1561908,900,195990,-1
36198.052,2,1561908,900,195990,-1
36198.084,2,1561470,600,195320,1
36198.135,1,1561942,900,195990,-1
36198.16,2,1561942,900,195990,-1
36198.218,1,1561988,300,195310,1
36198.319,1,1562029,900,195990,-1
36198.346,2,1562029,900,195990,-1
36198.438,1,1562084,700,195990,-1
36198.44,2,1562084,700,195990,-1
36198.532,1,1562130,700,195990,-1
36198.538,2,1562130,700,195990,-1
36198.793,1,1562263,900,195990,-1
36198.818,2,1562263,900,195990,-1
36198.934,1,1562313,900,195990,-1
36198.936,2,1562313,900,195990,-1
36198.964,2,1561988,300,195310,1
36199.121,1,1562442,900,195990,-1
36199.151,2,1562442,900,195990,-1
36199.34,1,1562611,900,195990,-1
36199.368,2,1562611,900,195990,-1
36199.53,1,1562741,700,195990,-1
36199.556,2,1562741,700,195990,-1
36199.709,1,1562898,700,195990,-1
36199.733,2,1562898,700,195990,-1
36199.915,1,1563028,700,195990,-1
36199.917,2,1563028,700,195990,-1
36200.11,1,1563124,700,195990,-1
36200.139,2,1563124,700,195990,-1
36200.356,1,1563263,900,195990,-1
36200.383,2,1563263,900,195990,-1
36200.538,1,1563346,900,195990,-1
36200.566,2,1563346,900,195990,-1
36200.669,1,1563431,900,195990,-1
36200.672,2,1563431,900,195990,-1
36200.897,1,1563566,900,195990,-1
36200.925,2,1563566,900,195990,-1
36201.094,1,1563681,700,195990,-1
36201.122,2,1563681,700,195990,-1
36201.33,1,1563812,700,195990,-1
36201.334,2,1563812,700,195990,-1
36201.527,1,1563929,700,195990,-1
36202.206,2,1563929,700,195990,-1
36202.286,5,1563428,100,195600,1
36202.315,1,1564346,900,195310,1
36202.373,1,1564388,700,195990,-1
36202.537,2,1564388,700,195990,-1
36202.64,1,1564562,700,195990,-1
36202.694,2,1564346,900,195310,1
36202.865,2,1564562,700,195990,-1
36203.057,1,1564771,900,195990,-1
36203.086,2,1564771,900,195990,-1
36203.306,1,1564891,900,195990,-1
36203.335,2,1564891,900,195990,-1
36203.493,1,1564971,1000,195310,1
36203.691,2,1564971,1000,195310,1
36203.72,1,1565129,900,195990,-1
36203.749,2,1565129,900,195990,-1
36203.936,1,1565246,900,195990,-1
36203.965,2,1565246,900,195990,-1
36204.121,1,1565346,900,195990,-1
36204.125,2,1565346,900,195990,-1
36204.209,1,1565393,700,195990,-1
36204.238,2,1565393,700,195990,-1
36204.374,1,1565504,700,195990,-1
36204.404,2,1565504,700,195990,-1
36204.559,1,1565643,900,195990,-1
36204.595,2,1565643,900,195990,-1
36204.647,1,1565731,900,195990,-1
36204.662,2,1565731,900,195990,-1
36204.755,1,1565845,900,195310,1
36204.788,1,1565875,900,195990,-1
36204.916,2,1565875,900,195990,-1
36205.164,1,1566144,700,195990,-1
36205.166,2,1566144,700,195990,-1
36205.225,1,1566208,700,195990,-1
36205.259,2,1566208,700,195990,-1
36205.416,2,1558878,1000,196000,-1
36205.436,1,1566416,900,195990,-1
36205.465,2,1566416,900,195990,-1
36205.54,1,1566520,1000,195990,-1
36205.561,2,1566520,1000,195990,-1
36205.931,1,1566910,1000,195990,-1
36205.933,2,1566910,1000,195990,-1
36206.202,1,1567113,1000,195990,-1
36206.234,2,1567113,1000,195990,-1
36206.421,1,1567319,1000,195990,-1
36206.423,2,1567319,1000,195990,-1
36206.69,1,1567580,1000,196000,-1
36207.231,1,1568075,1000,195990,-1
36207.449,2,1568075,1000,195990,-1
36207.985,1,1568622,1000,195990,-1
36208.009,2,1568622,1000,195990,-1
36208.198,1,1568787,600,195990,-1
36209.192,2,1568787,600,195990,-1
36210.348,1,1570389,100,195610,1
36212.379,2,1565845,900,195310,1
36212.387,2,1541796,1000,195000,1
36212.68,1,1572134,1000,195500,1
36213.051,2,1570389,100,195610,1
36213.653,1,1572803,80,195000,1
36214.238,1,1573183,100,195710,1
36214.649,1,1573460,400,196600,-1
36214.652,1,1573464,400,194600,1
36215.01,5,1573203,100,195750,1
36215.01,5,1573564,100,195750,1
36215.98,2,1567580,1000,196000,-1
36216.024,1,1574347,1000,196100,-1
36217.593,2,1573183,100,195710,1
36218.357,1,1576322,100,195600,1
36222.018,1,1578964,700,195800,-1
36222.277,2,1576322,100,195600,1
36223.164,1,1579720,3250,195710,-1
36223.167,1,1579724,750,195710,-1
36223.505,2,1572134,1000,195500,1
36224.043,4,1579720,100,195710,-1
36224.86,1,1581033,100,195800,-1
36226.168,2,1579720,3150,195710,-1
36226.169,2,1579724,750,195710,-1
36226.323,5,1581883,300,195760,1
36226.323,5,1581903,500,195760,1
36226.323,1,1581936,2350,195710,-1
36226.343,1,1581951,750,195710,-1
36226.77,4,1581936,400,195710,-1
36227.411,2,1572803,80,195000,1
36227.67,4,1581936,300,195710,-1
36229.328,2,1581936,1650,195710,-1
36229.349,2,1581951,750,195710,-1
36231.078,4,1578964,700,195800,-1
36231.078,4,1581033,100,195800,-1
36231.078,1,1585239,1200,195800,1
36231.42,1,1585502,1000,195500,1
36233.013,1,1586586,1000,196000,-1
36233.557,1,1586896,500,195800,1
36235.918,2,1585239,1200,195800,1
36238.672,2,1586896,500,195800,1
36286.044,1,1619271,400,195700,1
36293.498,2,1573460,400,196600,-1
36293.504,2,1573464,400,194600,1
36293.528,1,1623183,200,196500,-1
36293.531,1,1623186,200,195100,1
36304.284,2,1623183,200,196500,-1
36304.288,1,1628743,600,196500,-1
36304.437,2,1623186,200,195100,1
36304.441,1,1628808,600,195200,1
36311.94,2,1619271,400,195700,1
36321.48,2,1628808,300,195200,1
36322.416,1,1637512,3750,195800,-1
36324.576,2,1628808,300,195200,1
36324.579,1,1638512,600,195200,1
36331.357,2,1574347,1000,196100,-1
36332.056,4,1637512,3700,195800,-1
36332.526,1,1642626,900,196100,-1
36332.719,4,1637512,50,195800,-1
36334.538,2,1628743,600,196500,-1
36334.545,1,1643973,300,196400,-1
36335.286,2,1585502,1000,195500,1
36335.713,1,1644806,1000,195800,1
36337.671,1,1646013,152,195890,1
36338.977,2,1642626,900,196100,-1
36339.243,1,1647082,1100,196300,-1
36340.672,2,1646013,152,195890,1
36340.799,1,1648097,600,196000,-1
36340.823,5,1644930,152,195980,-1
36340.848,1,1648117,100,196000,-1
36347.415,2,1644806,1000,195800,1
36356.228,1,1657099,100,196000,-1
36371.727,4,1547624,100,196000,-1
36372.694,1,1665194,100,196000,-1
36374.188,1,1665817,1000,195500,1
36383.454,2,1319826,1000,192600,1
36383.935,1,1670650,1000,194600,1
36397.716,1,1677850,100,195700,1
36403.971,2,1643973,300,196400,-1
36403.975,1,1681606,600,196500,-1
36408.87,1,1683807,300,195500,1
36410.843,1,1684689,50,195900,1
36414.053,4,1684689,50,195900,1
36414.755,2,1681606,600,196500,-1
36414.77,1,1686614,300,196400,-1
36418.015,5,1686394,500,195960,-1
36418.015,5,1688256,500,195960,-1
36418.015,5,1686390,100,195970,-1
36418.015,5,1686462,300,195970,-1
36419.483,5,1690063,200,195990,-1
36419.483,4,1547624,400,196000,-1
36419.483,4,1586586,1000,196000,-1
36419.483,4,1648097,600,196000,-1
36419.483,4,1648117,100,196000,-1
36419.515,1,1690153,500,195710,1
36419.661,2,1690153,500,195710,1
36420.181,2,1677850,100,195700,1
36420.278,1,1690696,1000,195510,1
36421.713,2,1665817,1000,195500,1
36422.134,4,1657099,100,196000,-1
36422.134,4,1665194,100,196000,-1
36422.134,1,1691874,800,196000,1
36422.309,1,1691990,1000,196290,-1
36423.361,1,1692547,500,196000,1
36425.517,2,1692547,500,196000,1
36426.861,2,1690696,1000,195510,1
36428.994,4,1691874,800,196000,1
36429.1,1,1695424,800,195510,1
36429.516,2,1695424,800,195510,1
36429.598,1,1695727,400,195510,1
36429.64,1,1695748,1000,196000,-1
36429.858,2,1695727,400,195510,1
36430.04,1,1695975,700,195510,1
36431.07,2,1695748,1000,196000,-1
36431.829,2,1695975,700,195510,1
36431.884,1,1696793,400,195520,1
36432.185,2,1696793,400,195520,1
36432.329,1,1696981,1000,195510,1
36432.506,2,1696981,1000,195510,1
36432.562,1,1697073,700,195520,1
36432.751,2,1697073,700,195520,1
36432.831,1,1697181,1000,195530,1
36433.001,2,1697181,1000,195530,1
36433.064,1,1697267,700,195540,1
36433.735,2,1697267,700,195540,1
36433.789,1,1697600,1000,195550,1
36434.017,2,1697600,1000,195550,1
36434.103,1,1697764,600,195560,1
36434.728,2,1697764,600,195560,1
36434.85,1,1698178,1000,195510,1
36440.555,2,1698178,1000,195510,1
36440.602,1,1701819,1000,197300,-1
36440.605,2,1691990,1000,196290,-1
36440.61,1,1701825,500,195520,1
36440.73,1,1701901,700,196290,-1
36441.898,2,1701825,500,195520,1
36441.991,1,1702652,900,195510,1
36443.075,1,1703215,500,195200,1
36444.152,2,1702652,900,195510,1
36444.193,1,1703810,500,195520,1
36446.873,2,1701901,700,196290,-1
36446.98,1,1705617,1000,196290,-1
36450.736,2,1703810,500,195520,1
36450.808,1,1707869,200,195530,1
36452.999,2,1707869,200,195530,1
36453.047,1,1709158,600,195540,1
36453.921,1,1709716,100,195400,1
36455.77,1,1711004,163,196000,-1
36458.613,1,1713859,100,195900,-1
36460.054,2,1711004,163,196000,-1
36460.238,1,1715304,163,195900,-1
36461.25,1,1716142,100,195890,-1
36466.762,2,1716142,100,195890,-1
36467.501,1,1720765,100,195900,-1
36472.144,2,1720765,100,195900,-1
36472.658,2,687216,1900,194200,1
36472.871,1,1724881,100,195890,-1
36474.845,1,1726669,1900,194800,1
36477.909,2,1709158,600,195540,1
36477.981,1,1728628,400,195510,1
36478.274,2,1724881,100,195890,-1
36478.32,2,1709716,100,195400,1
36478.564,2,1728628,400,195510,1
36478.687,1,1729013,800,195510,1
36479.326,2,1729013,800,195510,1
36479.88,1,1729619,100,195880,-1
36480.466,2,1715304,163,195900,-1
36480.524,2,1729619,100,195880,-1
36480.684,1,1730003,800,195510,1
36480.862,1,1730084,500,195800,-1
36480.882,2,1730003,800,195510,1
36481.079,1,1730208,500,195510,1
36481.195,1,1730258,100,195800,-1
36481.81,2,1730208,500,195510,1
36482.161,5,1730710,500,195790,-1
36482.161,5,1730722,500,195790,-1
36482.161,4,1730084,500,195800,-1
36482.161,4,1730258,100,195800,-1
36489.188,1,1735529,2000,193700,1
36492.6,1,1738168,600,195800,-1
36494.975,1,1739676,2000,195710,-1
36495.029,2,1713859,100,195900,-1
36497.976,2,1739676,2000,195710,-1
36498.128,5,1742091,500,195770,1
36498.128,5,1742124,500,195770,1
36498.128,1,1742205,1000,195710,-1
36501.135,2,1742205,1000,195710,-1
36502.313,2,101633,312,186700,1
36502.944,1,1745762,312,190000,1
36504.623,1,1746847,100,195800,-1
36506.065,4,1738168,500,195800,-1
36506.224,2,1746847,100,195800,-1
36511.26,1,1751296,100,195800,-1
36512.846,5,1745205,1600,195710,1
36512.846,1,1752284,400,195710,-1
36514.49,2,1751296,100,195800,-1
