34200.156,4,134848,1000,238100,-1
34200.156,4,136552,1000,238100,-1
34200.405,2,131064,110,237000,1
34200.411,1,140400,110,236910,1
34200.488,5,140276,70,238150,-1
34200.491,5,140276,430,238150,-1
34200.491,4,138536,420,238200,-1
34200.912,1,140823,100,237700,1
34201.051,2,140400,110,236910,1
34201.057,1,140959,110,236820,1
34201.257,1,141139,2000,238180,-1
34201.799,1,141569,2000,237620,1
34201.977,2,130035,110,238450,-1
34201.984,1,141735,110,238180,-1
34201.996,2,140959,110,236820,1
34202.004,1,141755,110,236450,1
34202.041,5,141181,100,237720,1
34202.087,1,141844,1000,130000,1
34202.41,2,141755,110,236450,1
34202.419,1,142072,110,236820,1
34202.469,2,141569,2000,237620,1
34202.8,1,142422,364,239230,-1
34202.823,2,142422,364,239230,-1
34202.828,1,142454,364,239750,-1
34202.836,2,141735,110,238180,-1
34202.84,1,142462,110,238090,-1
34202.935,1,142575,2000,237520,1
34202.989,2,140823,100,237700,1
34203.001,1,142643,200,237800,-1
34203.074,2,142575,2000,237520,1
34203.14,2,142454,364,239750,-1
34203.492,1,143018,2000,237320,1
34203.564,2,143018,2000,237320,1
34203.994,1,143448,9,237500,1
34204.038,1,143483,2000,237880,-1
34204.312,2,143483,2000,237880,-1
34204.962,2,142462,110,238090,-1
34204.967,1,144218,110,238000,-1
34205.104,1,144329,100,237500,1
34205.285,1,144432,100,237800,-1
34205.301,2,142072,110,236820,1
34205.306,1,144447,110,236450,1
34205.325,2,144447,110,236450,1
34205.33,1,144468,110,236820,1
34205.366,2,144468,110,236820,1
34205.371,1,144514,110,236450,1
34205.373,1,144517,100,240000,-1
34205.376,2,144514,110,236450,1
34205.383,1,144527,110,236820,1
34205.44,2,138774,364,236900,1
34205.451,1,144573,364,237280,1
34206.13,1,144994,500,237500,1
34206.286,5,142630,500,237570,1
34206.286,4,143448,9,237500,1
34206.286,4,144329,36,237500,1
34206.57,1,145292,2000,237980,-1
34206.79,2,141139,2000,238180,-1
34206.966,1,145576,100,240500,-1
34207.257,2,144573,364,237280,1
34207.272,1,145763,364,237140,1
34207.405,1,145851,2000,237800,-1
34207.56,1,145945,364,239480,-1
34207.846,2,145945,364,239480,-1
34207.851,1,146117,364,239370,-1
34207.86,2,145292,2000,237980,-1
34207.872,2,145763,364,237140,1
34207.877,1,146132,364,236930,1
34207.957,1,146172,2000,237220,1
34207.992,2,145851,2000,237800,-1
34208.123,2,146117,364,239370,-1
34208.128,1,146252,364,239450,-1
34208.393,2,146132,364,236930,1
34208.399,1,146386,364,237090,1
34208.553,1,146454,2000,237980,-1
34208.691,2,142643,200,237800,-1
34208.729,2,146386,364,237090,1
34208.733,1,146534,364,237140,1
34209.514,2,146534,364,237140,1
34209.52,1,147013,364,236930,1
34210.609,2,146252,364,239450,-1
34210.613,1,147773,364,239400,-1
34210.632,2,147773,364,239400,-1
34210.843,2,144432,100,237800,-1
34211.077,2,146454,2000,237980,-1
34211.1,1,148101,2000,237520,1
34211.12,1,148121,2000,120000,1
34211.259,1,148218,100,237300,1
34211.308,1,148251,364,239580,-1
34211.43,2,148101,2000,237520,1
34211.526,1,148372,100,237860,-1
34211.594,2,148372,100,237860,-1
34211.602,1,148405,100,237800,-1
34211.661,1,148449,2000,238080,-1
34212.125,2,148405,100,237800,-1
34212.241,2,148251,364,239580,-1
34212.246,1,148741,364,239480,-1
34212.65,5,148684,100,237550,1
34214.0,1,149516,100,237990,-1
34214.184,1,149615,1000,237510,1
34214.207,1,149635,150,241900,-1
34214.229,1,149649,2000,237420,1
34214.23,2,146172,2000,237220,1
34214.573,2,148741,364,239480,-1
34214.607,5,149633,70,237520,1
34215.223,2,149516,100,237990,-1
34215.374,1,150337,800,237990,-1
34215.486,2,150337,800,237990,-1
34215.513,1,150410,364,239580,-1
34215.708,1,150506,100,237990,-1
34215.839,2,150506,100,237990,-1
34215.873,2,149649,2000,237420,1
34215.918,1,150618,2000,237880,-1
34215.99,2,150618,2000,237880,-1
34216.269,2,147013,364,236930,1
34216.274,1,150841,364,236900,1
34216.902,5,143627,100,237700,-1
34217.04,5,150858,500,237560,1
34217.04,5,149633,130,237520,1
34217.04,4,149615,1000,237510,1
34217.335,4,144329,64,237500,1
34217.335,4,144994,500,237500,1
34217.515,2,150410,364,239580,-1
34217.519,1,151492,364,239340,-1
34217.569,1,151517,250,237600,-1
34217.582,4,151517,200,237600,-1
34217.594,4,151517,50,237600,-1
34217.989,2,151492,364,239340,-1
34217.994,1,151740,364,239580,-1
34218.0,1,151747,300,237310,1
34218.011,2,150841,364,236900,1
34218.016,1,151762,364,237140,1
34218.029,1,151769,1000,237990,-1
34218.73,1,152208,2500,236700,1
34218.742,2,151762,364,237140,1
34218.75,1,152224,364,236900,1
34219.156,2,152224,364,236900,1
34219.161,1,152440,364,237140,1
34219.356,1,152533,2000,237320,1
34219.387,2,144527,110,236820,1
34219.393,1,152557,110,236550,1
34219.605,2,77549,200,244900,-1
34219.665,2,152440,364,237140,1
34219.67,1,152696,364,236900,1
34219.678,2,151740,364,239580,-1
34219.69,2,152696,364,236900,1
34219.693,1,152708,364,239510,-1
34219.698,1,152715,364,236930,1
34220.045,2,152708,364,239510,-1
34220.05,1,152948,364,239560,-1
34220.177,2,152948,364,239560,-1
34220.182,1,153024,364,239340,-1
34220.521,2,153024,364,239340,-1
34220.525,1,153190,364,239420,-1
34221.244,1,153669,223,237600,-1
34221.379,2,152715,364,236930,1
34221.384,1,153759,364,237030,1
34221.464,2,152533,2000,237320,1
34221.744,1,153919,2000,237780,-1
34221.746,2,148449,2000,238080,-1
34222.981,2,151747,300,237310,1
34223.002,2,153190,364,239420,-1
34223.04,2,152557,110,236550,1
34223.047,1,154441,110,236360,1
34223.832,1,154978,364,239340,-1
34224.16,2,144218,110,238000,-1
34224.165,1,155183,110,238090,-1
34224.217,2,154978,364,239340,-1
34224.275,2,154441,110,236360,1
34224.28,1,155244,110,236820,1
34224.534,1,155393,200,237500,-1
34224.579,1,155427,364,239340,-1
34225.227,2,155427,364,239340,-1
34225.4,1,155857,364,239340,-1
34225.542,5,155406,150,237480,-1
34225.557,2,155244,110,236820,1
34225.562,1,155953,110,236370,1
34226.728,4,148218,100,237300,1
34227.641,1,156943,100,237700,-1
34227.898,1,157071,2000,237580,-1
34228.042,2,157071,2000,237580,-1
34228.125,2,153919,2000,237780,-1
34228.353,2,151769,1000,237990,-1
34228.443,1,157603,2000,237580,-1
34228.636,1,157668,200,234000,1
34228.719,2,157603,2000,237580,-1
34229.946,2,153759,364,237030,1
34229.95,1,158975,364,236930,1
34230.197,1,159284,100,237210,1
34231.756,1,160446,2000,237580,-1
34231.982,2,160446,2000,237580,-1
34232.313,2,158975,364,236930,1
34232.318,1,160914,364,236900,1
34232.319,1,160915,2000,237480,-1
34232.421,2,160915,2000,237480,-1
34232.944,5,159327,150,237230,1
34232.944,5,160483,500,237220,1
34232.944,4,159284,100,237210,1
34232.944,4,111144,250,237200,1
34233.28,2,155953,110,236370,1
34233.285,1,161449,110,236450,1
34234.23,1,161891,2000,237480,-1
34235.006,2,161891,2000,237480,-1
34235.53,4,111144,200,237200,1
34235.81,2,160914,364,236900,1
34235.815,1,162691,364,236700,1
34236.0,2,155857,364,239340,-1
34236.004,1,162784,364,239390,-1
34236.618,2,155183,110,238090,-1
34236.623,1,163089,110,238000,-1
34236.624,2,161449,110,236450,1
34236.631,1,163097,110,236370,1
34236.646,1,163103,2000,237580,-1
34236.799,4,111144,300,237200,1
34236.866,2,163089,110,238000,-1
34236.875,1,163206,110,238090,-1
34236.966,2,162691,364,236700,1
34236.975,1,163255,364,237140,1
34236.988,2,163097,110,236370,1
34237.356,2,162784,364,239390,-1
34237.362,1,163427,364,239340,-1
34237.574,2,163427,364,239340,-1
34237.58,1,163526,364,239390,-1
34237.597,2,163206,110,238090,-1
34237.602,1,163548,110,238000,-1
34237.988,2,163548,110,238000,-1
34237.994,1,163738,110,237910,-1
34238.612,4,111144,182,237200,1
34238.634,1,164028,500,237500,-1
34239.112,2,163526,364,239390,-1
34239.118,1,164204,364,239420,-1
34239.964,2,163255,364,237140,1
34239.969,1,164645,364,237090,1
34240.096,2,164645,364,237090,1
34240.101,1,164716,364,236760,1
34240.156,1,164744,110,236360,1
34240.418,2,164716,364,236760,1
34240.422,1,164894,364,236930,1
34240.81,4,111144,41,237200,1
34240.901,4,111144,27,237200,1
34241.075,4,103007,300,237110,1
34241.075,4,133916,100,237100,1
34241.26,1,165263,2000,236920,1
34241.485,2,165263,2000,236920,1
34241.999,1,165662,1000,237490,-1
34241.999,1,165663,100,236910,1
34242.131,1,165749,2000,237380,-1
34242.15,2,164028,500,237500,-1
34242.158,1,165762,500,237400,-1
34242.169,2,165749,2000,237380,-1
34242.327,2,165662,1000,237490,-1
34242.666,2,164204,364,239420,-1
34242.895,1,166160,2000,237380,-1
34243.025,2,163103,2000,237580,-1
34243.404,2,166160,2000,237380,-1
34243.47,1,166424,2000,237480,-1
34243.486,2,66638,2100,239000,-1
34243.664,1,166527,100,237200,-1
34243.687,2,165762,500,237400,-1
34243.694,1,166537,500,237200,-1
34244.009,1,166706,2000,237280,-1
34244.011,2,166424,2000,237480,-1
34244.18,2,166706,2000,237280,-1
34245.346,2,153669,223,237600,-1
34245.943,2,163738,110,237910,-1
34245.951,1,167697,110,238090,-1
34246.239,2,167697,110,238090,-1
34246.244,1,167870,110,237820,-1
34246.357,1,167938,2000,237280,-1
34247.827,2,167870,110,237820,-1
34247.835,1,168660,110,238000,-1
34248.185,2,168660,110,238000,-1
34248.191,1,168838,110,238180,-1
34248.883,2,164894,364,236930,1
34248.889,5,167942,200,237180,-1
34248.889,5,167943,164,237190,-1
34248.893,2,164744,110,236360,1
34249.151,1,169226,364,236600,1
34249.267,2,169226,364,236600,1
34249.348,1,169300,2000,236720,1
34249.401,1,169329,364,236600,1
34249.416,2,169329,364,236600,1
34249.421,2,169300,2000,236720,1
34249.473,1,169376,110,236360,1
34249.506,1,169400,364,237420,-1
34249.553,2,169400,364,237420,-1
34249.629,1,169485,364,237340,-1
34249.743,2,169485,364,237340,-1
34250.699,1,170110,364,237380,-1
34250.849,1,170173,364,236270,1
34253.751,1,171576,2000,237100,-1
34253.815,2,170110,364,237380,-1
34253.82,1,171599,364,237450,-1
34254.048,2,171599,364,237450,-1
34254.053,1,171728,364,237410,-1
34254.267,2,171728,364,237410,-1
34254.272,1,171821,364,237450,-1
34254.864,2,166537,500,237200,-1
34256.37,2,171821,364,237450,-1
34256.375,1,173300,364,237610,-1
34256.797,2,169376,110,236360,1
34256.808,1,173594,110,236450,1
34257.016,2,173594,110,236450,1
34257.022,1,173737,110,236730,1
34257.195,2,170173,364,236270,1
34257.203,1,173830,364,236740,1
34258.758,2,173830,364,236740,1
34260.592,1,176152,364,236630,1
34261.216,1,176560,200,243900,-1
34261.432,2,167938,2000,237280,-1
34263.242,2,173737,110,236730,1
34263.251,1,177790,110,236820,1
34264.915,5,175357,500,237020,1
34264.915,5,175817,500,237020,1
34265.348,2,177790,110,236820,1
34265.501,2,168838,110,238180,-1
34265.512,1,179291,110,237910,-1
34266.511,2,165663,100,236910,1
34267.043,2,171576,2000,237100,-1
34267.327,1,180425,2000,237000,-1
34269.142,1,181560,100,220100,1
34269.636,1,181872,110,236450,1
34269.751,4,180425,2000,237000,-1
34270.18,1,182220,2000,236720,1
34270.308,2,182220,2000,236720,1
34270.834,1,182659,2000,236720,1
34271.054,2,176152,364,236630,1
34271.059,1,182799,364,236590,1
34271.491,1,183067,100,236710,1
34271.5,2,182659,2000,236720,1
34271.63,1,183148,300,237080,-1
34272.371,5,183451,100,237000,1
34273.316,2,130726,100,239500,-1
34273.323,1,184220,100,239000,-1
34273.616,2,181872,110,236450,1
34273.624,1,184401,110,236640,1
34274.072,1,184722,32,236800,1
34274.678,2,182799,364,236590,1
34274.69,1,185142,364,236350,1
34274.825,2,173300,364,237610,-1
34274.835,1,185243,364,237390,-1
34276.532,1,186088,200,237000,-1
34276.775,2,185243,364,237390,-1
34276.779,1,186213,364,237610,-1
34277.414,1,186487,600,237000,-1
34277.48,5,186484,200,236990,-1
34277.521,2,183148,300,237080,-1
34277.59,2,185142,364,236350,1
34277.599,1,186569,364,236190,1
34278.388,2,184722,32,236800,1
34278.729,2,186213,364,237610,-1
34278.733,1,187160,364,237340,-1
34279.072,1,187340,600,237000,-1
34279.614,2,186487,600,237000,-1
34279.616,2,187340,600,237000,-1
34279.983,1,187722,600,237000,-1
34280.369,2,186088,200,237000,-1
34280.405,1,187876,32,236800,1
34280.449,2,187722,600,237000,-1
34280.52,1,187951,600,237080,-1
34280.638,1,188020,1500,236710,1
34280.809,2,187160,364,237340,-1
34280.818,1,188070,364,237610,-1
34281.154,2,187951,600,237080,-1
34282.451,2,187876,32,236800,1
34282.778,1,189025,100,237000,1
34284.173,1,189723,32,237000,1
34284.363,1,189819,2000,236820,1
34284.399,1,189845,300,237000,1
34286.93,2,186569,364,236190,1
34286.942,1,191180,364,236400,1
34288.488,2,179291,110,237910,-1
34288.5,1,191813,110,238170,-1
34289.651,5,190496,300,237090,-1
34289.651,5,190506,200,237090,-1
34289.87,2,189845,300,237000,1
34289.983,5,190506,100,237090,-1
34290.109,5,190506,100,237090,-1
34290.319,5,190506,100,237090,-1
34290.491,5,192858,500,237080,-1
34290.728,5,192860,100,237080,-1
34290.738,1,193095,400,235700,1
34291.154,4,166527,100,237200,-1
34291.177,1,193353,500,237500,-1
34291.304,5,193352,400,237090,-1
34291.304,5,193049,100,237200,-1
34291.471,2,183067,100,236710,1
34291.535,1,193581,2000,237020,1
34291.706,2,193581,2000,237020,1
34291.719,1,193675,100,237100,1
34291.769,2,189819,2000,236820,1
34291.998,1,193855,1000,237490,-1
34292.099,2,193353,500,237500,-1
34292.114,1,193924,2000,237020,1
34292.56,2,193924,2000,237020,1
34293.104,2,193855,1000,237490,-1
34293.112,2,189723,32,237000,1
34293.489,1,194661,1000,237000,1
34294.257,2,188020,1500,236710,1
34294.363,5,194197,100,237200,-1
34294.442,1,195109,32,237100,1
34294.671,1,195208,1500,236720,1
34294.739,1,195232,2000,237020,1
34294.998,1,195341,400,237490,-1
34295.206,1,195415,100,237100,1
34295.292,2,195341,400,237490,-1
34295.398,2,195232,2000,237020,1
34295.402,2,191180,364,236400,1
34295.407,1,195520,364,236350,1
34295.42,2,195520,364,236350,1
34295.425,1,195526,364,236510,1
34295.475,2,188070,364,237610,-1
34295.479,1,195545,364,237500,-1
34295.538,5,194042,200,237120,1
34295.538,5,194044,164,237110,1
34295.538,5,195091,500,237110,1
34295.538,5,195094,136,237110,1
34295.549,5,195094,364,237110,1
34295.549,4,193675,100,237100,1
34295.549,4,195109,32,237100,1
34295.549,4,195415,4,237100,1
34295.578,4,195415,96,237100,1
34295.596,5,195614,500,237110,1
34295.723,1,195681,2000,237020,1
34295.91,2,195681,2000,237020,1
34296.272,1,196045,2000,237020,1
34296.582,2,191813,110,238170,-1
34296.588,1,196256,110,238090,-1
34296.601,2,196045,2000,237020,1
34297.569,2,195526,364,236510,1
34297.574,1,196978,364,236400,1
34297.58,2,196978,364,236400,1
34297.585,1,196987,364,236650,1
34297.593,2,184401,110,236640,1
34298.427,2,195545,364,237500,-1
34298.431,1,197530,364,237580,-1
34298.973,1,197777,2000,237020,1
34299.125,1,197849,2000,237000,1
34299.506,1,198061,100,237590,-1
34299.632,1,198145,110,236450,1
34299.808,1,198267,500,237100,1
34299.838,5,195653,500,237120,1
34299.838,4,198267,500,237100,1
34300.33,5,195740,1000,237250,-1
34300.33,5,195893,100,237300,-1
34300.33,1,198554,700,237410,1
34300.348,2,198145,110,236450,1
34300.354,1,198563,110,236370,1
34300.359,4,198554,700,237410,1
34300.666,2,197777,2000,237020,1
34300.678,2,197849,2000,237000,1
34300.771,1,198796,2000,236920,1
34300.816,1,198824,2000,237100,1
34300.835,5,198828,100,237200,1
34300.835,5,198834,500,237150,1
34300.835,5,198775,500,237110,1
34300.835,4,198824,404,237100,1
34300.886,2,198824,1596,237100,1
34300.904,1,198883,1596,237000,1
34301.039,1,198956,200,237200,1
34301.194,4,198956,200,237200,1
34301.34,2,198563,110,236370,1
34301.346,1,199153,110,236450,1
34301.755,2,196987,364,236650,1
34301.76,1,199340,364,236590,1
34301.765,2,199153,110,236450,1
34301.784,2,198883,1596,237000,1
34302.085,1,199531,1596,237100,1
34302.206,2,199531,1596,237100,1
34302.399,2,196256,110,238090,-1
34302.404,1,199666,110,238180,-1
34302.507,2,199340,364,236590,1
34302.512,1,199725,364,236540,1
34302.806,2,189025,100,237000,1
34303.182,1,200036,500,237100,1
34303.402,2,199725,364,236540,1
34303.406,1,200171,364,236480,1
34303.41,2,200171,364,236480,1
34303.416,1,200183,364,236510,1
34303.819,2,200183,364,236510,1
34303.824,1,200389,364,236680,1
34304.471,1,200671,1596,237100,1
34304.657,2,200671,1596,237100,1
34304.684,2,200389,364,236680,1
34304.69,1,200770,364,236460,1
34304.725,2,197530,364,237580,-1
34304.729,1,200800,364,237500,-1
34304.806,2,200770,364,236460,1
34304.812,1,200853,364,236430,1
34305.005,2,200800,364,237500,-1
34305.034,1,200951,364,237610,-1
34305.397,1,201120,110,236550,1
34305.643,2,200853,364,236430,1
34305.649,1,201215,364,236460,1
34306.135,1,201439,2000,237480,-1
34306.36,2,58150,3500,236500,1
34306.399,2,201439,2000,237480,-1
34306.697,1,201717,2000,237480,-1
34307.066,2,201717,2000,237480,-1
34308.137,1,202550,2000,237480,-1
34308.244,2,202550,2000,237480,-1
34308.624,1,202852,404,237200,-1
34308.797,1,202946,2000,237480,-1
34309.603,2,198796,2000,236920,1
34310.228,1,203545,100,237110,1
34312.241,4,203545,100,237110,1
34312.241,4,200036,300,237100,1
34312.578,4,200036,200,237100,1
34312.773,1,205013,2000,236820,1
34313.07,2,130545,15,238500,-1
34314.141,5,204908,1000,237040,1
34314.356,1,205761,15,237100,-1
34314.521,4,205761,15,237100,-1
34314.521,5,203594,500,237190,-1
34314.521,5,203601,485,237190,-1
34315.193,2,202852,404,237200,-1
34315.812,2,205013,2000,236820,1
34316.248,2,202946,2000,237480,-1
34316.252,1,206596,2000,236920,1
34316.998,1,207054,1000,237490,-1
34317.819,5,205898,500,237180,-1
34318.06,2,201120,110,236550,1
34318.245,2,207054,1000,237490,-1
34318.305,1,207739,1596,237000,1
34319.034,2,206596,2000,236920,1
34319.104,1,208123,2000,237480,-1
34319.429,2,208123,2000,237480,-1
34319.65,1,208472,2000,237480,-1
34319.707,2,207739,1596,237000,1
34319.904,2,208472,2000,237480,-1
34320.214,1,208820,2000,236920,1
34320.646,2,208820,2000,236920,1
34320.864,1,209135,2000,237480,-1
34321.284,1,209342,1000,237100,1
34321.481,2,176560,200,243900,-1
34321.571,2,200951,364,237610,-1
34321.575,1,209464,364,237360,-1
34321.608,2,209135,2000,237480,-1
34321.63,1,209490,2000,237020,1
34321.755,1,209557,404,237300,-1
34321.783,1,209589,200,243800,-1
34321.829,2,209490,2000,237020,1
34322.027,1,209776,200,237400,-1
34322.066,2,199666,110,238180,-1
34322.07,1,209797,110,238000,-1
34322.271,2,201215,364,236460,1
34322.281,1,209946,364,236430,1
34322.451,1,210061,110,236360,1
34323.001,5,207919,100,237200,-1
34323.001,5,209994,1000,237260,-1
34323.001,5,209718,15,237280,-1
34323.001,4,209557,404,237300,-1
34323.001,5,199193,100,237300,-1
34323.016,1,210410,2000,237300,-1
34323.026,2,210410,2000,237300,-1
34323.327,5,210137,100,237110,1
34323.541,2,209464,364,237360,-1
34323.549,1,210731,364,237610,-1
34323.603,1,210773,2000,237480,-1
34323.604,1,210776,200,237300,-1
34323.635,2,210731,364,237610,-1
34323.641,1,210808,364,237360,-1
34323.728,2,209776,200,237400,-1
34323.734,2,210776,200,237300,-1
34324.162,1,211207,200,237400,-1
34324.384,2,210773,2000,237480,-1
34325.039,2,209797,110,238000,-1
34325.045,1,211799,110,237820,-1
34325.463,1,212066,1000,237200,1
34325.475,2,210061,110,236360,1
34325.482,1,212078,110,236640,1
34325.799,2,209342,1000,237100,1
34326.06,4,212066,100,237200,1
34327.072,5,212469,100,237290,-1
34327.072,1,212871,900,237290,1
34327.094,2,212871,900,237290,1
34327.281,1,212980,900,237290,1
34327.282,2,212980,900,237290,1
34327.488,1,213092,900,237290,1
34327.49,2,213092,900,237290,1
34327.577,2,211799,110,237820,-1
34327.582,1,213144,110,238000,-1
34327.696,1,213205,900,237290,1
34327.712,2,213205,900,237290,1
34327.766,2,212078,110,236640,1
34327.771,1,213260,110,236360,1
34327.81,2,209946,364,236430,1
34327.815,1,213303,364,236400,1
34327.908,1,213364,900,237290,1
34327.911,2,213364,900,237290,1
34327.948,4,212066,900,237200,1
34327.948,5,213136,100,237200,1
34327.948,1,213394,500,237200,-1
34327.995,2,213394,500,237200,-1
34328.072,2,213144,110,238000,-1
34328.081,1,213485,110,237820,-1
34328.117,5,213425,500,237190,-1
34328.117,1,213506,400,237290,1
34328.121,2,213506,400,237290,1
34328.133,1,213514,2000,236920,1
34328.143,1,213523,200,237300,-1
34328.215,2,213514,2000,236920,1
34328.226,2,211207,200,237400,-1
34328.277,2,213485,110,237820,-1
34328.282,1,213590,110,238000,-1
34328.31,2,213523,200,237300,-1
34328.323,4,210808,364,237360,-1
34328.323,1,213616,36,237390,1
34328.325,2,213616,36,237390,1
34328.529,1,213712,36,237390,1
34328.532,2,213712,36,237390,1
34328.549,1,213727,2000,237400,-1
34328.561,1,213735,364,237360,-1
34328.568,2,213303,364,236400,1
34328.57,2,213735,364,237360,-1
34328.588,1,213750,364,237360,-1
34328.663,1,213787,500,237200,-1
34328.676,1,213795,2000,236920,1
34328.731,4,213787,36,237200,-1
34328.762,2,213795,2000,236920,1
34328.774,2,213727,2000,237400,-1
34328.785,1,213840,2000,237300,-1
34328.806,1,213852,200,237460,-1
34328.934,2,213787,464,237200,-1
34328.997,1,213928,600,237010,1
34329.02,4,213840,2000,237300,-1
34329.197,2,213750,364,237360,-1
34329.225,1,214020,364,237360,-1
34329.247,2,213590,110,238000,-1
34329.252,1,214026,110,237820,-1
34329.281,1,214040,1000,237300,1
34329.357,2,214020,364,237360,-1
34329.37,4,214040,500,237300,1
34329.443,1,214136,2000,237480,-1
34329.473,4,214040,300,237300,1
34329.589,2,214136,2000,237480,-1
34329.638,2,213928,600,237010,1
34329.642,2,213852,200,237460,-1
34329.993,2,214040,200,237300,1
34329.996,1,214351,2000,237120,1
34330.505,1,214573,200,237200,1
34331.018,5,214819,100,237300,-1
34331.022,2,214351,2000,237120,1
34332.114,1,215377,200,237400,-1
34332.198,2,215377,200,237400,-1
34332.49,5,213677,200,237450,-1
34332.49,5,213651,55,237460,-1
34332.565,1,215584,200,237400,-1
34332.666,1,215649,2000,237120,1
34332.676,2,215584,200,237400,-1
34332.702,2,215649,2000,237120,1
34333.192,1,215899,200,237600,-1
34333.508,2,214026,110,237820,-1
34333.514,1,216054,110,237730,-1
34335.214,1,217056,364,237630,-1
34335.519,1,217272,2000,237120,1
34335.701,5,215666,1000,237460,-1
34335.701,5,216366,145,237490,-1
34335.701,4,155393,155,237500,-1
34335.703,4,155393,45,237500,-1
34335.755,5,215826,500,237320,1
34335.755,5,215868,214,237320,1
34336.628,2,217272,2000,237120,1
34336.884,2,215899,200,237600,-1
34339.124,2,214573,200,237200,1
34339.8,1,219584,2000,237020,1
34340.18,1,219784,364,236620,1
34340.448,5,218684,500,237490,-1
34340.448,5,217723,500,237540,-1
34340.474,5,217372,100,237550,-1
34340.701,5,217372,500,237550,-1
34340.876,1,220107,200,237690,-1
34341.155,2,217056,364,237630,-1
34341.16,1,220241,364,237550,-1
34341.465,1,220443,200,237650,-1
34341.55,2,220107,200,237690,-1
34341.819,1,220629,2000,236700,1
34341.836,1,220648,4000,237500,1
34341.86,2,219784,364,236620,1
34341.873,4,220648,82,237500,1
34341.876,1,220678,364,236620,1
34341.894,2,220678,364,236620,1
34341.911,1,220704,364,236620,1
34342.05,1,220776,2000,237220,1
34342.324,4,220648,100,237500,1
34342.341,2,220704,364,236620,1
34342.486,1,221015,364,236620,1
34342.487,2,219584,2000,237020,1
34342.843,2,221015,364,236620,1
34342.94,1,221270,364,236620,1
34343.133,2,221270,364,236620,1
34343.48,2,216054,110,237730,-1
34343.485,1,221547,110,237640,-1
34344.413,2,220241,364,237550,-1
34344.417,4,198061,100,237590,-1
34344.444,1,221969,364,237630,-1
34344.587,2,221969,364,237630,-1
34344.803,2,220443,200,237650,-1
34345.183,1,222310,364,236930,1
34345.252,2,220648,3818,237500,1
34345.258,5,222328,300,237600,1
34345.273,5,222347,100,237600,-1
34345.273,1,222359,3718,237600,1
34345.327,2,222310,364,236930,1
34345.334,5,222380,107,237610,1
34345.365,1,222405,364,236930,1
34345.571,1,222493,200,237700,-1
34345.624,4,221547,100,237640,-1
34345.671,2,213260,110,236360,1
34345.672,2,221547,10,237640,-1
34345.773,5,222550,200,237620,1
34345.821,1,222605,110,237000,1
34345.826,1,222610,2000,237980,-1
34345.858,1,222625,364,239480,-1
34345.885,1,222653,110,237640,-1
34345.888,2,222605,110,237000,1
34345.889,2,222653,110,237640,-1
34345.97,2,222405,364,236930,1
34345.974,2,222625,364,239480,-1
34345.979,1,222706,364,237140,1
34345.981,1,222710,364,239450,-1
34346.073,2,222493,200,237700,-1
34346.081,2,222710,364,239450,-1
34346.088,1,222756,364,239480,-1
34346.093,1,222758,110,237000,1
34346.142,4,156943,100,237700,-1
34346.357,2,222359,3718,237600,1
34346.368,1,222867,3718,237700,1
34346.369,1,222870,2000,237420,1
34346.48,2,220776,2000,237220,1
34346.511,2,222706,364,237140,1
34346.515,1,222942,364,237180,1
34346.59,1,222970,200,237800,-1
34346.634,2,222610,2000,237980,-1
34346.65,2,222942,364,237180,1
34346.656,1,222999,364,237140,1
34346.953,1,223125,2000,238080,-1
34347.055,2,222999,364,237140,1
34347.061,1,223172,364,237180,1
34347.126,2,222970,200,237800,-1
34347.247,2,223125,2000,238080,-1
34347.488,1,223335,2000,237620,1
34347.699,2,222867,3718,237700,1
34347.977,1,223557,1000,237600,1
34348.062,1,223605,2000,238280,-1
34348.065,1,223608,200,237900,-1
34348.068,2,222870,2000,237420,1
34348.154,1,223649,1000,238190,-1
34348.168,2,223335,2000,237620,1
34348.498,2,223608,200,237900,-1
34348.598,1,223834,2000,237520,1
34348.598,2,223172,364,237180,1
34348.603,1,223837,364,237140,1
34349.162,1,224066,200,237500,1
34349.171,1,224072,2000,237720,1
34349.173,2,223834,2000,237520,1
34349.248,1,224097,200,238000,-1
34349.293,2,223649,1000,238190,-1
34349.312,4,224097,200,238000,-1
34349.504,2,224072,2000,237720,1
34349.669,1,224315,30,238040,1
34349.679,4,224315,30,238040,1
34349.725,1,224343,2000,237520,1
34349.928,5,224422,100,238000,1
34349.972,1,224476,200,238000,-1
34350.137,2,224476,200,238000,-1
34350.204,2,223557,1000,237600,1
34350.233,1,224607,3718,237900,1
34350.257,1,224625,2000,237720,1
34350.305,5,221906,600,238080,-1
34350.305,5,224610,107,238170,-1
34350.305,4,138536,1580,238200,-1
34350.393,2,224343,2000,237520,1
34350.396,2,223605,2000,238280,-1
34350.513,2,224607,3718,237900,1
34350.536,1,224742,3718,238000,1
34350.561,1,224753,200,238200,-1
34350.693,5,224752,200,238190,-1
34350.693,4,224753,200,238200,-1
34350.693,4,137457,100,238300,-1
34350.752,1,224862,200,238500,-1
34350.754,1,224865,200,236100,1
34350.805,2,224625,2000,237720,1
34350.926,5,224816,110,238100,1
34350.946,5,224816,110,238100,1
34351.115,2,224742,3718,238000,1
34351.127,1,225056,3718,238100,1
34351.142,5,225055,110,238150,1
34351.176,2,222758,110,237000,1
34351.251,1,225123,110,238450,-1
34351.264,2,223837,364,237140,1
34351.349,5,225055,102,238150,1
34351.439,5,225171,212,238400,-1
34351.439,4,225123,110,238450,-1
34351.473,5,225196,2,238150,1
34351.481,5,225196,200,238150,1
34351.487,1,225230,364,237140,1
34351.498,1,225236,110,238450,-1
34351.505,2,225056,3718,238100,1
34351.523,1,225250,3718,238000,1
34351.535,4,225236,110,238450,-1
34351.535,4,111028,500,238500,-1
34351.535,4,224862,200,238500,-1
34351.656,1,225343,110,238450,-1
34351.702,2,225250,3718,238000,1
34351.714,1,225371,3718,238200,1
34351.719,2,225343,110,238450,-1
34351.76,1,225398,110,238450,-1
34351.768,2,225398,110,238450,-1
34351.804,2,225371,3718,238200,1
34351.814,1,225431,3718,238300,1
34351.841,4,225431,107,238300,1
34351.912,4,225431,102,238300,1
34351.913,4,225431,400,238300,1
34351.915,4,225431,100,238300,1
34351.94,5,225485,100,238340,1
34351.942,5,225485,100,238340,1
34351.961,1,225518,100,238490,-1
34352.059,1,225579,110,238550,-1
34352.08,4,225518,78,238490,-1
34352.098,2,225431,3009,238300,1
34352.116,2,225579,110,238550,-1
34352.122,1,225631,3009,238400,1
34352.122,1,225632,110,238450,-1
34352.139,4,225631,100,238400,1
34352.144,4,225632,110,238450,-1
34352.207,4,225518,22,238490,-1
34352.226,5,225686,200,238440,1
34352.226,5,225654,500,238410,1
34352.226,4,225631,300,238400,1
34352.376,1,225763,1000,238000,1
34352.416,1,225778,110,238910,-1
34352.437,5,225416,78,238600,-1
34352.526,2,225631,2609,238400,1
34352.539,1,225837,2609,238300,1
34352.73,5,225896,200,238500,1
34352.735,5,225896,100,238500,1
34352.735,5,225828,400,238410,1
34352.764,2,225837,2609,238300,1
34352.786,1,225970,2609,238400,1
34352.868,5,226011,1,238420,1
34352.9,5,226011,100,238420,1
34352.935,1,226057,1200,238520,1
34352.948,4,226057,100,238520,1
34352.959,1,226079,200,238600,-1
34352.991,2,225230,364,237140,1
34352.991,5,226087,399,238530,1
34352.991,4,226057,101,238520,1
34353.049,4,226057,100,238520,1
34353.053,4,226057,104,238520,1
34353.13,4,226057,102,238520,1
34353.148,4,226057,100,238520,1
34353.199,1,226241,300,239700,-1
34353.202,1,226243,364,237140,1
34353.254,5,226022,200,238590,-1
34353.254,4,226079,200,238600,-1
34353.254,1,226264,100,238600,1
34353.296,2,225970,2609,238400,1
34353.307,1,226299,2609,238500,1
34353.327,2,226264,100,238600,1
34353.33,5,226244,100,238530,1
34353.335,5,226245,100,238700,-1
34353.364,2,226299,2609,238500,1
34353.377,1,226334,2609,238400,1
34353.6,2,226334,2609,238400,1
34353.616,1,226462,2609,238500,1
34354.174,2,226462,2609,238500,1
34354.206,1,226886,2609,238600,1
34354.272,2,226886,2609,238600,1
34354.283,1,226936,2609,238500,1
34354.322,1,226956,300,238500,1
34354.325,1,226958,593,238720,1
34354.326,4,226958,100,238720,1
34354.567,2,226243,364,237140,1
34354.576,1,227110,364,237070,1
34354.607,5,225275,202,238850,-1
34354.607,5,227062,200,238860,-1
34354.607,4,129818,50,238900,-1
34354.607,5,226619,248,238900,-1
34354.612,2,226936,2609,238500,1
34354.626,2,225778,110,238910,-1
34354.628,2,226057,593,238520,1
34354.634,5,226997,110,238740,1
34354.74,1,227223,2609,238600,1
34354.814,1,227280,110,238910,-1
34354.928,2,227223,2609,238600,1
34355.141,5,227362,10,238800,1
34355.151,1,227482,100,225300,1
34355.155,2,227280,110,238910,-1
34355.16,5,227356,110,238890,-1
34355.16,5,227357,200,238900,-1
34355.241,1,227542,110,238910,-1
34355.481,2,226956,300,238500,1
34355.585,5,227734,100,238740,1
34355.598,1,227794,100,239090,-1
34355.79,5,227835,1000,238760,1
34355.79,5,227734,100,238740,1
34355.79,5,227739,200,238730,1
34355.79,5,227913,176,238730,1
34355.79,4,226958,493,238720,1
34355.815,1,227969,1391,238900,-1
34355.997,1,228071,900,238010,1
34356.036,2,225763,1000,238000,1
34356.081,2,227969,1391,238900,-1
34356.099,1,228149,1391,238800,-1
34356.257,5,228167,200,238750,-1
34356.257,5,228168,200,238760,-1
34356.257,4,228149,991,238800,-1
34356.301,4,228149,109,238800,-1
34356.336,1,228298,1100,238800,-1
34356.359,1,228316,200,238900,-1
34356.574,2,228071,900,238010,1
34356.606,1,228416,1000,237600,1
34356.676,4,228149,291,238800,-1
34356.676,4,228298,609,238800,-1
34356.684,2,227110,364,237070,1
34356.689,1,228459,364,236920,1
34356.9,1,228593,110,237730,1
34356.933,2,228416,1000,237600,1
34357.098,1,228693,1000,237740,1
34357.49,1,228869,500,238800,-1
34357.727,5,228923,100,238700,-1
34357.995,1,229115,500,238680,-1
34358.0,4,229115,100,238680,-1
34358.17,1,229199,100,238700,-1
34358.294,1,229245,200,238780,-1
34358.374,2,228316,200,238900,-1
34358.673,2,227542,110,238910,-1
34358.678,1,229417,110,238820,-1
34359.373,2,229245,200,238780,-1
34360.301,1,230210,200,238600,-1
34360.303,2,230210,200,238600,-1
34360.777,1,230408,2000,237820,1
34360.808,2,228693,1000,237740,1
34360.815,2,230408,2000,237820,1
34360.843,1,230463,600,237830,1
34360.881,2,226241,300,239700,-1
34360.888,1,230494,300,240900,-1
34361.002,1,230540,200,238600,-1
34361.238,2,229199,100,238700,-1
34361.253,2,228298,491,238800,-1
34361.336,1,230689,400,238480,-1
34361.339,2,229115,400,238680,-1
34361.392,4,230689,400,238480,-1
34361.392,5,230526,500,238480,-1
34361.392,5,230567,100,238480,-1
34361.407,5,230567,400,238480,-1
34361.667,1,230913,200,238580,-1
34361.673,2,230540,200,238600,-1
34361.76,2,230913,200,238580,-1
34361.882,1,231036,2000,238680,-1
34361.994,2,231036,2000,238680,-1
34362.29,1,231256,200,238600,-1
34362.479,1,231372,400,237920,1
34362.611,5,231237,100,238400,-1
34362.837,1,231575,200,238400,-1
34362.841,2,231256,200,238600,-1
34363.033,2,231575,200,238400,-1
34363.044,1,231693,2000,238780,-1
34363.126,2,231693,2000,238780,-1
34363.259,2,230463,600,237830,1
34363.293,1,231815,200,238500,-1
34363.293,1,231816,500,237930,1
34363.602,1,231942,2000,238780,-1
34363.639,2,231942,2000,238780,-1
34363.694,2,229417,110,238820,-1
34363.698,1,231991,110,238730,-1
34364.195,2,222756,364,239480,-1
34364.2,1,232254,364,239400,-1
34364.753,2,231991,110,238730,-1
34364.761,1,232501,110,238640,-1
34364.978,2,228593,110,237730,1
34364.984,1,232602,110,237640,1
34365.692,2,232501,110,238640,-1
34365.7,1,232977,110,238360,-1
34365.834,1,233056,2000,238780,-1
34366.251,2,232602,110,237640,1
34366.261,2,231816,500,237930,1
34366.632,2,233056,2000,238780,-1
34366.963,2,232254,364,239400,-1
34366.973,1,233763,364,239450,-1
34367.648,2,232977,110,238360,-1
34367.654,1,234126,110,238270,-1
34368.566,1,234649,2000,238480,-1
34368.63,2,231372,400,237920,1
34368.646,2,234126,110,238270,-1
34368.65,1,234713,110,238640,-1
34368.656,2,228869,500,238800,-1
34368.918,2,234713,110,238640,-1
34368.925,1,234941,110,238860,-1
34369.037,2,231815,200,238500,-1
34369.342,2,233763,364,239450,-1
34369.346,1,235254,364,239400,-1
34369.354,2,235254,364,239400,-1
34369.36,1,235263,364,239450,-1
34369.757,1,235519,110,237450,1
34370.026,1,235633,800,237510,1
34370.029,1,235638,1000,238470,-1
34370.104,2,235633,800,237510,1
34370.198,2,235638,1000,238470,-1
34370.226,1,235770,500,237510,1
34370.25,2,234941,110,238860,-1
34370.351,1,235827,110,238660,-1
34370.512,1,235902,200,238300,-1
34370.813,2,228459,364,236920,1
34370.818,1,236056,364,237060,1
34370.87,1,236091,2000,237520,1
34370.874,1,236097,200,238200,-1
34370.902,2,235770,500,237510,1
34370.957,1,236147,500,237530,1
34370.957,2,235902,200,238300,-1
34371.046,2,235827,110,238660,-1
34371.444,1,236367,2000,238280,-1
34371.467,1,236375,200,238100,-1
34371.551,2,236097,200,238200,-1
34371.727,2,236375,200,238100,-1
34371.785,2,234649,2000,238480,-1
34371.981,1,236660,200,238200,-1
34372.061,2,236660,200,238200,-1
34372.22,2,236056,364,237060,1
34372.225,1,236812,364,236930,1
34372.271,2,236367,2000,238280,-1
34372.337,1,236878,2000,238380,-1
34372.501,2,235263,364,239450,-1
34372.51,1,236957,364,239400,-1
34372.532,2,236957,364,239400,-1
34372.538,1,236974,364,239340,-1
34372.541,1,236980,200,238200,-1
34372.653,2,236147,500,237530,1
34372.684,1,237064,1000,237530,1
34372.708,5,236770,100,237950,1
34372.932,1,237174,2000,238180,-1
34372.938,2,236878,2000,238380,-1
34373.009,1,237201,110,238640,-1
34373.102,2,236974,364,239340,-1
34373.108,1,237268,364,239390,-1
34373.205,2,237174,2000,238180,-1
34373.343,2,237064,1000,237530,1
34373.388,1,237426,500,237530,1
34373.477,1,237482,200,238100,-1
34373.492,1,237495,2000,238180,-1
34373.566,2,237482,200,238100,-1
34373.566,2,236980,200,238200,-1
34373.568,2,237268,364,239390,-1
34373.574,1,237552,364,239480,-1
34373.609,5,237320,100,238000,-1
34373.78,2,227794,100,239090,-1
34373.855,2,236091,2000,237520,1
34374.044,2,237552,364,239480,-1
34374.049,1,237876,364,239260,-1
34374.35,2,237201,110,238640,-1
34374.471,1,238081,110,238460,-1
34374.487,2,236812,364,236930,1
34374.492,1,238091,364,236900,1
34375.008,2,238091,364,236900,1
34375.013,1,238386,364,236930,1
34375.153,2,238386,364,236930,1
34375.158,1,238458,364,236850,1
34375.21,2,238458,364,236850,1
34375.216,1,238490,364,236900,1
34375.316,1,238574,491,238200,-1
34375.595,2,235519,110,237450,1
34375.6,1,238772,110,237360,1
34375.949,1,239012,4000,237900,1
34376.27,2,237876,364,239260,-1
34376.278,1,239255,364,239340,-1
34376.711,2,237495,2000,238180,-1
34376.868,2,238490,364,236900,1
34376.874,1,239631,364,236930,1
34376.902,2,239631,364,236930,1
34376.907,1,239648,364,236900,1
34376.909,2,239648,364,236900,1
34376.914,1,239654,364,236850,1
34376.932,2,237426,500,237530,1
34377.053,2,239654,364,236850,1
34377.057,1,239739,364,236900,1
34377.414,2,239739,364,236900,1
34377.419,1,239921,364,236930,1
34377.505,2,238081,110,238460,-1
34377.51,1,239983,110,238270,-1
34378.173,2,239255,364,239340,-1
34378.177,1,240411,364,239310,-1
34378.209,2,239921,364,236930,1
34378.214,1,240427,364,237030,1
34378.221,5,239322,400,237950,1
34378.221,5,239265,200,237920,1
34378.221,5,239266,200,237910,1
34378.221,5,239771,500,237910,1
34378.221,5,239774,500,237910,1
34378.221,4,239012,200,237900,1
34378.261,2,238574,491,238200,-1
34379.239,2,238772,110,237360,1
34379.244,1,241033,110,237180,1
34379.381,2,80675,120,226700,1
34379.635,2,239983,110,238270,-1
34379.64,5,240540,110,238110,1
34379.668,5,240540,110,238110,1
34379.701,5,240540,200,238110,1
34379.816,2,241033,110,237180,1
34379.834,5,240540,110,238110,1
34379.854,5,240540,110,238110,1
34379.997,1,241470,1000,238990,-1
34380.007,1,241478,110,238450,-1
34380.05,1,241505,400,237000,1
34380.205,2,241470,1000,238990,-1
34380.247,1,241663,1000,238440,-1
34380.441,2,209589,200,243800,-1
34380.491,1,241798,200,239500,-1
34380.546,2,125415,200,243200,-1
34381.052,1,242232,222,238000,-1
34381.054,1,242238,110,237180,1
34381.174,1,242313,200,238000,-1
34381.332,2,239012,3800,237900,1
34381.371,5,242384,200,237950,-1
34381.371,5,242385,200,237960,-1
34381.371,4,242232,222,238000,-1
34381.371,4,242313,200,238000,-1
34381.371,1,242398,2978,238000,1
34381.446,1,242444,200,238100,-1
34381.55,2,242398,2978,238000,1
34381.561,1,242489,2978,237900,1
34381.703,2,242444,200,238100,-1
34382.445,2,240411,364,239310,-1
34382.449,1,243153,364,239340,-1
34382.495,2,241663,1000,238440,-1
34382.6,2,243153,364,239340,-1
34382.604,1,243247,364,239450,-1
34382.643,2,242489,2978,237900,1
34382.666,1,243301,2978,238000,1
34382.76,2,241478,110,238450,-1
34382.766,1,243391,110,238360,-1
34382.947,2,243391,110,238360,-1
34382.967,1,243551,110,238450,-1
34382.979,2,240427,364,237030,1
34382.988,1,243569,364,237060,1
34382.992,2,242238,110,237180,1
34383.531,1,243860,110,237270,1
34383.706,2,243860,110,237270,1
34383.871,1,244042,110,237270,1
34385.763,2,243301,2978,238000,1
34385.778,1,245313,2978,238100,1
34386.845,2,245313,2978,238100,1
34386.863,1,245973,2978,238200,1
34386.887,2,244042,110,237270,1
34387.18,2,245973,2978,238200,1
34387.191,1,246202,2978,238100,1
34387.41,1,246342,120,231800,1
34387.658,2,246202,2978,238100,1
34389.021,1,247281,1000,237510,1
34389.195,1,247373,1022,238300,-1
34389.484,2,243569,364,237060,1
34389.489,1,247537,364,237030,1
34389.509,2,243247,364,239450,-1
34389.516,1,247551,364,239400,-1
34389.907,2,247551,364,239400,-1
34389.911,1,247914,364,239280,-1
34390.048,1,248019,200,238400,-1
34390.715,2,247373,1022,238300,-1
34391.161,2,247914,364,239280,-1
34391.167,1,248840,364,239400,-1
34391.218,2,247537,364,237030,1
34391.225,1,248891,364,236900,1
34391.292,2,248840,364,239400,-1
34391.296,1,248924,364,239230,-1
34391.327,1,248943,110,237180,1
34391.375,2,248924,364,239230,-1
34391.382,1,248998,364,239400,-1
34391.462,2,248998,364,239400,-1
34391.465,2,248891,364,236900,1
34391.466,1,249041,364,239260,-1
34391.473,1,249047,364,236730,1
34391.792,2,249041,364,239260,-1
34391.796,1,249256,364,239310,-1
34391.805,2,249256,364,239310,-1
34391.81,1,249272,364,239230,-1
34392.158,2,249272,364,239230,-1
34392.162,1,249558,364,239260,-1
34392.325,2,249558,364,239260,-1
34392.329,1,249658,364,239290,-1
34392.824,2,249658,364,239290,-1
34392.829,1,249952,364,239260,-1
34393.15,2,249952,364,239260,-1
34393.155,1,250174,364,239290,-1
34393.242,1,250250,1022,238200,-1
34393.384,2,250174,364,239290,-1
34393.39,1,250364,364,239370,-1
34393.406,2,250364,364,239370,-1
34393.411,1,250381,364,239310,-1
34393.535,2,250381,364,239310,-1
34393.539,1,250468,364,239260,-1
34393.589,2,246342,120,231800,1
34393.609,2,250468,364,239260,-1
34393.616,1,250532,364,239230,-1
34393.753,1,250662,1000,238200,-1
34394.868,5,250300,100,238160,-1
34394.869,2,250662,1000,238200,-1
34395.722,2,250532,364,239230,-1
34395.727,1,251827,364,239200,-1
34396.396,2,250250,1022,238200,-1
34396.671,2,251827,364,239200,-1
34396.676,1,252252,364,239120,-1
34397.139,2,243551,110,238450,-1
34397.144,1,252451,110,238820,-1
34397.868,2,252451,110,238820,-1
34398.221,1,252983,110,238550,-1
34398.223,2,248943,110,237180,1
34398.23,1,252988,110,237450,1
34399.492,1,253647,200,238300,-1
34399.574,2,248019,200,238400,-1
34401.542,2,249047,364,236730,1
34401.548,1,254724,364,236870,1
34402.01,2,252252,364,239120,-1
34402.015,1,255028,364,239090,-1
34402.37,2,255028,364,239090,-1
34402.375,1,255261,364,239120,-1
34402.758,2,254724,364,236870,1
34402.763,1,255471,364,236900,1
34402.789,2,255471,364,236900,1
34402.794,1,255493,364,236870,1
34402.88,2,255261,364,239120,-1
34402.886,1,255543,364,239090,-1
34403.095,2,255543,364,239090,-1
34403.1,1,255661,364,239120,-1
34403.289,2,255661,364,239120,-1
34403.294,1,255752,364,239090,-1
34404.176,5,253289,23,238000,1
34404.682,2,255752,364,239090,-1
34404.687,1,256653,364,239120,-1
34406.628,2,255493,364,236870,1
34406.638,1,257969,364,236620,1
34406.872,2,256653,364,239120,-1
34406.882,1,258139,364,239090,-1
34406.953,2,257969,364,236620,1
34406.963,1,258197,364,236760,1
34407.855,1,258807,1022,238200,-1
34407.908,2,252988,110,237450,1
34407.91,2,252983,110,238550,-1
34409.019,2,258139,364,239090,-1
34409.024,1,259522,364,239060,-1
34409.145,1,259581,500,237600,1
34409.186,2,247281,1000,237510,1
34409.23,1,259635,1000,237610,1
34409.356,1,259703,110,237450,1
34409.367,1,259715,1000,238200,-1
34409.384,1,259729,120,231800,1
34409.447,5,258824,1000,238160,-1
34409.447,5,258830,400,238160,-1
34409.447,5,253566,500,238190,-1
34409.447,5,253574,500,238190,-1
34409.447,4,258807,1022,238200,-1
34409.447,4,259715,978,238200,-1
34409.477,2,259715,22,238200,-1
34409.542,2,259635,1000,237610,1
34409.591,1,259844,700,237610,1
34410.333,2,259522,364,239060,-1
34410.339,1,260338,364,239090,-1
34410.449,2,259844,700,237610,1
34410.483,1,260429,400,237610,1
34410.67,2,259581,500,237600,1
34410.677,1,260531,500,238300,-1
34410.785,2,260531,500,238300,-1
34411.235,2,253647,200,238300,-1
34411.675,2,258197,364,236760,1
34411.68,1,261242,364,236820,1
34411.854,2,260429,400,237610,1
34411.893,1,261370,400,237510,1
34411.976,2,260338,364,239090,-1
34411.981,1,261442,364,239120,-1
34411.998,1,261452,1000,238990,-1
34412.202,2,261442,364,239120,-1
34412.208,1,261620,364,239090,-1
34412.688,2,261620,364,239090,-1
34412.692,1,261942,364,239120,-1
34413.104,1,262128,200,238200,-1
34413.425,1,262307,110,238730,-1
34413.459,1,262320,200,238100,-1
34413.536,2,262128,200,238200,-1
34414.087,2,261242,364,236820,1
34414.094,1,262617,364,236760,1
34414.157,2,261942,364,239120,-1
34414.163,2,262617,364,236760,1
34414.172,1,262661,364,239230,-1
34414.175,1,262663,364,236920,1
34414.185,2,262663,364,236920,1
34414.189,1,262675,364,236760,1
34414.199,2,259703,110,237450,1
34414.204,1,262683,110,237550,1
34414.205,2,262675,364,236760,1
34414.211,1,262686,364,236920,1
34414.244,2,261370,400,237510,1
34414.304,2,262320,200,238100,-1
34414.338,2,261452,1000,238990,-1
34414.373,1,262759,1000,238720,-1
34415.722,1,263626,200,238100,-1
34416.696,2,262661,364,239230,-1
34416.7,1,264133,364,239090,-1
34416.746,2,262683,110,237550,1
34416.751,1,264154,110,237450,1
34416.809,2,264133,364,239090,-1
34416.815,1,264198,364,239230,-1
34416.824,2,262686,364,236920,1
34416.828,1,264209,364,236810,1
34416.844,1,264217,1000,237900,-1
34417.113,1,264341,200,238000,-1
34417.154,2,264154,110,237450,1
34417.159,1,264362,110,237640,1
34417.195,2,263626,200,238100,-1
34417.462,2,264217,1000,237900,-1
34417.681,2,264341,200,238000,-1
34418.932,1,265211,200,238000,-1
34420.008,2,265211,200,238000,-1
34420.795,2,264362,110,237640,1
34420.804,1,266106,110,237450,1
34420.841,5,261408,600,237710,1
34421.182,5,264368,200,237690,1
34421.56,1,266642,200,237900,-1
34421.692,2,266106,110,237450,1
34421.698,1,266770,110,237550,1
34421.813,2,262307,110,238730,-1
34421.92,5,266500,114,237610,1
34422.001,2,266642,200,237900,-1
34422.019,5,266500,100,237610,1
34424.603,2,264198,364,239230,-1
34424.61,1,268527,364,239180,-1
34424.648,2,268527,364,239180,-1
34424.652,1,268567,364,239150,-1
34425.35,2,264209,364,236810,1
34425.354,1,269052,364,236840,1
34425.54,2,269052,364,236840,1
34425.548,1,269159,364,236810,1
34425.561,2,112559,400,235000,1
34425.717,5,268187,200,237610,1
34426.289,2,266770,110,237550,1
34426.293,1,269591,110,237450,1
34426.353,2,269591,110,237450,1
34426.359,1,269630,110,237640,1
34426.925,2,269159,364,236810,1
34426.933,1,269968,364,236920,1
34426.981,2,131850,100,242500,-1
34427.3,2,269968,364,236920,1
34427.304,1,270192,364,236840,1
34427.385,1,270246,1000,237600,1
34427.668,2,270192,364,236840,1
34427.672,1,270432,364,236930,1
34427.927,1,270591,4000,237600,1
34427.957,1,270608,1000,237100,1
34428.254,1,270807,200,237540,1
34428.707,2,270246,1000,237600,1
34428.744,1,271061,1000,237700,1
34428.89,2,270591,4000,237600,1
34428.914,1,271166,4000,237700,1
34429.821,2,270432,364,236930,1
34429.827,1,271699,364,236840,1
34429.986,2,271699,364,236840,1
34429.991,1,271776,364,236920,1
34431.687,2,269630,110,237640,1
34431.693,1,272533,110,237550,1
34431.871,2,271061,1000,237700,1
34433.866,2,268567,364,239150,-1
34433.872,1,273546,364,239230,-1
34433.889,2,270807,200,237540,1
34434.721,2,271166,4000,237700,1
34434.821,1,274046,100,237000,1
34434.995,2,271776,364,236920,1
34435.0,1,274157,364,236840,1
34435.548,1,274424,200,237600,1
34435.712,2,274424,200,237600,1
34435.799,2,274157,364,236840,1
34435.806,1,274595,364,236870,1
34436.404,1,274898,200,237800,-1
34436.734,2,274898,200,237800,-1
34437.309,2,273546,364,239230,-1
34437.691,2,272533,110,237550,1
34437.697,1,275464,110,237450,1
34438.093,1,275667,364,239230,-1
34438.348,2,274595,364,236870,1
34438.352,1,275797,364,236920,1
34439.608,1,276377,110,238820,-1
34439.915,2,275464,110,237450,1
34439.924,1,276521,110,237550,1
34439.972,2,276521,110,237550,1
34439.978,1,276550,110,237450,1
34441.033,2,275797,364,236920,1
34441.038,1,277048,364,236950,1
34441.27,2,276550,110,237450,1
34441.275,1,277150,110,237550,1
34444.38,2,277048,364,236950,1
34444.385,1,278902,364,236980,1
34444.576,2,277150,110,237550,1
34444.581,1,279021,110,237640,1
34445.339,2,276377,110,238820,-1
34445.343,1,279486,110,238910,-1
34446.392,2,279021,110,237640,1
34446.396,1,280131,110,237730,1
34446.574,1,280215,1000,237700,1
34446.654,2,280131,110,237730,1
34446.66,1,280290,110,237640,1
34447.358,1,280672,4000,237700,1
34447.389,2,280290,110,237640,1
34447.398,1,280735,110,237550,1
34447.701,2,280672,4000,237700,1
34447.701,2,280215,1000,237700,1
34447.725,1,281036,1000,237800,1
34448.049,1,281256,200,237700,1
34448.05,1,281257,4000,237700,1
34448.052,2,281036,1000,237800,1
34448.073,1,281274,1000,237700,1
34448.34,2,281257,4000,237700,1
34448.345,2,281274,1000,237700,1
34448.349,2,280735,110,237550,1
34448.355,1,281458,110,237640,1
34448.384,1,281472,4000,237800,1
34448.534,2,281472,4000,237800,1
34448.564,2,281256,200,237700,1
34448.72,1,281640,1000,237800,1
34448.829,2,281640,1000,237800,1
34448.856,1,281725,1000,237700,1
34449.098,2,281725,1000,237700,1
34449.517,1,282090,200,237700,1
34450.231,1,282567,1000,238000,1
34450.313,2,278902,364,236980,1
34450.318,1,282628,364,237010,1
34450.454,1,282746,200,237900,1
34450.458,2,282090,200,237700,1
34450.497,1,282774,1000,237800,1
34450.699,2,282774,1000,237800,1
34450.807,1,283055,4000,238000,1
34450.854,1,283095,1000,238000,1
34451.051,2,282746,200,237900,1
34451.067,2,283095,1000,238000,1
34451.604,1,283691,1000,238000,1
34451.982,1,283963,200,237900,1
34453.999,2,281458,110,237640,1
34454.01,1,285471,110,237730,1
34454.064,1,285514,500,238800,-1
34454.736,2,285514,500,238800,-1
34455.133,2,283963,200,237900,1
34455.152,2,283691,1000,238000,1
34455.329,2,283055,4000,238000,1
34455.546,1,286444,4000,238000,1
34455.914,2,275667,364,239230,-1
34455.924,1,286670,364,239200,-1
34455.925,1,286671,200,237900,1
34456.003,2,286444,4000,238000,1
34456.016,1,286718,4000,238100,1
34456.446,1,287007,1000,238100,1
34456.9,2,286718,4000,238100,1
34456.955,2,287007,1000,238100,1
34457.029,1,287427,4000,238100,1
34457.216,1,287542,1000,238100,1
34457.697,2,287427,4000,238100,1
34457.839,2,282628,364,237010,1
34457.851,1,288009,364,236920,1
34457.86,2,287542,1000,238100,1
34457.948,2,288009,364,236920,1
34457.954,1,288072,364,236870,1
34459.558,2,270608,1000,237100,1
34459.982,2,285471,110,237730,1
34459.991,1,289533,110,237550,1
34460.045,2,289533,110,237550,1
34460.051,1,289590,110,237450,1
34460.085,2,279486,110,238910,-1
34460.091,1,289642,110,238820,-1
34460.149,1,289698,200,237700,1
34460.307,2,289642,110,238820,-1
34460.314,1,289828,110,238910,-1
34460.529,2,289590,110,237450,1
34460.535,1,289984,110,237550,1
34460.538,2,289828,110,238910,-1
34460.545,1,289996,110,238820,-1
34461.086,2,286671,200,237900,1
34461.46,2,289996,110,238820,-1
34461.466,1,290773,110,238730,-1
34461.569,2,290773,110,238730,-1
34461.574,1,290879,110,238820,-1
34461.754,2,290879,110,238820,-1
34461.761,1,291061,110,238910,-1
34461.996,2,289984,110,237550,1
34462.002,1,291287,110,237450,1
34462.603,2,291061,110,238910,-1
34462.611,1,291880,110,238820,-1
34463.141,2,291880,110,238820,-1
34463.147,1,292360,110,238910,-1
34463.304,2,292360,110,238910,-1
34463.308,1,292496,110,238820,-1
34463.344,2,291287,110,237450,1
34463.351,1,292541,110,237550,1
34463.487,2,292496,110,238820,-1
34463.492,1,292692,110,238910,-1
34463.639,2,292692,110,238910,-1
34463.644,1,292822,110,238730,-1
34465.165,2,286670,364,239200,-1
34465.17,1,294008,364,239120,-1
34465.236,2,282567,1000,238000,1
34465.289,1,294143,500,237700,1
34465.446,2,288072,364,236870,1
34465.45,1,294290,364,237010,1
34465.667,1,294492,200,238100,1
34465.696,2,294008,364,239120,-1
34465.702,1,294533,364,239200,-1
34465.738,2,292822,110,238730,-1
34465.744,1,294596,110,238910,-1
34465.796,5,294508,200,238150,1
34465.796,5,294517,200,238140,1
34465.94,2,294492,200,238100,1
34465.95,2,294290,364,237010,1
34465.956,1,294796,364,236920,1
34465.98,2,294596,110,238910,-1
34465.984,1,294822,110,238640,-1
34465.996,1,294835,1000,237710,1
34466.052,2,262759,1000,238720,-1
34466.197,1,295072,1000,238630,-1
34466.467,2,294796,364,236920,1
34466.471,1,295294,364,237010,1
34467.098,1,295875,200,238200,-1
34467.231,2,295875,200,238200,-1
34467.477,2,294835,1000,237710,1
34467.489,2,294822,110,238640,-1
34467.494,1,296265,110,238820,-1
34467.651,2,296265,110,238820,-1
34467.656,1,296399,110,238910,-1
34467.701,1,296434,600,237710,1
34467.951,1,296598,200,238300,-1
34468.098,1,296723,100,238400,-1
34468.121,2,296598,200,238300,-1
34468.175,2,295072,1000,238630,-1
34468.359,2,294143,500,237700,1
34468.407,2,295294,364,237010,1
34468.413,1,297033,364,236870,1
34468.416,2,296399,110,238910,-1
34468.422,1,297049,110,238820,-1
34468.541,2,292541,110,237550,1
34468.546,1,297154,110,237640,1
34468.668,2,297154,110,237640,1
34468.673,1,297229,110,237550,1
34468.728,2,297229,110,237550,1
34468.734,1,297280,110,237650,1
34468.903,2,296434,600,237710,1
34468.934,2,297280,110,237650,1
34468.94,1,297421,110,237450,1
34468.942,2,297049,110,238820,-1
34468.948,1,297427,110,238730,-1
34468.963,1,297451,200,238300,-1
34468.994,5,297250,200,238020,1
34469.049,2,297451,200,238300,-1
34469.171,2,297421,110,237450,1
34469.177,1,297665,110,237730,1
34469.902,2,297033,364,236870,1
34469.906,1,298223,364,236980,1
34469.945,1,298235,200,238200,-1
34470.115,2,298235,200,238200,-1
34470.21,2,298223,364,236980,1
34470.215,1,298450,364,236920,1
34470.515,1,298688,200,238300,-1
34470.519,2,297665,110,237730,1
34470.526,1,298707,110,237450,1
34470.823,1,298919,200,238200,-1
34470.826,1,298925,200,237800,1
34470.904,2,298919,200,238200,-1
34470.908,2,298688,200,238300,-1
34470.91,2,298925,200,237800,1
34471.135,2,298707,110,237450,1
34471.14,1,299145,110,237550,1
34471.308,5,299031,200,238180,-1
34471.308,5,299081,200,238180,-1
34471.997,1,299721,700,237710,1
34472.051,1,299757,200,237900,1
34472.399,2,299757,200,237900,1
34473.243,2,299721,700,237710,1
34473.279,1,300617,1000,237710,1
34473.353,1,300665,200,237900,1
34473.555,2,297427,110,238730,-1
34473.559,1,300826,110,238910,-1
34473.601,1,300867,4000,238000,1
34474.168,1,301340,200,238300,-1
34474.174,2,300665,200,237900,1
34474.544,5,301517,300,238190,-1
34475.32,2,300826,110,238910,-1
34475.327,1,302221,110,238820,-1
34475.661,1,302430,1000,238000,1
34476.273,2,302221,110,238820,-1
34476.28,1,302899,110,238910,-1
34477.09,2,302430,1000,238000,1
34478.632,2,298450,364,236920,1
34478.642,1,304389,364,236870,1
34479.756,2,300867,4000,238000,1
34479.796,1,305002,4000,238100,1
34479.883,1,305038,1500,238190,1
34480.819,1,305533,503,210100,1
34481.038,2,301340,200,238300,-1
34481.774,1,306029,1000,237000,1
34482.883,2,305038,1500,238190,1
34483.358,5,306579,66,238140,1
34483.781,2,299145,110,237550,1
34483.786,1,307219,110,237730,1
34483.956,2,305002,4000,238100,1
34483.992,2,302899,110,238910,-1
34483.997,2,300617,1000,237710,1
34483.998,1,307403,110,238820,-1
34484.223,2,304389,364,236870,1
34484.228,1,307569,364,236920,1
34484.311,1,307639,4000,238100,1
34484.435,1,307753,1000,237740,1
34484.91,2,307403,110,238820,-1
34484.914,1,308072,110,238910,-1
34485.42,2,307639,4000,238100,1
34486.585,1,309064,500,238100,1
34488.694,1,310286,1200,238100,1
34488.781,2,308072,110,238910,-1
34488.786,1,310335,110,238820,-1
34489.127,2,309064,500,238100,1
34489.129,1,310534,500,238200,1
34489.518,1,310737,1000,238300,1
34489.875,1,310893,1000,238200,1
34489.974,2,307219,110,237730,1
34489.979,1,310945,110,237640,1
34490.718,2,310335,110,238820,-1
34490.723,1,311341,110,238910,-1
34491.283,5,311117,500,238340,1
34491.283,4,310737,500,238300,1
34491.45,2,311341,110,238910,-1
34491.459,1,311761,110,238820,-1
34491.737,2,296723,100,238400,-1
34491.769,1,311971,500,238900,-1
34491.998,1,312113,1000,238810,-1
34492.236,2,311761,110,238820,-1
34492.24,1,312291,110,238910,-1
34492.864,2,310893,1000,238200,1
34493.05,2,312291,110,238910,-1
34493.064,1,312706,110,238820,-1
34493.804,2,312706,110,238820,-1
34493.81,1,313053,110,238910,-1
34494.761,2,313053,110,238910,-1
34494.767,1,313745,110,238820,-1
34494.952,2,313745,110,238820,-1
34494.958,1,313898,110,238910,-1
34494.961,2,310945,110,237640,1
34494.974,1,313914,110,237730,1
34497.296,1,315796,4000,238200,1
34498.084,2,307569,364,236920,1
34498.09,1,316315,364,236950,1
34498.802,2,315796,4000,238200,1
34498.831,2,294533,364,239200,-1
34498.836,1,316786,364,239230,-1
34498.9,2,316315,364,236950,1
34498.905,1,316843,364,237010,1
34499.222,2,316843,364,237010,1
34499.227,1,317087,364,236950,1
34499.526,1,317265,1000,238500,-1
34499.799,1,317473,1000,238400,-1
34499.878,4,310737,55,238300,1
34500.928,5,318112,455,238310,1
34501.078,2,311971,500,238900,-1
34501.115,4,317473,400,238400,-1
34501.317,2,317473,600,238400,-1
34501.345,5,318112,45,238310,1
34501.345,5,318116,55,238310,1
34501.618,2,316786,364,239230,-1
34501.626,1,318982,364,239200,-1
34502.63,4,317265,500,238500,-1
34502.688,4,317265,197,238500,-1
34502.79,2,318982,364,239200,-1
34502.798,1,320102,364,239230,-1
34502.814,4,317265,303,238500,-1
34502.814,5,318779,61,238500,-1
34502.972,2,320102,364,239230,-1
34502.979,1,320232,364,239200,-1
34503.041,2,320232,364,239200,-1
34503.046,1,320271,364,239230,-1
34503.589,1,320642,200,238600,-1
34503.665,2,320642,200,238600,-1
34504.581,2,310534,500,238200,1
34504.588,2,312113,1000,238810,-1
34504.619,1,321306,600,238900,-1
34505.092,2,320271,364,239230,-1
34505.743,2,317087,364,236950,1
34505.759,1,322019,364,236920,1
34506.271,1,322335,500,238200,1
34506.379,2,313914,110,237730,1
34506.385,1,322419,110,237640,1
34506.389,2,322419,110,237640,1
34507.068,2,322019,364,236920,1
34507.074,1,323149,364,236870,1
34507.126,2,313898,110,238910,-1
34507.131,1,323183,110,238820,-1
34507.183,2,321306,600,238900,-1
34507.216,1,323225,600,238810,-1
34507.926,2,220629,2000,236700,1
34508.071,2,323225,600,238810,-1
34508.581,5,320252,100,238600,-1
34508.581,5,324277,200,238600,-1
34508.668,5,324337,69,238590,-1
34508.668,5,324371,300,238590,-1
34508.851,2,307753,1000,237740,1
34508.868,5,324513,400,238590,-1
34509.902,1,325356,364,238870,-1
34510.642,1,325741,200,238800,-1
34510.733,2,325741,200,238800,-1
34511.997,1,326596,400,238310,1
34512.209,1,326721,500,238400,1
34512.314,2,326596,400,238310,1
34512.394,1,326849,600,238410,1
34512.418,2,323183,110,238820,-1
34512.427,1,326875,110,238910,-1
34512.446,1,326888,200,238800,-1
34512.614,2,326888,200,238800,-1
34512.851,2,326721,500,238400,1
34512.961,2,323149,364,236870,1
34512.97,1,327237,364,236950,1
34513.39,2,327237,364,236950,1
34513.395,1,327476,364,236870,1
34513.508,2,326849,600,238410,1
34513.694,2,325356,364,238870,-1
34513.701,1,327743,364,238820,-1
34513.85,2,327743,364,238820,-1
34513.855,1,327842,364,238850,-1
34513.881,2,326875,110,238910,-1
34513.886,1,327856,110,238820,-1
34513.991,2,327842,364,238850,-1
34513.996,1,327937,364,238820,-1
34514.352,2,327856,110,238820,-1
34514.357,1,328182,110,238910,-1
34514.594,2,327937,364,238820,-1
34514.6,1,328325,364,238870,-1
34515.023,1,328580,500,238310,1
34515.043,2,328325,364,238870,-1
34515.049,2,327476,364,236870,1
34515.059,1,328608,364,238820,-1
34515.062,1,328613,364,236790,1
34515.268,2,328608,364,238820,-1
34515.273,1,328726,364,238870,-1
34515.443,2,328726,364,238870,-1
34515.448,1,328836,364,238820,-1
34515.551,2,328836,364,238820,-1
34515.556,1,328891,364,238870,-1
34516.093,1,329195,100,238700,1
34516.103,2,328182,110,238910,-1
34516.109,1,329204,110,238820,-1
34516.322,2,329204,110,238820,-1
34516.327,1,329326,110,238910,-1
34516.554,1,329433,200,238800,-1
34516.604,1,329465,100,238800,-1
34516.695,2,329326,110,238910,-1
34516.726,2,329433,200,238800,-1
34516.883,2,328580,500,238310,1
34517.091,1,329744,200,238900,-1
34517.114,5,329487,200,238760,-1
34517.114,5,329624,300,238790,-1
34517.114,1,329758,500,238790,1
34517.13,2,328891,364,238870,-1
34517.139,2,328613,364,236790,1
34517.147,4,329758,364,238790,1
34517.319,1,329898,364,238270,1
34517.32,1,329900,364,239200,-1
34517.639,1,330084,110,237640,1
34518.021,1,330298,245,211000,1
34518.069,4,329758,91,238790,1
34518.217,4,329758,45,238790,1
34518.363,2,329900,364,239200,-1
34518.367,1,330495,364,239090,-1
34518.393,2,330084,110,237640,1
34518.398,1,330525,110,237910,1
34518.429,2,330525,110,237910,1
34518.434,1,330563,110,237640,1
34518.493,4,329195,100,238700,1
34518.633,2,330563,110,237640,1
34518.639,1,330750,110,237820,1
34519.278,2,329898,364,238270,1
34519.284,1,331281,364,238220,1
34519.291,2,331281,364,238220,1
34519.298,1,331299,364,238130,1
34519.708,5,330626,100,238750,-1
34519.723,2,330495,364,239090,-1
34519.728,1,331581,364,238980,-1
34519.813,1,331650,110,238820,-1
34519.879,2,331581,364,238980,-1
34519.886,1,331691,364,239010,-1
34519.946,5,330663,68,238600,1
34519.97,2,331691,364,239010,-1
34519.983,2,330750,110,237820,1
34519.996,1,331789,364,238980,-1
34520.0,1,331794,110,237640,1
34520.001,1,331797,600,238310,1
34520.116,2,331789,364,238980,-1
34520.121,1,331901,364,239010,-1
34520.444,1,332170,22,238800,-1
34520.586,2,332170,22,238800,-1
34520.614,2,331901,364,239010,-1
34520.616,1,332316,22,238700,-1
34520.621,1,332318,364,238980,-1
34520.856,2,329744,200,238900,-1
34520.973,1,332630,222,238700,-1
34521.072,2,331797,600,238310,1
34521.334,2,152208,2500,236700,1
34521.732,2,329465,100,238800,-1
34521.734,1,333162,100,238700,-1
34521.959,2,331299,364,238130,1
34521.966,1,333350,364,238160,1
34522.754,2,333350,364,238160,1
34522.759,1,333966,364,238100,1
34522.873,2,332316,22,238700,-1
34522.882,2,332318,364,238980,-1
34522.888,1,334058,364,238870,-1
34522.889,2,331650,110,238820,-1
34523.027,2,334058,364,238870,-1
34523.033,1,334149,110,238820,-1
34523.034,1,334151,364,238980,-1
34523.152,2,333162,100,238700,-1
34523.154,1,334233,100,238600,-1
34523.168,2,333966,364,238100,1
34523.172,1,334253,364,238130,1
34523.251,2,334151,364,238980,-1
34523.257,1,334311,364,239010,-1
34523.521,2,334311,364,239010,-1
34523.526,1,334509,364,238980,-1
34523.616,2,334509,364,238980,-1
34523.62,1,334580,364,239010,-1
34523.837,2,334580,364,239010,-1
34523.841,1,334740,364,238960,-1
34524.043,2,334233,100,238600,-1
34524.045,1,334860,100,238500,-1
34524.401,2,334149,110,238820,-1
34524.637,2,334253,364,238130,1
34524.643,1,335282,364,238100,1
34524.832,2,334740,364,238960,-1
34524.836,2,331794,110,237640,1
34524.843,1,335371,364,239010,-1
34524.845,1,335372,110,237730,1
34525.425,2,335372,110,237730,1
34525.433,1,335915,110,237820,1
34525.45,2,335282,364,238100,1
34525.455,1,335938,364,238130,1
34526.604,2,334860,100,238500,-1
34526.609,1,337066,100,238600,-1
34526.735,2,335371,364,239010,-1
34526.741,1,337196,364,238980,-1
34526.937,2,337066,100,238600,-1
34526.939,1,337414,100,238500,-1
34528.317,2,335938,364,238130,1
34528.326,1,338439,364,238160,1
34528.972,2,338439,364,238160,1
34528.976,1,338803,364,238130,1
34529.078,2,335915,110,237820,1
34529.083,1,338870,110,237910,1
34529.909,2,338803,364,238130,1
34529.913,1,339332,364,238190,1
34529.915,2,338870,110,237910,1
34529.919,1,339334,110,237730,1
34531.642,2,339334,110,237730,1
34531.646,1,340560,110,237820,1
34532.108,4,337414,100,238500,-1
34532.706,2,340560,110,237820,1
34532.724,1,341262,110,237910,1
34532.792,2,337196,364,238980,-1
34532.814,1,341335,364,239010,-1
34534.178,2,341335,364,239010,-1
34534.369,1,342267,364,238850,-1
34535.787,2,339332,364,238190,1
34535.902,1,343097,110,239090,-1
34536.107,1,343222,364,238210,1
34536.161,2,343222,364,238210,1
34536.167,1,343272,364,238240,1
34536.255,2,343272,364,238240,1
34536.26,1,343326,364,238210,1
34536.337,2,342267,364,238850,-1
34536.343,1,343384,364,238820,-1
34536.528,2,343384,364,238820,-1
34536.532,1,343479,364,238850,-1
34536.98,2,343326,364,238210,1
34536.985,1,343702,364,238270,1
34536.991,2,343479,364,238850,-1
34536.995,2,343702,364,238270,1
34536.997,1,343715,364,238820,-1
34537.001,1,343717,364,238210,1
34538.828,2,343715,364,238820,-1
34538.832,1,345055,364,238870,-1
34539.133,2,343717,364,238210,1
34539.134,2,345055,364,238870,-1
34539.137,1,345355,364,238240,1
34539.139,1,345357,364,238820,-1
34539.265,1,345497,1000,238400,1
34539.588,5,345597,349,238440,1
34539.781,2,341262,110,237910,1
34539.787,1,346057,110,238000,1
34539.869,2,345357,364,238820,-1
34539.876,1,346167,364,238960,-1
34540.09,2,184220,100,239000,-1
34540.099,1,346382,100,239500,-1
34540.716,5,345597,14,238440,1
34541.591,2,345355,364,238240,1
34541.597,1,347820,364,238270,1
34541.788,2,347820,364,238270,1
34541.793,1,348010,364,238300,1
34542.483,2,346167,364,238960,-1
34542.488,1,348695,364,239040,-1
34542.541,2,348695,364,239040,-1
34542.547,1,348736,364,238960,-1
34542.921,2,348736,364,238960,-1
34542.928,1,349084,364,238930,-1
34543.055,2,345497,1000,238400,1
34543.213,2,349084,364,238930,-1
34543.22,1,349283,364,239070,-1
34544.543,1,350213,1000,238400,1
34544.757,2,349283,364,239070,-1
34544.762,1,350396,364,239010,-1
34544.952,5,350255,71,238440,1
34544.952,5,345706,229,238410,1
34545.118,2,332630,222,238700,-1
34545.179,1,350636,500,239100,-1
34545.402,2,350396,364,239010,-1
34545.408,1,350788,364,239070,-1
34545.814,2,350788,364,239070,-1
34545.819,1,351020,364,239040,-1
34545.9,2,351020,364,239040,-1
34545.907,1,351078,364,239010,-1
34545.997,1,351135,1000,239000,-1
34546.033,2,350636,500,239100,-1
34546.04,1,351164,500,239000,-1
34546.62,2,351078,364,239010,-1
34546.626,1,351576,364,239070,-1
34546.637,2,348010,364,238300,1
34546.643,1,351591,364,238450,1
34547.461,2,351591,364,238450,1
34547.469,1,352177,364,238240,1
34547.698,2,352177,364,238240,1
34547.708,1,352313,364,238490,1
34548.249,2,352313,364,238490,1
34548.254,1,352627,364,238240,1
34548.261,2,350213,1000,238400,1
34548.42,2,352627,364,238240,1
34548.425,1,352726,364,238320,1
34548.555,2,351576,364,239070,-1
34548.56,1,352810,364,239040,-1
34548.565,2,346057,110,238000,1
34548.57,1,352822,110,238090,1
34548.622,2,352810,364,239040,-1
34548.627,2,343097,110,239090,-1
34548.629,1,352869,364,239070,-1
34548.633,1,352874,110,239260,-1
34548.747,2,352726,364,238320,1
34548.755,1,352975,364,238350,1
34548.796,2,352975,364,238350,1
34548.802,1,352999,364,238320,1
34548.828,2,352874,110,239260,-1
34548.833,1,353021,110,239360,-1
34549.006,2,352869,364,239070,-1
34549.012,1,353138,364,239040,-1
34549.072,2,352999,364,238320,1
34549.078,1,353181,364,238460,1
34549.124,2,353181,364,238460,1
34549.133,1,353213,364,238320,1
34549.139,2,353021,110,239360,-1
34549.144,1,353220,110,239270,-1
34549.353,2,353213,364,238320,1
34549.359,1,353350,364,238350,1
34549.514,2,353138,364,239040,-1
34549.518,1,353435,364,239070,-1
34549.69,2,353350,364,238350,1
34549.695,1,353543,364,238320,1
34549.945,2,353543,364,238320,1
34549.949,1,353710,364,238350,1
34550.213,2,353710,364,238350,1
34550.217,1,353891,364,238320,1
34550.46,2,353891,364,238320,1
34550.465,1,354027,364,238430,1
34550.776,2,354027,364,238430,1
34550.781,1,354186,364,238350,1
34550.93,2,354186,364,238350,1
34550.936,1,354283,364,238380,1
34551.149,2,354283,364,238380,1
34551.155,1,354406,364,238350,1
34551.309,2,354406,364,238350,1
34551.314,1,354504,364,238430,1
34551.493,2,353220,110,239270,-1
34551.499,1,354615,110,239360,-1
34551.587,2,351135,1000,239000,-1
34551.62,2,354615,110,239360,-1
34551.637,1,354703,110,239090,-1
34551.646,2,351164,500,239000,-1
34551.809,1,354865,1000,239060,-1
34552.026,2,354504,364,238430,1
34552.031,1,355032,364,238350,1
34552.267,2,355032,364,238350,1
34552.276,1,355244,364,238380,1
34552.323,2,355244,364,238380,1
34552.33,1,355288,364,238430,1
34552.424,2,355288,364,238430,1
34552.429,1,355354,364,238520,1
34552.784,2,354703,110,239090,-1
34552.79,1,355648,110,239180,-1
34553.013,1,355826,200,238800,-1
34553.328,2,355354,364,238520,1
34553.333,1,356097,364,238380,1
34553.353,2,356097,364,238380,1
34553.359,1,356125,364,238350,1
34553.623,2,355826,200,238800,-1
34553.641,2,355648,110,239180,-1
34553.648,1,356435,110,239360,-1
34553.745,2,352822,110,238090,1
34553.75,1,356525,110,238180,1
34553.782,2,356125,364,238350,1
34553.789,1,356567,364,238320,1
34553.82,1,356590,500,238400,1
34553.824,1,356598,4000,238600,1
34553.965,2,353435,364,239070,-1
34553.97,1,356708,364,238980,-1
34554.059,2,356708,364,238980,-1
34554.066,1,356793,364,239010,-1
34554.102,2,356598,4000,238600,1
34554.102,2,354865,1000,239060,-1
34554.12,1,356853,4000,238700,1
34554.176,2,356567,364,238320,1
34554.182,1,356904,364,238240,1
34554.23,2,356793,364,239010,-1
34554.239,1,356955,364,238900,-1
34554.24,2,356955,364,238900,-1
34554.248,1,356959,364,239010,-1
34554.283,2,356904,364,238240,1
34554.289,1,356984,364,238380,1
34554.325,1,357018,900,239000,-1
34554.33,2,356959,364,239010,-1
34554.341,1,357028,364,238930,-1
34554.358,2,356435,110,239360,-1
34554.365,1,357049,110,239180,-1
34554.433,2,356984,364,238380,1
34554.441,2,357028,364,238930,-1
34554.447,1,357136,364,238240,1
34554.453,1,357142,364,238900,-1
34554.456,2,357142,364,238900,-1
34554.463,1,357159,364,238930,-1
34554.467,2,357159,364,238930,-1
34554.472,1,357172,364,238900,-1
34554.564,2,357172,364,238900,-1
34554.57,1,357271,364,239040,-1
34554.618,2,357271,364,239040,-1
34554.625,1,357313,364,238960,-1
34554.648,2,357136,364,238240,1
34554.661,2,357313,364,238960,-1
34554.761,1,357409,364,238320,1
34554.763,1,357412,364,238900,-1
34554.767,2,357409,364,238320,1
34554.773,1,357420,364,238240,1
34554.774,1,357421,1000,238700,1
34554.862,2,357421,1000,238700,1
34554.871,2,357412,364,238900,-1
34554.876,1,357486,364,238950,-1
34555.159,1,357669,1000,238700,1
34555.169,2,357018,900,239000,-1
34555.869,2,357420,364,238240,1
34556.059,2,356853,4000,238700,1
34556.063,2,357669,1000,238700,1
34556.097,1,358238,1000,238800,1
34556.111,1,358243,4000,238800,1
34556.134,2,357486,364,238950,-1
34556.139,1,358259,364,239070,-1
34556.194,2,358259,364,239070,-1
34556.2,1,358300,364,238930,-1
34556.272,2,358300,364,238930,-1
34556.279,1,358343,364,239070,-1
34556.281,2,358343,364,239070,-1
34556.285,1,358350,364,238930,-1
34556.397,2,358350,364,238930,-1
34556.403,1,358416,364,239070,-1
34556.689,1,358651,200,238680,1
34556.792,2,358243,4000,238800,1
34556.949,1,358834,364,238380,1
34557.053,2,356590,500,238400,1
34557.061,1,358893,500,238800,1
34557.103,2,358651,200,238680,1
34557.151,2,358834,364,238380,1
34557.222,2,358893,500,238800,1
34557.253,2,358238,1000,238800,1
34557.28,1,359043,364,238380,1
34557.337,1,359079,4000,239000,1
34557.432,4,359079,105,239000,1
34557.458,1,359155,1000,239000,1
34557.47,2,359043,364,238380,1
34557.478,1,359171,364,238350,1
34557.507,2,358416,364,239070,-1
34557.512,1,359196,364,239040,-1
34557.652,2,359079,3895,239000,1
34557.697,4,359196,300,239040,-1
34557.889,2,359155,1000,239000,1
34558.142,1,359649,400,239000,1
34558.154,4,359196,64,239040,-1
34558.308,5,359656,364,239040,1
34558.354,2,359171,364,238350,1
34558.399,1,359813,1000,239100,1
34558.534,1,359938,364,239400,-1
34558.6,1,360007,105,239200,-1
34558.614,2,359938,364,239400,-1
34558.643,5,360012,100,239170,-1
34558.691,1,360079,364,238850,1
34558.814,2,360007,105,239200,-1
34558.849,2,356525,110,238180,1
34558.85,2,357049,110,239180,-1
34558.992,1,360323,364,239400,-1
34558.995,1,360326,1000,239490,-1
34559.332,2,360079,364,238850,1
34559.34,1,360620,364,238820,1
34559.394,2,360620,364,238820,1
34559.4,1,360659,364,238740,1
34559.46,2,360326,1000,239490,-1
34559.53,1,360721,110,238640,1
34559.862,2,359813,1000,239100,1
34560.047,1,361118,115,239200,-1
34560.121,2,360659,364,238740,1
34560.134,1,361175,364,238850,1
34560.143,2,361175,364,238850,1
34560.154,1,361201,364,238760,1
34560.156,2,361201,364,238760,1
34560.163,1,361204,364,238820,1
34560.318,4,361118,115,239200,-1
34560.355,1,361322,1000,239200,1
34560.404,1,361356,200,239300,-1
34560.645,2,361204,364,238820,1
34560.65,1,361491,364,238870,1
34560.691,2,361356,200,239300,-1
34560.861,2,361322,1000,239200,1
34560.963,2,361491,364,238870,1
34560.969,1,361658,364,238760,1
34561.141,2,361658,364,238760,1
34561.147,1,361755,364,238820,1
34561.196,2,361755,364,238820,1
34561.202,1,361786,364,238850,1
34561.379,2,360323,364,239400,-1
34561.384,1,361913,364,239370,-1
34561.396,1,361923,100,239590,-1
34561.447,2,361786,364,238850,1
34561.453,1,361984,364,238760,1
34561.64,2,361913,364,239370,-1
34561.646,1,362167,364,239230,-1
34561.838,2,362167,364,239230,-1
34561.844,1,362327,364,239370,-1
34562.058,1,362460,200,239330,-1
34562.067,2,361984,364,238760,1
34562.067,2,362327,364,239370,-1
34562.098,1,362490,364,239590,-1
34562.312,2,362490,364,239590,-1
34562.316,1,362610,364,239700,-1
34562.346,1,362632,364,238870,1
34562.503,2,362632,364,238870,1
34562.513,1,362733,364,238760,1
34562.699,2,362733,364,238760,1
34562.703,1,362841,364,238790,1
34562.894,2,362841,364,238790,1
34562.898,1,362938,364,238870,1
34563.195,2,362938,364,238870,1
34563.201,1,363170,364,238760,1
34563.259,2,363170,364,238760,1
34563.267,1,363240,364,238880,1
34563.274,2,363240,364,238880,1
34563.286,2,362460,200,239330,-1
34563.287,1,363262,364,238850,1
34563.363,2,363262,364,238850,1
34563.368,1,363323,364,238900,1
34563.553,2,363323,364,238900,1
34563.557,1,363478,364,238740,1
34563.797,2,363478,364,238740,1
34563.801,1,363638,364,238820,1
34563.988,2,363638,364,238820,1
34563.992,1,363754,364,238740,1
34564.863,2,363754,364,238740,1
34564.876,1,364364,364,238870,1
34565.227,2,364364,364,238870,1
34565.234,1,364571,364,238740,1
34565.369,2,362610,364,239700,-1
34565.374,1,364659,364,239640,-1
34565.566,2,364659,364,239640,-1
34565.572,1,364780,364,239700,-1
34565.755,2,346382,100,239500,-1
34565.764,1,364895,100,239900,-1
34566.597,1,365383,200,239400,-1
34566.92,2,364571,364,238740,1
34566.933,1,365661,364,238870,1
34566.946,1,365673,105,239400,-1
34567.056,1,365748,1000,239010,1
34567.134,2,365383,200,239400,-1
34567.88,2,365673,105,239400,-1
34567.97,1,366590,110,239360,-1
34568.226,2,366590,110,239360,-1
34568.231,1,366789,110,239180,-1
34568.509,1,366982,200,239400,-1
34568.982,2,360721,110,238640,1
34568.984,2,366789,110,239180,-1
34569.07,2,365748,1000,239010,1
34569.15,2,366982,200,239400,-1
34569.158,1,367448,110,239180,-1
34569.16,2,367448,110,239180,-1
34569.839,1,367893,110,238640,1
34569.899,1,367937,110,239180,-1
34569.902,4,367937,100,239180,-1
34569.928,2,367893,110,238640,1
34569.929,2,367937,10,239180,-1
34569.952,1,367972,200,239400,-1
34569.954,1,367975,110,239640,-1
34570.108,1,368080,105,239400,-1
34570.13,2,367972,200,239400,-1
34570.232,2,367975,110,239640,-1
34570.289,1,368224,110,239820,-1
34570.754,2,368080,105,239400,-1
34570.837,2,364780,364,239700,-1
34570.843,1,368598,364,239730,-1
34570.959,2,368598,364,239730,-1
34570.968,1,368659,364,239840,-1
34570.989,1,368666,110,239090,1
34570.997,1,368670,1000,239010,1
34572.387,2,364895,100,239900,-1
34572.395,1,369336,100,249900,-1
34572.99,1,369644,500,239400,-1
34573.071,1,369697,105,239400,-1
34573.206,2,365661,364,238870,1
34573.212,1,369759,364,239010,1
34573.419,2,368224,110,239820,-1
34573.426,1,369886,110,239730,-1
34573.658,2,369886,110,239730,-1
34573.663,1,370011,110,239820,-1
34573.808,2,368666,110,239090,1
34573.813,1,370106,110,239180,1
34574.037,2,369644,500,239400,-1
34574.127,5,369739,500,239360,-1
34574.127,4,369697,105,239400,-1
34575.811,2,370011,110,239820,-1
34575.816,1,371357,110,240000,-1
34576.249,2,370106,110,239180,1
34576.253,1,371604,110,239270,1
34576.292,2,371357,110,240000,-1
34576.299,1,371648,110,240080,-1
34576.507,2,369759,364,239010,1
34576.513,1,371770,364,239040,1
34576.782,2,368659,364,239840,-1
34576.789,1,372010,364,239890,-1
34576.814,2,372010,364,239890,-1
34576.819,1,372031,364,239950,-1
34579.278,1,373354,200,240000,-1
34581.433,2,371770,364,239040,1
34581.438,1,374516,364,239010,1
34582.016,2,374516,364,239010,1
34582.02,1,374820,364,238820,1
34582.143,2,372031,364,239950,-1
34582.148,1,374874,364,239750,-1
34582.644,2,374874,364,239750,-1
34582.649,1,375189,364,239810,-1
34582.763,2,359649,400,239000,1
34582.786,2,375189,364,239810,-1
34582.809,1,375312,364,239670,-1
34583.382,2,375312,364,239670,-1
34583.386,1,375617,364,239810,-1
34583.524,2,374820,364,238820,1
34583.532,1,375703,364,238900,1
34583.656,2,224066,200,237500,1
34583.657,2,375703,364,238900,1
34583.663,1,375806,364,238850,1
34584.09,2,375806,364,238850,1
34584.103,1,376040,364,238900,1
34584.454,2,376040,364,238900,1
34584.464,1,376223,364,238870,1
34586.271,1,377378,200,239500,-1
34586.433,2,377378,200,239500,-1
34586.46,2,375617,364,239810,-1
34586.48,1,377502,364,239670,-1
34586.645,2,377502,364,239670,-1
34586.65,1,377599,364,239810,-1
34586.711,2,377599,364,239810,-1
34586.717,1,377638,364,239670,-1
34586.84,2,377638,364,239670,-1
34586.845,1,377707,364,239810,-1
34587.095,2,377707,364,239810,-1
34587.1,1,377862,364,239670,-1
34587.224,2,377862,364,239670,-1
34587.23,1,377953,364,239810,-1
34587.701,2,377953,364,239810,-1
34587.712,1,378410,364,239670,-1
34587.949,2,378410,364,239670,-1
34587.958,1,378577,364,239810,-1
34588.025,5,370719,14,239300,1
34588.508,2,376223,364,238870,1
34588.516,1,378881,364,238790,1
34589.072,2,378881,364,238790,1
34589.076,1,379157,364,238900,1
34589.906,2,378577,364,239810,-1
34589.912,1,379754,364,239750,-1
34590.523,2,379157,364,238900,1
34590.527,1,380187,364,238790,1
34590.552,5,379789,51,239310,1
34590.563,2,379754,364,239750,-1
34590.569,1,380219,364,239970,-1
34590.6,2,380187,364,238790,1
34590.606,5,370280,364,239460,-1
34590.651,5,370280,64,239460,-1
34590.651,5,379760,100,239480,-1
34590.651,5,377254,200,239490,-1
34590.678,1,380310,4000,239300,1
34590.737,2,380219,364,239970,-1
34590.743,1,380347,364,240000,-1
34590.805,2,380347,364,240000,-1
34590.811,1,380395,364,238870,1
34590.813,1,380396,364,240080,-1
34590.833,2,380395,364,238870,1
34590.838,1,380414,364,239370,1
34590.941,2,380414,364,239370,1
34590.949,1,380498,364,238870,1
34590.951,2,380396,364,240080,-1
34590.957,2,380498,364,238870,1
34590.963,1,380514,364,238900,1
34591.175,2,380514,364,238900,1
34591.181,1,380706,364,238870,1
34591.39,2,380706,364,238870,1
34591.475,2,371604,110,239270,1
34591.642,1,381027,364,238540,1
34591.655,1,381041,1000,239300,1
34591.671,2,381027,364,238540,1
34591.677,1,381055,364,238430,1
34591.681,2,381055,364,238430,1
34591.686,1,381064,364,238540,1
34591.69,2,381064,364,238540,1
34591.695,1,381069,364,238430,1
34591.699,1,381072,110,239270,1
34591.72,2,381072,110,239270,1
34591.721,2,371648,110,240080,-1
34591.798,2,381069,364,238430,1
34591.804,1,381155,364,238630,1
34591.811,2,381155,364,238630,1
34591.816,1,381168,364,238550,1
34591.877,2,381168,364,238550,1
34591.883,1,381217,364,238630,1
34591.975,2,381217,364,238630,1
34591.982,1,381265,364,238460,1
34591.994,2,381265,364,238460,1
34592.0,1,381280,364,238630,1
34592.263,2,380310,4000,239300,1
34592.268,2,381041,1000,239300,1
34592.28,1,381470,364,239620,-1
34592.283,1,381472,4000,239400,1
34592.316,2,381470,364,239620,-1
34592.321,1,381494,364,239530,-1
34592.329,2,381280,364,238630,1
34592.376,1,381514,1000,239400,1
34592.474,1,381554,110,238820,1
34592.477,2,381494,364,239530,-1
34592.506,1,381572,364,239860,-1
34592.599,1,381642,364,238880,1
34592.663,2,381472,4000,239400,1
34592.686,2,381572,364,239860,-1
34592.692,1,381703,364,239480,-1
34592.773,2,381703,364,239480,-1
34592.779,1,381746,364,239950,-1
34592.895,2,381642,364,238880,1
34592.9,1,381817,364,238760,1
34592.939,2,381746,364,239950,-1
34592.951,1,381853,364,239590,-1
34593.003,2,381514,1000,239400,1
34593.023,2,381853,364,239590,-1
34593.027,1,381906,364,239950,-1
34593.033,2,381817,364,238760,1
34593.037,1,381911,364,238790,1
34593.069,2,381906,364,239950,-1
34593.075,1,381928,364,239860,-1
34593.101,2,381911,364,238790,1
34593.123,1,381960,364,238880,1
34593.278,2,381928,364,239860,-1
34593.282,1,382024,364,239510,-1
34593.419,2,381960,364,238880,1
34593.424,1,382088,364,238790,1
34593.512,2,382024,364,239510,-1
34593.517,1,382137,364,239860,-1
34593.527,2,382088,364,238790,1
34593.533,1,382150,364,238760,1
34593.654,1,382210,500,239100,1
34593.698,2,368670,1000,239010,1
34593.729,1,382245,1000,239110,1
34593.765,2,382150,364,238760,1
34593.77,1,382264,364,238880,1
34593.775,2,382264,364,238880,1
34593.78,1,382270,364,238760,1
34593.781,2,382137,364,239860,-1
34593.785,1,382273,364,239590,-1
34593.808,2,382270,364,238760,1
34593.812,1,382285,364,238820,1
34594.112,2,382285,364,238820,1
34594.116,1,382423,364,238870,1
34594.28,2,382273,364,239590,-1
34594.285,1,382538,364,239860,-1
34594.47,2,382423,364,238870,1
34594.474,1,382624,364,238760,1
34594.478,2,382624,364,238760,1
34594.483,1,382627,364,238820,1
34594.532,2,382538,364,239860,-1
34594.536,1,382645,364,239590,-1
34594.566,2,382645,364,239590,-1
34594.572,1,382662,364,239340,-1
34594.599,2,382210,500,239100,1
34594.751,2,382627,364,238820,1
34594.756,1,382738,364,238760,1
34595.205,2,382738,364,238760,1
34595.316,2,382662,364,239340,-1
34595.357,1,382963,364,239670,-1
34595.584,2,382963,364,239670,-1
34595.588,1,383077,364,240220,-1
34595.775,2,383077,364,240220,-1
34595.781,1,383145,364,239560,-1
34595.799,2,383145,364,239560,-1
34596.175,1,383293,364,239090,1
34596.304,1,383341,364,239890,-1
34597.01,5,382954,200,239490,-1
34597.01,4,241798,200,239500,-1
34597.646,1,384113,4000,239400,1
34597.756,1,384173,1000,239400,1
34599.133,5,384127,100,239440,1
34599.577,1,385218,2600,239500,-1
34599.59,2,384173,1000,239400,1
34599.736,1,385319,1000,239490,1
34599.738,2,385319,1000,239490,1
34599.757,2,384113,4000,239400,1
34599.843,4,385218,2600,239500,-1
34600.257,1,385629,1000,239500,1
34600.265,1,385634,4000,239500,1
34600.298,2,383341,364,239890,-1
34600.302,1,385653,364,240000,-1
34600.368,4,361923,100,239590,-1
34600.387,1,385692,500,240000,-1
34600.965,2,385653,364,240000,-1
34600.969,1,385981,364,239970,-1
34600.995,1,385998,1000,239990,-1
34601.134,2,385998,1000,239990,-1
34601.153,2,383293,364,239090,1
34601.158,1,386092,364,239120,1
34601.191,1,386121,1000,239960,-1
34601.384,2,381554,110,238820,1
34601.397,1,386292,110,238820,1
34601.761,2,386292,110,238820,1
34601.772,2,385634,4000,239500,1
34601.776,2,385629,1000,239500,1
34601.803,2,382245,1000,239110,1
34601.817,1,386606,1000,239600,1
34601.84,1,386622,1000,239130,1
34602.072,1,386753,4000,239600,1
34602.722,2,386606,1000,239600,1
34603.043,5,386619,200,239640,1
34603.124,1,387355,1000,239600,1
34603.487,1,387568,110,239820,-1
34603.534,5,386619,149,239640,1
34603.534,5,386620,81,239620,1
34603.585,2,387568,110,239820,-1
34603.591,1,387645,110,240080,-1
34603.863,2,387355,1000,239600,1
34604.089,1,387954,110,238820,1
34604.112,2,385981,364,239970,-1
34604.116,1,387977,364,239890,-1
34604.118,2,386121,1000,239960,-1
34604.164,2,386092,364,239120,1
34604.171,1,388024,364,239090,1
34604.629,2,385692,500,240000,-1
34604.765,2,387954,110,238820,1
34604.77,1,388467,110,238730,1
34604.787,2,387645,110,240080,-1
34604.792,1,388485,110,240000,-1
34604.85,2,388467,110,238730,1
34604.854,1,388523,110,238820,1
34604.882,2,388485,110,240000,-1
34604.888,1,388558,110,240080,-1
34604.924,2,386753,4000,239600,1
34604.934,1,388587,4000,239700,1
34605.241,1,388794,200,239520,1
34605.349,2,388558,110,240080,-1
34605.354,1,388847,110,240000,-1
34605.437,2,289698,200,237700,1
34605.752,2,388794,200,239520,1
34606.073,1,389283,200,238100,1
34606.131,2,388587,4000,239700,1
34606.288,2,388024,364,239090,1
34606.469,2,387977,364,239890,-1
34606.73,1,389704,364,239400,1
34606.731,1,389705,364,240220,-1
34606.78,2,386622,1000,239130,1
34606.822,2,389704,364,239400,1
34606.822,1,389745,1000,239410,1
34606.832,1,389753,364,239400,1
34606.876,2,389753,364,239400,1
34607.197,2,389705,364,240220,-1
34609.055,1,391157,364,239730,1
34609.139,2,391157,364,239730,1
34609.261,1,391274,100,245300,-1
34609.436,5,391221,181,239950,-1
34609.436,4,124465,100,240000,-1
34609.436,4,144517,100,240000,-1
34609.436,4,373354,200,240000,-1
34609.436,4,388847,110,240000,-1
34609.451,1,391368,4000,239900,1
34609.465,1,391380,364,239730,1
34609.639,1,391485,110,240000,-1
34609.693,4,391485,110,240000,-1
34609.741,2,388523,110,238820,1
34609.928,1,391642,110,240000,-1
34609.938,2,391642,110,240000,-1
34609.999,1,391699,1000,240490,-1
34610.27,1,391869,110,240080,-1
34612.008,1,392724,110,239270,1
34612.288,1,392871,1000,239900,1
34612.395,2,391380,364,239730,1
34612.697,2,392871,1000,239900,1
34612.747,2,391368,4000,239900,1
34612.771,1,393152,4000,240000,1
34612.962,2,393152,4000,240000,1
34612.978,1,393345,4000,239900,1
34613.255,2,393345,4000,239900,1
34613.279,1,393569,4000,240000,1
34613.455,1,393672,1000,240000,1
34613.582,2,393569,4000,240000,1
34613.599,1,393741,4000,239900,1
34613.601,2,393672,1000,240000,1
34613.623,1,393762,1000,239900,1
34613.665,2,392724,110,239270,1
34613.803,2,393762,1000,239900,1
34613.805,2,393741,4000,239900,1
34613.83,1,393921,1000,240000,1
34613.836,1,393931,4000,240000,1
34613.89,1,394005,200,240180,-1
34613.898,2,391699,1000,240490,-1
34614.387,4,393921,1,240000,1
34614.408,2,393921,999,240000,1
34614.446,1,394443,110,239270,1
34614.567,2,394443,110,239270,1
34614.735,2,393931,4000,240000,1
34614.865,1,394791,1000,240000,1
34615.248,5,394257,242,240070,-1
34615.422,1,395184,200,240000,1
34615.531,2,88599,45,242000,-1
34615.678,2,391869,110,240080,-1
34615.698,1,395348,110,240080,-1
34615.763,1,395376,110,239270,1
34615.861,2,394005,200,240180,-1
34615.9,5,394257,58,240070,-1
34615.9,4,395348,52,240080,-1
34615.913,2,395376,110,239270,1
34615.915,2,395348,58,240080,-1
34616.124,1,395578,4000,240000,1
34616.943,1,395963,1000,240000,1
34616.965,2,395963,1000,240000,1
34616.999,1,395990,1000,240490,-1
34617.147,4,394791,148,240000,1
34617.401,2,395578,4000,240000,1
34617.733,1,396558,110,239270,1
34618.333,2,396558,110,239270,1
34618.388,2,194661,1000,237000,1
34619.086,1,397782,110,240550,-1
34620.803,1,399254,110,239360,1
34620.821,2,399254,110,239360,1
34621.038,4,394791,200,240000,1
34621.758,1,400051,110,239450,1
34622.046,2,397782,110,240550,-1
34622.052,1,400223,110,240450,-1
34622.086,2,395990,1000,240490,-1
34622.12,1,400291,1000,240440,-1
34622.136,2,400223,110,240450,-1
34622.141,1,400316,110,240550,-1
34622.146,2,400316,110,240550,-1
34622.151,1,400329,110,240720,-1
34622.809,2,400051,110,239450,1
34622.814,1,400739,110,239550,1
34624.081,5,399646,200,240020,1
34624.081,5,399652,200,240010,1
34624.081,4,394791,600,240000,1
34624.299,1,401657,1000,240100,-1
34624.331,1,401676,23,240100,-1
34625.441,2,400739,110,239550,1
34625.447,1,402339,110,239640,1
34626.045,2,402339,110,239640,1
34626.05,1,402593,110,239730,1
34626.165,2,400329,110,240720,-1
34626.287,2,402593,110,239730,1
34626.293,1,402719,110,239640,1
34626.588,4,401657,200,240100,-1
34626.693,1,402971,300,240000,1
34626.707,2,401676,23,240100,-1
34626.725,4,394791,52,240000,1
34626.725,4,395184,200,240000,1
34626.725,4,402971,300,240000,1
34626.74,1,402995,23,240100,-1
34626.749,1,402997,500,239600,1
34626.764,2,389745,1000,239410,1
34626.807,1,403019,1000,239650,1
34627.1,1,403184,110,240730,-1
34627.22,2,402995,23,240100,-1
34628.002,2,402719,110,239640,1
34628.011,1,403631,110,239730,1
34628.031,2,402997,500,239600,1
34628.046,1,403649,500,239700,1
34628.054,2,403019,1000,239650,1
34628.088,1,403674,900,239740,1
34629.074,2,403184,110,240730,-1
34631.903,2,310737,445,238300,1
34632.171,1,406217,555,240200,-1
34634.734,5,402991,200,240080,-1
34634.734,5,402992,200,240090,-1
34634.734,4,401657,600,240100,-1
34634.748,4,401657,200,240100,-1
34635.296,2,63613,100,248300,-1
34636.513,1,408842,4000,240000,1
34636.534,5,408222,1000,240010,-1
34636.671,5,408864,200,240020,1
34636.671,5,408868,143,240010,1
34636.923,2,408842,4000,240000,1
34640.23,1,410798,4000,240000,1
34640.335,2,400291,1000,240440,-1
34640.728,2,410798,4000,240000,1
34640.738,1,411040,4000,240100,1
34640.939,2,322335,500,238200,1
34641.091,1,411259,200,240200,-1
34641.17,2,411259,200,240200,-1
34641.473,2,411040,4000,240100,1
34641.727,1,411786,4000,240100,1
34641.864,2,403631,110,239730,1
34641.872,1,411875,110,239820,1
34642.033,4,406217,500,240200,-1
34642.481,1,412503,110,241000,-1
34642.518,1,412532,1000,240100,1
34642.901,2,411786,4000,240100,1
34642.911,2,412532,1000,240100,1
34642.914,4,406217,55,240200,-1
34642.914,1,412885,3945,240200,1
34642.944,2,403674,900,239740,1
34642.946,2,403649,500,239700,1
34642.956,1,412930,500,239800,1
34642.976,1,412949,1000,240200,1
34643.325,5,412918,37,240210,1
34643.531,5,412918,400,240210,1
34643.687,1,413547,364,239730,1
34643.724,2,413547,364,239730,1
34643.952,2,412885,3945,240200,1
34643.962,2,412949,1000,240200,1
34644.132,1,413920,1000,240300,1
34644.324,1,414076,200,240090,1
34644.414,2,411875,110,239820,1
34644.42,1,414189,110,239910,1
34644.54,1,414301,3945,240300,1
34644.617,2,414301,3945,240300,1
34644.859,1,414541,3945,240300,1
34644.865,2,413920,1000,240300,1
34644.978,1,414616,1000,240300,1
34645.937,2,414616,1000,240300,1
34646.406,2,230494,300,240900,-1
34646.428,1,415534,300,241400,-1
34646.997,2,414076,200,240090,1
34647.456,2,414189,110,239910,1
34647.46,1,416098,110,240000,1
34647.689,4,414541,1000,240300,1
34648.032,1,416438,364,240880,-1
34648.099,2,416438,364,240880,-1
34648.144,1,416486,364,240960,-1
34648.428,4,414541,1000,240300,1
34648.514,2,416486,364,240960,-1
34648.518,1,416715,364,240880,-1
34648.536,4,414541,100,240300,1
34648.59,2,416715,364,240880,-1
34648.595,1,416751,364,240960,-1
34648.597,2,416751,364,240960,-1
34648.606,1,416762,364,240880,-1
34648.608,2,416762,364,240880,-1
34648.612,1,416768,364,240960,-1
34648.767,2,414541,1845,240300,1
34648.791,2,412930,500,239800,1
34648.798,1,416873,500,240000,1
34649.302,1,417166,1000,240300,-1
34649.356,2,416873,500,240000,1
34649.4,2,416768,364,240960,-1
34649.405,1,417222,364,240880,-1
34649.41,2,417222,364,240880,-1
34649.415,1,417228,364,240960,-1
34649.428,2,417228,364,240960,-1
34649.433,1,417241,364,240910,-1
34649.502,5,417180,200,240280,-1
34649.502,5,417181,143,240290,-1
34649.502,4,417166,1000,240300,-1
34649.502,1,417290,502,240300,1
34649.709,2,417290,502,240300,1
34649.728,1,417425,502,240200,1
34649.749,1,417442,23,240300,-1
34649.764,2,417241,364,240910,-1
34649.769,1,417454,364,240960,-1
34649.953,2,417454,364,240960,-1
34649.958,1,417549,364,240880,-1
34649.959,2,417442,23,240300,-1
34649.966,2,417549,364,240880,-1
34649.983,1,417556,200,240110,1
34650.013,1,417572,364,240960,-1
34650.057,2,417572,364,240960,-1
34650.062,1,417607,364,240910,-1
34650.07,2,417556,200,240110,1
34650.099,2,417607,364,240910,-1
34650.116,1,417643,364,240880,-1
34650.129,2,417643,364,240880,-1
34650.134,1,417653,364,240910,-1
34650.544,1,417886,1000,240300,-1
34650.857,1,418164,23,240300,-1
34651.099,4,417425,100,240200,1
34651.176,2,418164,23,240300,-1
34651.806,4,417425,29,240200,1
34651.951,2,417425,373,240200,1
34652.66,1,419216,373,240200,1
34653.367,2,415534,300,241400,-1
34653.371,2,224865,200,236100,1
34653.405,4,419216,373,240200,1
34653.405,1,419619,627,240200,-1
34653.663,1,419742,364,239730,1
34653.681,1,419760,200,240300,-1
34653.731,1,419784,150,240210,-1
34653.738,2,419784,150,240210,-1
34653.941,1,419904,150,240210,-1
34653.942,2,419904,150,240210,-1
34653.975,1,419916,1000,240200,-1
34654.455,2,419760,200,240300,-1
34654.504,2,419619,627,240200,-1
34656.193,2,412503,110,241000,-1
34656.199,1,421263,110,240910,-1
34656.215,2,421263,110,240910,-1
34656.225,1,421292,110,240910,-1
34656.258,2,421292,110,240910,-1
34656.272,1,421334,200,240200,-1
34656.276,1,421338,110,240910,-1
34656.284,2,421338,110,240910,-1
34656.302,1,421366,110,240910,-1
34656.31,2,421366,110,240910,-1
34656.337,1,421399,110,240910,-1
34656.338,1,421400,1000,240480,-1
34656.351,2,421399,110,240910,-1
34656.503,1,421530,110,240910,-1
34656.52,2,421530,110,240910,-1
34656.54,1,421564,110,240910,-1
34656.545,2,421564,110,240910,-1
34656.611,1,421633,110,240910,-1
34656.627,2,421633,110,240910,-1
34656.721,1,421753,110,240910,-1
34656.732,2,421753,110,240910,-1
34656.762,1,421779,110,240910,-1
34656.773,2,421779,110,240910,-1
34656.835,2,417886,1000,240300,-1
34657.095,2,416098,110,240000,1
34657.099,1,422104,110,239910,1
34657.328,1,422300,100,240100,-1
34657.592,4,422300,100,240100,-1
34657.592,4,419916,42,240200,-1
34657.616,1,422562,110,241000,-1
34657.641,2,422104,110,239910,1
34657.705,1,422644,110,240090,1
34657.758,2,422644,110,240090,1
34657.763,1,422697,110,240000,1
34658.069,2,422562,110,241000,-1
34658.781,1,423637,110,241000,-1
34659.261,2,423637,110,241000,-1
34659.535,1,424207,300,241600,-1
34659.553,1,424220,200,240300,-1
34659.608,1,424266,900,240100,1
34659.631,2,424220,200,240300,-1
34659.655,2,417653,364,240910,-1
34659.66,1,424314,364,240990,-1
34659.709,2,424314,364,240990,-1
34659.714,1,424345,364,240900,-1
34659.722,1,424349,200,238200,1
34660.02,2,424345,364,240900,-1
34660.025,1,424546,364,240990,-1
34660.18,2,422697,110,240000,1
34660.185,1,424621,110,240090,1
34660.508,4,419916,120,240200,-1
34660.51,1,424766,110,241180,-1
34660.511,1,424768,1000,240200,-1
34660.593,2,424766,110,241180,-1
34660.597,1,424813,110,241080,-1
34660.602,2,424813,110,241080,-1
34660.606,1,424818,110,241180,-1
34660.683,2,424818,110,241180,-1
34660.687,1,424865,110,241080,-1
34660.694,2,424865,110,241080,-1
34660.699,1,424879,110,241180,-1
34660.805,2,424879,110,241180,-1
34660.81,1,424964,110,241080,-1
34660.811,2,424964,110,241080,-1
34660.817,1,424970,110,241180,-1
34660.831,2,424970,110,241180,-1
34660.854,1,424986,110,241080,-1
34660.856,2,424986,110,241080,-1
34660.861,1,424991,110,241180,-1
34660.88,2,424991,110,241180,-1
34660.886,1,425004,110,241080,-1
34661.298,2,425004,110,241080,-1
34661.302,1,425308,110,241180,-1
34661.483,2,425308,110,241180,-1
34661.489,1,425462,110,241080,-1
34661.577,2,425462,110,241080,-1
34661.586,1,425549,110,241180,-1
34661.604,2,425549,110,241180,-1
34661.61,1,425570,110,241090,-1
34663.214,2,424546,364,240990,-1
34663.22,1,426564,364,240960,-1
34663.232,2,425570,110,241090,-1
34663.243,1,426578,110,241180,-1
34663.344,2,426578,110,241180,-1
34663.349,1,426648,110,241090,-1
34663.529,2,424349,200,238200,1
34663.533,1,426742,200,238300,1
34663.783,4,419916,300,240200,-1
34664.735,4,419916,538,240200,-1
34664.735,4,421334,200,240200,-1
34664.735,4,424768,1000,240200,-1
34664.8,1,427532,100,240400,-1
34664.897,2,427532,100,240400,-1
34664.904,5,427485,200,240120,1
34664.904,5,427351,100,240110,1
34664.969,1,427628,62,240200,1
34664.99,1,427642,200,240400,-1
34664.999,2,426648,110,241090,-1
34665.003,4,427628,61,240200,1
34665.005,1,427653,110,241180,-1
34665.062,2,427653,110,241180,-1
34665.066,1,427700,110,241090,-1
34665.087,2,427642,200,240400,-1
34665.095,4,427628,1,240200,1
34665.095,5,427351,199,240110,1
34665.186,1,427764,200,240400,-1
34665.265,2,427764,200,240400,-1
34665.289,1,427823,500,240500,-1
34665.425,1,427901,1000,240000,1
34666.295,5,427351,200,240110,1
34666.343,2,419742,364,239730,1
34666.349,1,428421,364,239810,1
34666.383,2,424266,900,240100,1
34666.385,1,428442,900,240200,1
34666.569,5,428456,100,240210,1
34666.641,2,428442,900,240200,1
34666.821,2,426742,200,238300,1
34669.124,2,427700,110,241090,-1
34669.129,1,429872,110,241170,-1
34669.154,2,429872,110,241170,-1
34669.159,1,429897,110,241090,-1
34671.292,2,421400,1000,240480,-1
34672.031,2,426564,364,240960,-1
34672.038,1,432198,364,241020,-1
34672.049,1,432208,200,240200,1
34672.704,1,432742,700,240400,-1
34674.147,2,429897,110,241090,-1
34674.153,1,433700,110,241170,-1
34674.29,2,433700,110,241170,-1
34674.297,1,433820,110,241090,-1
34674.45,2,433820,110,241090,-1
34674.455,1,433903,110,241170,-1
34674.982,2,424621,110,240090,1
34674.988,1,434339,110,240180,1
34676.097,2,432208,200,240200,1
34677.063,2,433903,110,241170,-1
34677.07,1,435811,110,241270,-1
34677.106,2,432198,364,241020,-1
34677.113,1,435853,364,240990,-1
34677.232,2,435853,364,240990,-1
34677.237,1,435956,364,241020,-1
34677.409,2,435956,364,241020,-1
34677.414,1,436093,364,240960,-1
34677.49,2,436093,364,240960,-1
34677.495,1,436146,364,240900,-1
34677.898,2,428421,364,239810,1
34677.904,1,436443,364,239750,1
34678.218,2,436146,364,240900,-1
34678.225,1,436717,364,240960,-1
34678.235,2,436717,364,240960,-1
34678.243,1,436732,364,241020,-1
34678.526,2,436443,364,239750,1
34678.53,1,437016,364,239810,1
34678.604,2,436732,364,241020,-1
34678.611,1,437086,364,240900,-1
34678.617,1,437096,500,240200,-1
34678.897,1,437382,200,240300,-1
34679.007,2,437016,364,239810,1
34679.012,1,437481,364,239750,1
34679.092,2,437086,364,240900,-1
34679.098,1,437572,364,240990,-1
34679.302,2,437481,364,239750,1
34679.307,1,437761,364,239810,1
34679.524,1,437932,23,240200,-1
34679.59,2,437572,364,240990,-1
34679.598,1,438006,364,241020,-1
34679.624,2,438006,364,241020,-1
34679.629,1,438034,364,240960,-1
34679.663,4,434339,110,240180,1
34679.69,2,437382,200,240300,-1
34679.825,2,435811,110,241270,-1
34679.848,5,438060,110,240160,-1
34679.908,2,438034,364,240960,-1
34679.924,1,438295,364,240990,-1
34679.992,1,438362,1000,240010,1
34680.018,1,438382,110,240180,1
34680.063,2,438382,110,240180,1
34680.177,2,432742,700,240400,-1
34680.188,2,437932,23,240200,-1
34680.222,2,438362,1000,240010,1
34680.238,1,438572,110,240180,1
34680.248,4,438572,14,240180,1
34680.351,2,438295,364,240990,-1
34680.358,1,438704,364,241020,-1
34680.603,1,438934,1000,240480,-1
34680.662,1,438995,200,240300,-1
34680.964,2,438704,364,241020,-1
34680.969,1,439267,364,240990,-1
34681.003,1,439294,2000,240200,-1
34681.46,2,437761,364,239810,1
34681.467,1,439707,364,239750,1
34681.493,2,439707,364,239750,1
34681.501,1,439739,364,239860,1
34681.505,2,439739,364,239860,1
34681.511,1,439746,364,239750,1
34681.715,4,437096,500,240200,-1
34681.715,4,439294,2000,240200,-1
34681.759,1,439975,2000,240200,-1
34682.002,2,391274,100,245300,-1
34682.009,2,427823,500,240500,-1
34682.016,1,440215,1000,240200,-1
34682.018,1,440217,100,242400,-1
34682.026,4,439975,1000,240200,-1
34682.063,2,439267,364,240990,-1
34682.068,1,440271,364,241020,-1
34682.362,2,440271,364,241020,-1
34682.369,1,440551,364,240990,-1
34682.585,4,438572,21,240180,1
34682.589,2,440551,364,240990,-1
34682.595,1,440770,364,241020,-1
34682.599,2,438572,75,240180,1
34682.683,5,440785,110,240180,-1
34682.7,2,440770,364,241020,-1
34682.709,1,440880,364,240960,-1
34682.73,5,440785,90,240180,-1
34682.73,1,440891,20,240180,1
34682.941,2,440891,20,240180,1
34683.033,1,441150,110,240180,1
34683.283,1,441322,110,240910,-1
34683.412,2,441150,110,240180,1
34683.418,5,440634,110,240190,-1
34683.43,5,440634,100,240190,-1
34683.431,5,440634,110,240190,-1
34683.46,1,441449,23,240200,-1
34683.474,5,440634,180,240190,-1
34683.474,5,440651,328,240190,-1
34683.474,4,439975,492,240200,-1
34683.488,1,441472,600,240100,1
34683.619,2,440880,364,240960,-1
34683.624,1,441583,364,240930,-1
34683.641,4,439975,110,240200,-1
34683.661,4,439975,110,240200,-1
34683.671,2,441322,110,240910,-1
34683.673,4,439975,100,240200,-1
34683.748,1,441686,110,239820,1
34683.999,2,441449,23,240200,-1
34684.042,2,439975,188,240200,-1
34684.496,2,441686,110,239820,1
34684.683,1,442396,110,239820,1
34684.889,2,440215,1000,240200,-1
34685.103,1,442769,188,240200,-1
34685.576,2,442769,188,240200,-1
34685.614,1,443251,188,240300,-1
34685.619,2,441583,364,240930,-1
34685.626,1,443268,364,240960,-1
34685.632,2,443268,364,240960,-1
34685.639,1,443285,364,240930,-1
34685.646,2,443285,364,240930,-1
34685.651,1,443294,364,241020,-1
34685.717,2,443251,188,240300,-1
34685.78,1,443423,188,240200,-1
34685.823,2,443294,364,241020,-1
34685.83,1,443486,364,240930,-1
34685.869,1,443533,200,240300,-1
34685.871,2,443423,188,240200,-1
34685.942,2,443533,200,240300,-1
34686.06,1,443725,23,240200,-1
34686.19,2,443486,364,240930,-1
34686.197,1,443863,364,241020,-1
34686.211,1,443871,188,240200,-1
34686.439,1,444088,1000,240200,-1
34686.442,2,443871,188,240200,-1
34686.462,1,444111,188,240300,-1
34686.513,2,443725,23,240200,-1
34686.581,1,444223,23,240300,-1
34686.642,2,443863,364,241020,-1
34686.648,1,444314,364,240930,-1
34686.673,2,442396,110,239820,1
34686.679,1,444336,110,239910,1
34686.751,2,444314,364,240930,-1
34686.759,1,444394,364,241020,-1
34686.817,2,444394,364,241020,-1
34686.826,1,444467,364,240930,-1
34686.867,2,444467,364,240930,-1
34686.871,1,444520,364,241020,-1
34686.969,2,444111,188,240300,-1
34686.983,1,444655,188,240200,-1
34687.048,2,444223,23,240300,-1
34687.05,2,444088,1000,240200,-1
34687.322,2,444520,364,241020,-1
34687.328,1,444950,364,240990,-1
34687.418,1,445046,23,240200,-1
34687.591,2,444950,364,240990,-1
34687.593,2,441472,600,240100,1
34687.597,1,445234,364,241020,-1
34687.73,2,445234,364,241020,-1
34687.734,1,445372,364,240990,-1
34687.799,2,445372,364,240990,-1
34687.806,1,445433,364,241020,-1
34688.022,2,445433,364,241020,-1
34688.027,1,445605,364,240990,-1
34688.1,2,445605,364,240990,-1
34688.109,1,445681,364,241020,-1
34688.473,2,445046,23,240200,-1
34689.042,2,445681,364,241020,-1
34689.05,1,446567,364,240960,-1
34689.154,5,445902,500,240190,-1
34689.571,2,446567,364,240960,-1
34689.579,1,447086,364,241020,-1
34689.86,2,447086,364,241020,-1
34689.865,1,447337,364,240960,-1
34690.163,2,447337,364,240960,-1
34690.167,1,447527,364,241020,-1
34690.452,2,447527,364,241020,-1
34690.453,5,446401,100,240190,-1
34690.453,5,446816,171,240190,-1
34690.453,4,444655,188,240200,-1
34690.458,1,447769,364,240960,-1
34690.476,4,438995,200,240300,-1
34690.58,2,447769,364,240960,-1
34690.585,1,447890,364,241020,-1
34690.645,2,447890,364,241020,-1
34690.653,1,447982,364,240960,-1
34690.728,2,447982,364,240960,-1
34690.735,1,448054,364,241020,-1
34691.102,2,448054,364,241020,-1
34691.107,1,448290,364,240960,-1
34691.133,1,448321,110,240540,-1
34691.202,2,444336,110,239910,1
34691.213,1,448410,110,240000,1
34691.228,2,439746,364,239750,1
34691.332,2,448321,110,240540,-1
34691.62,1,448783,364,239750,1
34691.741,1,448875,1000,240210,-1
34691.771,4,448875,1000,240210,-1
34691.874,2,448290,364,240960,-1
34691.88,1,448962,364,241020,-1
34691.882,2,448783,364,239750,1
34692.003,2,448962,364,241020,-1
34692.009,1,449095,364,240960,-1
34692.018,1,449107,1000,240010,1
34692.123,2,449095,364,240960,-1
34692.13,1,449245,364,241020,-1
34692.206,1,449324,364,239730,1
34692.661,2,449245,364,241020,-1
34692.667,1,449706,364,240960,-1
34693.352,2,449706,364,240960,-1
34693.357,1,450329,364,241020,-1
34693.587,2,450329,364,241020,-1
34693.593,1,450542,364,240960,-1
34693.852,2,449107,1000,240010,1
34693.869,2,450542,364,240960,-1
34693.877,1,450767,364,241020,-1
34694.012,5,449022,55,240100,1
34694.087,4,438934,1000,240480,-1
34694.087,5,448954,200,240490,-1
34694.882,2,450767,364,241020,-1
34694.886,1,451734,364,240960,-1
34695.243,2,451734,364,240960,-1
34695.248,1,452065,364,241020,-1
34695.662,2,452065,364,241020,-1
34695.667,1,452372,364,240960,-1
34695.993,1,452613,400,240010,1
34696.342,2,448410,110,240000,1
34696.347,1,452910,110,240090,1
34696.401,2,452613,400,240010,1
34696.467,2,449324,364,239730,1
34697.662,2,452372,364,240960,-1
34697.669,1,454025,364,241020,-1
34697.888,4,130899,100,240500,-1
34697.888,4,145576,100,240500,-1
