34200.131,2,144228,500,181000,-1
34201.54,5,146324,21,180750,-1
34201.936,5,145957,291,180150,1
34201.936,5,146491,21,180150,1
34201.936,4,134140,188,180100,1
34202.001,2,134140,2574,180100,1
34202.331,5,146962,21,180150,1
34203.376,5,147515,100,180250,1
34204.944,1,148279,500,180990,-1
34204.971,2,148279,500,180990,-1
34204.987,1,148312,400,180990,-1
34205.897,1,149039,400,178000,1
34206.059,5,147985,100,180100,1
34207.165,5,148367,100,180050,1
34207.642,5,148367,279,180050,1
34207.642,4,42811,21,180000,1
34207.793,5,150130,100,180190,-1
34207.87,4,42811,68,180000,1
34207.897,4,42811,300,180000,1
34210.01,2,144206,200,181000,-1
34210.019,1,151577,200,180500,-1
34210.033,2,148312,400,180990,-1
34210.049,1,151589,1000,180490,-1
34211.002,2,151589,1000,180490,-1
34213.424,4,42811,100,180000,1
34216.221,4,42811,369,180000,1
34216.935,4,42811,148,180000,1
34218.934,4,42811,994,180000,1
34218.934,4,119766,106,180000,1
34220.094,1,156504,200,181500,-1
34220.134,1,156514,300,173400,1
34222.327,4,119766,48,180000,1
34222.781,2,151577,200,180500,-1
34222.789,1,158034,200,180200,-1
34222.799,1,158041,1000,181100,-1
34223.07,1,158153,500,180000,1
34229.753,4,119766,346,180000,1
34229.753,4,129640,22,180000,1
34233.467,4,129640,178,180000,1
34233.467,4,158153,22,180000,1
34235.65,4,158153,400,180000,1
34235.827,1,163849,500,179500,1
34242.511,4,158153,78,180000,1
34242.533,1,166623,1000,179510,1
34243.915,2,158034,200,180200,-1
34243.924,1,167222,200,180500,-1
34243.954,2,158041,1000,181100,-1
34248.855,2,163849,500,179500,1
34249.8,1,169616,200,166400,1
34249.97,1,169706,60,166300,1
34255.923,1,172264,300,180490,-1
34256.407,2,172264,300,180490,-1
34269.94,1,178922,500,180200,1
34270.08,1,178982,1000,180100,1
34270.211,5,172270,31,180440,-1
34270.479,5,179069,100,180290,-1
34280.657,5,180111,31,180250,1
34280.657,5,183710,227,180210,1
34281.879,5,183710,273,180210,1
34281.879,4,178922,500,180200,1
34281.879,5,178923,227,180200,1
34282.107,4,178982,700,180100,1
34282.124,1,184793,73,180200,1
34282.621,4,184793,73,180200,1
34282.621,1,185021,927,180200,-1
34284.631,4,185021,200,180200,-1
34285.554,4,185021,200,180200,-1
34287.001,2,185021,527,180200,-1
34287.173,5,187397,500,180210,1
34287.959,1,187897,500,180100,1
34288.817,5,188019,100,180140,1
34289.183,1,188497,100,179600,1
34289.818,5,188019,58,180140,1
34289.834,1,188979,1000,180200,1
34289.858,4,188979,1000,180200,1
34293.51,5,190656,200,180220,1
34295.13,5,191246,48,180120,1
34299.929,1,194111,1000,180100,1
34301.048,2,188497,100,179600,1
34303.228,5,191246,100,180120,1
34303.417,1,195870,2800,180000,1
34304.301,5,191246,152,180120,1
34304.301,4,178982,216,180100,1
34306.677,1,197895,300,178500,1
34309.913,2,187897,500,180100,1
34315.016,1,201827,2000,180200,1
34316.901,1,202689,301,166300,1
34322.328,4,167222,200,180500,-1
34322.343,1,205683,1000,181490,-1
34322.493,1,205787,500,181500,-1
34322.894,2,205787,500,181500,-1
34323.72,1,206537,500,181500,-1
34324.187,2,166623,1000,179510,1
34324.203,1,206797,1000,180210,1
34324.51,5,206942,100,180810,1
34324.566,2,206797,1000,180210,1
34325.562,2,206537,500,181500,-1
34326.031,1,207756,1000,180210,1
34326.957,2,207756,1000,180210,1
34327.218,1,208273,900,180210,1
34327.437,2,208273,900,180210,1
34328.202,1,208758,900,180210,1
34338.363,2,208758,900,180210,1
34338.66,1,213846,1000,180210,1
34338.873,5,213334,100,180750,-1
34339.015,2,213846,1000,180210,1
34339.248,1,214140,1000,180210,1
34339.271,5,214050,100,180750,-1
34339.688,2,214140,1000,180210,1
34339.719,1,214374,1000,180210,1
34339.81,5,214050,100,180750,-1
34340.186,2,214374,1000,180210,1
34340.265,1,214656,1000,180210,1
34340.331,2,214656,1000,180210,1
34341.152,5,214774,400,180550,1
34341.218,1,215109,1000,180210,1
34341.359,2,215109,1000,180210,1
34341.39,1,215191,1000,180210,1
34341.835,2,156504,200,181500,-1
34341.838,1,215387,200,181900,-1
34342.046,2,215191,1000,180210,1
34342.25,1,215590,1000,180210,1
34342.359,2,215590,1000,180210,1
34342.49,1,215705,1000,180210,1
34342.889,2,215705,1000,180210,1
34343.311,1,216066,900,180210,1
34352.171,2,205683,1000,181490,-1
34352.187,1,219479,500,181600,-1
34364.573,1,225003,500,181600,-1
34364.969,1,225151,500,180300,1
34364.998,2,216066,900,180210,1
34365.017,1,225169,1000,180310,1
34365.241,2,225003,500,181600,-1
34365.516,1,225404,500,181600,-1
34365.965,2,225151,500,180300,1
34367.054,2,225404,500,181600,-1
34368.03,2,219479,500,181600,-1
34368.066,1,226550,1000,181890,-1
34368.435,2,226550,1000,181890,-1
34368.452,1,226747,500,181890,-1
34369.092,2,226747,500,181890,-1
34369.107,1,227067,400,181890,-1
34369.327,2,227067,400,181890,-1
34369.624,1,227287,300,181890,-1
34369.863,2,227287,300,181890,-1
34370.045,1,227498,400,181890,-1
34370.28,2,227498,400,181890,-1
34380.409,2,201827,2000,180200,1
34381.962,2,215387,200,181900,-1
34381.982,1,233159,300,182400,-1
34381.986,1,233163,300,181990,-1
34382.875,2,233163,300,181990,-1
34383.515,1,234147,800,181990,-1
34383.576,2,234147,800,181990,-1
34383.608,1,234228,300,181990,-1
34389.907,2,194111,1000,180100,1
34390.009,1,238188,1000,180100,1
34390.529,2,234228,300,181990,-1
34390.654,1,238503,700,181990,-1
34390.857,2,238503,700,181990,-1
34391.107,1,238797,600,181990,-1
34392.455,2,238797,600,181990,-1
34392.482,1,239534,500,181990,-1
34392.721,2,239534,500,181990,-1
34392.748,1,239672,400,181990,-1
34393.24,2,233159,300,182400,-1
34393.255,1,239893,200,182200,-1
34396.54,1,241673,500,180400,1
34396.56,2,225169,1000,180310,1
34396.598,1,241694,1000,180410,1
34397.735,1,242381,500,182000,-1
34398.189,2,242381,500,182000,-1
34427.818,1,257970,500,182000,-1
34439.033,2,257970,500,182000,-1
34439.916,1,264802,27,181490,-1
34439.965,2,239672,400,181990,-1
34441.644,2,264802,27,181490,-1
34441.668,1,265887,1000,181990,-1
34441.732,2,265887,1000,181990,-1
34452.026,2,241673,500,180400,1
34452.465,1,272429,1000,181990,-1
34452.762,2,272429,1000,181990,-1
34453.934,1,273459,1000,181990,-1
34454.262,2,273459,1000,181990,-1
34458.245,5,275671,500,181790,-1
34469.193,1,281943,500,182200,-1
34469.311,2,239893,200,182200,-1
34469.325,1,282057,200,181900,-1
34474.216,2,282057,200,181900,-1
34474.218,1,285523,300,183600,-1
34478.924,2,281943,500,182200,-1
34479.102,1,289105,500,183000,-1
34479.647,5,288903,500,181810,1
34482.213,1,291385,500,180500,1
34482.246,2,241694,1000,180410,1
34482.279,1,291421,1000,180600,1
34482.409,2,291385,500,180500,1
34482.418,1,291509,500,180600,1
34482.567,1,291604,500,181900,-1
34486.236,2,291509,500,180600,1
34489.372,2,291421,1000,180600,1
34489.404,1,296557,1000,180500,1
34490.812,1,297521,1000,181890,-1
34492.947,1,298782,400,157610,1
34492.965,2,297521,1000,181890,-1
34493.56,1,299188,1000,181890,-1
34493.676,2,289105,500,183000,-1
34494.294,2,299188,1000,181890,-1
34494.421,1,299817,1000,181890,-1
34494.918,2,299817,1000,181890,-1
34495.06,1,300236,700,181890,-1
34495.216,2,300236,700,181890,-1
34495.248,1,300347,300,181890,-1
34495.404,2,300347,300,181890,-1
34495.607,1,300578,1000,181890,-1
34495.669,2,300578,1000,181890,-1
34495.7,1,300646,300,181890,-1
34495.825,2,300646,300,181890,-1
34496.155,1,300939,300,181890,-1
34496.59,2,300939,300,181890,-1
34499.452,2,29531,300,175000,1
34500.091,1,303729,300,177500,1
34504.905,2,291604,500,181900,-1
34505.002,1,307259,500,182700,-1
34509.444,1,310291,27,181890,-1
34516.135,1,314778,2000,180000,1
34516.867,1,315273,500,180700,1
34516.906,2,296557,1000,180500,1
34516.934,1,315330,1000,180800,1
34517.011,2,315273,500,180700,1
34517.019,1,315396,500,180800,1
34520.152,4,310291,27,181890,-1
34523.865,4,130162,20,182000,-1
34523.902,1,319931,1000,182690,-1
34529.195,1,323153,10,182100,1
34534.965,2,285523,300,183600,-1
34534.968,1,327239,200,183100,-1
34535.14,1,327364,10,182200,1
34535.368,1,327547,50,182100,1
34537.339,2,319931,1000,182690,-1
34538.385,1,329740,10,182400,1
34540.732,2,139889,400,187490,-1
34543.394,2,136442,400,177410,1
34543.577,2,111608,440,183000,-1
34543.586,1,333613,440,182690,-1
34544.851,1,334657,50,182500,1
34544.961,2,315396,500,180800,1
34544.968,1,334734,500,182100,1
34547.868,4,334657,50,182500,1
34548.575,2,327547,50,182100,1
34549.274,2,323153,10,182100,1
34549.585,2,327364,10,182200,1
34549.726,2,329740,10,182400,1
34549.761,2,315330,1000,180800,1
34552.2,2,334734,500,182100,1
34552.23,1,339682,1000,181400,1
34557.01,1,343026,1000,182680,-1
34557.591,5,343333,100,182390,-1
34557.591,5,342123,500,182450,-1
34557.591,5,343025,100,182490,-1
34559.636,2,339682,1000,181400,1
34559.667,1,344806,1000,181100,1
34560.871,2,343026,1000,182680,-1
34560.98,1,345850,1000,182680,-1
34561.183,2,345850,1000,182680,-1
34561.37,1,346180,1000,182680,-1
34561.869,2,346180,1000,182680,-1
34562.057,1,346623,1000,182680,-1
34562.073,2,346623,1000,182680,-1
34564.162,2,156514,300,173400,1
34564.165,1,347996,300,179900,1
34577.578,1,357481,100,182800,-1
34579.521,5,358761,500,182490,-1
34580.327,5,359362,500,182310,1
34582.127,1,360577,500,181300,1
34582.151,2,344806,1000,181100,1
34582.166,1,360605,1000,181310,1
34589.649,2,360605,1000,181310,1
34589.68,1,365397,800,181310,1
34590.953,5,366011,500,182380,-1
34590.953,1,366233,500,182490,1
34590.978,4,366233,500,182490,1
34591.154,1,366378,1000,182490,1
34591.81,4,366378,500,182490,1
34592.748,4,366378,500,182490,1
34592.828,1,367553,950,182390,1
34594.825,2,367553,950,182390,1
34597.492,1,370255,10,182400,-1
34602.649,1,373533,10,182300,-1
34602.687,4,373533,10,182300,-1
34602.812,2,370255,10,182400,-1
34606.163,5,375295,300,182320,1
34614.736,2,360577,500,181300,1
34614.75,1,380824,500,181400,1
34614.758,2,365397,800,181310,1
34614.774,1,380836,1000,181410,1
34617.252,2,307259,500,182700,-1
34635.687,2,380824,500,181400,1
34635.776,1,392747,1000,182680,-1
34635.992,2,380836,1000,181410,1
34636.009,1,392880,700,181200,1
34636.284,1,392987,100,182400,-1
34638.804,2,392747,1000,182680,-1
34638.914,1,394638,1000,182390,-1
34641.914,2,394638,1000,182390,-1
34641.929,1,396631,900,182390,-1
34643.241,2,396631,900,182390,-1
34643.273,1,397600,1000,182390,-1
34643.304,2,397600,1000,182390,-1
34643.585,1,397808,1000,182390,-1
34647.289,2,397808,1000,182390,-1
34647.304,1,400451,600,182390,-1
34647.399,1,400537,500,182400,-1
34648.57,2,400451,600,182390,-1
34649.151,5,401460,200,181800,-1
34650.386,1,402505,1000,182390,-1
34651.773,2,402505,1000,182390,-1
34652.15,1,403636,1000,182390,-1
34653.194,2,403636,1000,182390,-1
34653.633,1,404549,500,182390,-1
34653.852,2,400537,500,182400,-1
34654.175,5,404624,200,181790,-1
34654.196,2,404549,500,182390,-1
34654.211,1,404956,400,182390,-1
34654.256,2,392880,700,181200,1
34654.274,1,404992,1000,180600,1
34655.716,5,405564,300,181550,1
34655.731,5,405564,200,181550,1
34657.599,2,392987,100,182400,-1
34659.349,2,347996,300,179900,1
34659.359,1,408393,300,178600,1
34659.619,1,408630,100,181700,-1
34661.933,2,408630,100,181700,-1
34665.103,1,412084,500,180700,1
34665.115,2,404992,1000,180600,1
34665.132,1,412106,1000,180710,1
34665.499,5,408674,82,181600,-1
34684.75,1,424912,500,182400,-1
34696.014,1,432299,100,180800,1
34696.037,2,412106,1000,180710,1
34696.052,1,432325,1000,180810,1
34696.131,2,412084,500,180700,1
34696.138,2,432299,100,180800,1
34696.147,1,432381,500,180800,1
34696.154,1,432390,100,180900,1
34696.178,2,432325,1000,180810,1
34696.193,1,432412,1000,180910,1
34696.279,2,432390,100,180900,1
34696.286,2,432381,500,180800,1
34696.293,1,432471,500,180900,1
34696.301,1,432478,100,181000,1
34696.318,2,432412,1000,180910,1
34696.335,1,432504,1000,181010,1
34696.397,2,432471,500,180900,1
34696.428,1,432591,500,181000,1
34696.531,2,432478,100,181000,1
34696.553,1,432696,100,181100,1
34696.569,2,432504,1000,181010,1
34696.59,1,432722,1000,181110,1
34696.701,2,432696,100,181100,1
34696.73,2,432591,500,181000,1
34696.738,1,432842,100,181200,1
34696.741,1,432847,500,181100,1
34696.772,2,432722,1000,181110,1
34696.788,1,432886,1000,181210,1
34696.812,2,432847,500,181100,1
34696.819,1,432907,500,181200,1
34697.018,2,432842,100,181200,1
34697.04,1,433056,100,181300,1
34697.184,2,432907,500,181200,1
34697.192,1,433184,500,181300,1
34697.275,2,433056,100,181300,1
34697.291,1,433270,100,181400,1
34698.581,1,434357,200,183000,-1
34699.274,2,327239,200,183100,-1
34699.292,1,434918,300,184400,-1
34701.113,2,433184,500,181300,1
34701.12,1,436341,500,181400,1
34701.31,2,433270,100,181400,1
34701.326,1,436479,100,181500,1
34702.312,2,408393,300,178600,1
34702.322,1,437165,300,180800,1
34705.201,2,424912,500,182400,-1
34705.208,2,436341,500,181400,1
34705.218,1,439188,500,181500,1
34705.408,2,436479,100,181500,1
34705.426,1,439354,100,181600,1
34707.792,2,439188,500,181500,1
34707.8,1,441121,500,181600,1
34707.882,2,439354,100,181600,1
34707.898,1,441214,100,181700,1
34710.507,2,404956,400,182390,-1
34710.525,1,443237,1000,182680,-1
34711.604,2,441121,500,181600,1
34711.623,1,443994,500,181700,1
34711.704,2,441214,100,181700,1
34711.72,1,444090,100,181800,1
34712.625,1,444679,100,182100,-1
34715.092,5,444895,300,182090,-1
34715.23,5,444895,200,182090,-1
34715.23,4,444679,100,182100,-1
34716.756,2,432886,1000,181210,1
34716.771,1,447289,1000,181810,1
34716.865,2,444090,100,181800,1
34716.886,1,447333,100,181900,1
34717.459,2,447289,1000,181810,1
34718.119,2,443994,500,181700,1
34718.133,1,448040,500,181900,1
34718.223,2,447333,100,181900,1
34718.257,1,448111,100,182000,1
34719.287,2,443237,1000,182680,-1
34719.553,1,448925,1000,182680,-1
34720.382,1,449451,1000,182010,1
34720.479,2,448111,100,182000,1
34720.507,1,449532,100,182100,1
34722.083,2,449451,1000,182010,1
34723.475,5,450837,400,182120,1
34724.341,2,449532,100,182100,1
34724.365,1,451986,500,181910,1
34724.695,2,451986,500,181910,1
34726.225,2,448040,500,181900,1
34726.239,1,453345,1000,181100,1
34726.553,5,452741,100,182270,-1
34735.833,2,448925,1000,182680,-1
34735.848,1,460069,800,182680,-1
34738.495,1,461908,1000,180000,1
34738.509,2,434918,300,184400,-1
34738.512,1,461917,200,183600,-1
34740.554,1,463332,100,182400,-1
34740.926,2,460069,800,182680,-1
34744.427,2,463332,100,182400,-1
34744.458,1,466172,1000,182680,-1
34744.664,1,466351,500,182300,-1
34747.958,2,453345,1000,181100,1
34747.973,1,468931,1000,181000,1
34749.1,1,469614,100,180500,1
34750.888,1,470648,500,182100,-1
34756.825,2,466351,500,182300,-1
34756.85,2,470648,500,182100,-1
34756.926,2,468931,1000,181000,1
34756.942,1,475486,900,181000,1
34756.985,1,475510,500,182700,-1
34757.029,2,475486,900,181000,1
34757.051,1,475543,900,180810,1
34757.924,2,437165,300,180800,1
34757.927,1,476201,300,180100,1
34760.286,1,478143,500,180900,1
34760.301,2,475543,900,180810,1
34760.317,1,478167,1000,180910,1
34760.411,2,478167,1000,180910,1
34760.427,1,478254,900,180910,1
34760.458,2,478143,500,180900,1
34767.479,1,483376,1200,181200,1
34767.505,2,478254,900,180910,1
34767.52,1,483399,1000,181210,1
34767.925,5,479617,300,181550,1
34767.925,5,483345,200,181520,1
34768.005,1,483738,1200,182200,-1
34768.02,2,466172,1000,182680,-1
34768.036,1,483769,1000,182190,-1
34768.132,2,475510,500,182700,-1
34768.14,1,483839,500,182200,-1
34769.107,1,484411,50,182100,-1
34769.129,2,483769,1000,182190,-1
34769.145,1,484446,1000,182090,-1
34769.246,2,483839,500,182200,-1
34769.255,1,484514,500,182100,-1
34769.801,2,484446,1000,182090,-1
34769.817,1,484872,800,182090,-1
34770.236,2,483376,1200,181200,1
34770.445,2,484872,800,182090,-1
34770.505,2,483399,1000,181210,1
34770.527,1,485333,1000,180510,1
34770.661,1,485439,1000,182090,-1
34773.656,1,487838,100,181500,1
34780.332,2,485439,1000,182090,-1
34780.358,1,492348,700,182090,-1
34782.095,2,484514,500,182100,-1
34787.845,1,498068,1100,181200,1
34806.693,1,511277,100,181690,-1
34809.188,2,511277,100,181690,-1
34812.159,1,514489,500,182100,-1
34813.071,2,483738,1200,182200,-1
34821.32,1,521561,3000,182100,-1
34822.206,2,498068,1100,181200,1
34825.27,4,487838,100,181500,1
34825.431,1,524489,3000,180500,1
34825.435,1,524493,500,180600,1
34825.457,2,485333,1000,180510,1
34825.475,1,524519,1000,180610,1
34825.651,2,524489,3000,180500,1
34825.676,1,524690,3000,180600,1
34825.72,1,524732,500,181500,-1
34827.021,5,524757,600,181450,-1
34827.021,5,524762,400,181460,-1
34827.021,5,525742,1000,181460,-1
34827.021,5,525817,2000,181460,-1
34827.021,5,525931,500,181490,-1
34827.384,1,526294,1200,181000,1
34827.41,2,524519,1000,180610,1
34827.425,1,526324,1000,181010,1
34827.471,2,524690,3000,180600,1
34827.478,2,524493,500,180600,1
34827.485,1,526377,500,181000,1
34828.196,2,524732,500,181500,-1
34829.153,2,484411,50,182100,-1
34829.597,1,528011,50,181500,-1
34831.505,2,526294,1200,181000,1
34834.865,1,532347,1200,181000,1
34839.718,5,529694,200,181400,-1
34839.718,5,528811,200,181460,-1
34839.718,5,534441,500,181480,-1
34839.718,4,528011,50,181500,-1
34840.815,2,492348,700,182090,-1
34840.832,1,536619,1000,182090,-1
34841.065,2,536619,1000,182090,-1
34841.081,1,536810,500,182090,-1
34844.072,2,521561,3000,182100,-1
34847.707,2,514489,500,182100,-1
34849.986,1,543494,3000,182100,-1
34850.219,1,543686,500,182100,-1
34850.536,2,526324,1000,181010,1
34852.423,2,532347,1200,181000,1
34852.685,1,545811,500,180800,1
34853.625,2,526377,500,181000,1
34853.761,2,545811,500,180800,1
34853.784,1,546620,1000,180510,1
34853.879,2,546620,1000,180510,1
34853.887,1,546718,500,180600,1
34853.893,1,546724,800,180510,1
34853.895,1,546728,3000,180500,1
34853.909,2,546724,800,180510,1
34853.94,1,546764,1000,180610,1
34853.978,1,546793,400,181200,-1
34854.036,2,546728,3000,180500,1
34854.784,2,546764,1000,180610,1
34854.799,1,547375,800,180610,1
34855.373,1,547739,100,180700,1
34855.506,2,546718,500,180600,1
34855.514,1,547848,500,180700,1
34855.643,2,547375,800,180610,1
34855.674,2,547739,100,180700,1
34855.698,1,547980,100,180800,1
34855.752,2,536810,500,182090,-1
34855.771,1,548021,1000,181190,-1
34855.86,2,547848,500,180700,1
34855.867,1,548069,500,180800,1
34855.946,2,547980,100,180800,1
34855.975,1,548146,100,180900,1
34856.235,2,548146,100,180900,1
34856.375,5,548343,500,180820,1
34856.407,1,548460,100,180800,1
34856.507,1,548554,300,180500,1
34856.659,2,548021,1000,181190,-1
34857.141,2,548069,500,180800,1
34857.241,2,548460,100,180800,1
34857.258,1,549198,100,180900,1
34857.268,1,549205,1000,180510,1
34857.514,2,549198,100,180900,1
34857.785,2,549205,1000,180510,1
34858.158,1,549985,1000,181190,-1
34858.426,2,548554,300,180500,1
34858.441,2,546793,400,181200,-1
34858.491,1,550239,100,180600,1
34858.598,1,550353,900,180400,1
34858.926,1,550635,1000,180200,1
34859.277,2,476201,300,180100,1
34859.28,1,550863,300,179500,1
34859.8,2,549985,1000,181190,-1
34859.831,1,551283,1000,181900,-1
34859.837,1,551288,10,180800,-1
34859.873,4,551288,10,180800,-1
34859.901,2,543494,3000,182100,-1
34859.924,1,551350,3000,181900,-1
34859.972,2,543686,500,182100,-1
34859.98,1,551397,500,181900,-1
34860.393,2,551283,1000,181900,-1
34860.408,1,551718,700,181890,-1
34860.515,2,551397,500,181900,-1
34860.925,5,552174,500,180850,-1
34860.925,5,551851,300,180890,-1
34861.369,1,552524,10,180800,-1
34861.413,4,552524,10,180800,-1
34861.656,2,550353,900,180400,1
34861.803,5,551967,500,180740,1
34862.937,1,553766,1000,180400,1
34864.395,5,552718,100,180800,-1
34866.377,1,557113,1000,180610,1
34867.611,2,557113,1000,180610,1
34867.66,1,558261,1000,180610,1
34868.105,1,558723,500,181900,-1
34869.188,2,550863,300,179500,1
34869.194,1,559746,300,180500,1
34871.58,1,561733,100,181500,-1
34871.606,5,561497,200,181190,-1
34871.612,2,551718,700,181890,-1
34871.634,2,553766,1000,180400,1
34871.635,1,561781,700,180900,1
34871.725,2,558723,500,181900,-1
34871.733,1,561867,500,181500,-1
34873.061,1,562900,1200,181800,-1
34873.876,2,558261,1000,180610,1
34873.892,1,563550,1000,180910,1
34873.981,2,551350,3000,181900,-1
34875.392,2,561867,500,181500,-1
34876.632,2,562900,1200,181800,-1
34881.892,2,563550,1000,180910,1
34881.908,1,570984,600,180910,1
34882.175,2,559746,300,180500,1
34882.18,1,571175,300,179900,1
34884.563,2,570984,600,180910,1
34884.892,1,573189,1000,180910,1
34887.051,2,550239,100,180600,1
34887.073,1,574990,3000,180900,1
34888.025,4,561733,100,181500,-1
34888.049,1,575800,1000,182500,-1
34888.094,1,575828,500,181000,1
34888.11,2,573189,1000,180910,1
34888.112,1,575844,3000,182700,-1
34888.126,1,575855,1000,181010,1
34888.23,2,575844,3000,182700,-1
34888.244,1,575947,3000,182500,-1
34888.981,2,574990,3000,180900,1
34889.031,1,576698,3000,181000,1
34889.239,5,576160,10,181610,1
34889.346,2,575800,1000,182500,-1
34889.377,1,577007,900,182490,-1
34889.924,2,577007,900,182490,-1
34889.955,1,577506,800,182490,-1
34890.565,2,575855,1000,181010,1
34890.596,1,578082,700,181010,1
34893.674,2,461908,1000,180000,1
34895.096,2,575947,3000,182500,-1
34895.315,2,561781,700,180900,1
34895.359,1,581416,500,181200,1
34895.379,2,578082,700,181010,1
34895.408,1,581443,1000,181210,1
34895.501,2,575828,500,181000,1
34895.51,1,581514,500,181200,1
34895.874,1,581808,1000,181500,1
34895.993,2,581514,500,181200,1
34896.001,1,581892,500,181500,1
34900.502,2,581443,1000,181210,1
34902.885,2,581892,500,181500,1
34906.907,2,581416,500,181200,1
34906.91,1,590196,600,181600,1
34907.881,5,590918,100,181750,1
34908.794,1,591673,400,181400,1
34908.795,2,590196,600,181600,1
34908.83,1,591702,1000,181510,1
34908.99,1,591842,500,182500,-1
34911.219,2,591702,1000,181510,1
34919.094,1,598521,1000,181510,1
34921.032,2,598521,1000,181510,1
34921.166,1,599871,4876,180500,1
34921.173,1,599877,700,181510,1
34921.954,2,599877,700,181510,1
34922.413,5,598276,100,181800,1
34922.813,1,601104,1000,181510,1
34923.11,2,601104,1000,181510,1
34923.141,1,601290,800,181510,1
34924.193,2,601290,800,181510,1
34924.284,2,581808,1000,181500,1
34924.314,1,602135,800,181410,1
34924.444,2,576698,3000,181000,1
34924.459,1,602252,3000,181400,1
34926.26,1,603622,1000,180000,1
34926.726,2,591673,400,181400,1
34926.813,2,602135,800,181410,1
34927.119,2,602252,3000,181400,1
34927.142,1,604493,1000,180600,1
34927.21,1,604555,3700,180500,1
34927.329,2,604555,3700,180500,1
34927.351,1,604697,3000,180600,1
34928.281,1,605480,1200,181300,1
34928.313,2,604493,1000,180600,1
34928.344,1,605530,1000,181310,1
34928.354,2,604697,3000,180600,1
34928.371,1,605548,3000,181300,1
34929.259,1,606388,1600,181800,-1
34929.478,2,605480,1200,181300,1
34929.765,2,605530,1000,181310,1
34929.798,1,606962,600,181310,1
34930.97,2,606962,600,181310,1
34931.25,1,608342,1200,181200,1
34931.506,2,605548,3000,181300,1
34933.353,2,608342,1200,181200,1
34933.375,1,609997,1000,180510,1
34933.399,1,610027,500,180600,1
34933.423,2,609997,1000,180510,1
34933.424,1,610043,3700,180500,1
34933.454,1,610075,1000,180610,1
34933.592,2,610043,3700,180500,1
34933.61,1,610203,3000,180600,1
34937.53,2,469614,100,180500,1
34940.536,1,615801,1100,181100,1
34940.563,2,610075,1000,180610,1
34940.594,1,615848,500,181110,1
34940.651,2,610027,500,180600,1
34940.66,1,615898,500,181100,1
34941.082,2,591842,500,182500,-1
34941.095,1,616189,500,181800,-1
34942.176,5,610521,500,181510,1
34942.891,2,615848,500,181110,1
34944.218,2,577506,800,182490,-1
34944.25,1,618649,1000,181790,-1
34944.471,2,615898,500,181100,1
34944.877,2,615801,1100,181100,1
34944.881,1,619054,900,181000,1
34945.037,2,610203,3000,180600,1
34945.053,1,619150,3000,181000,1
34947.229,2,619150,3000,181000,1
34949.087,1,622676,1000,180800,1
34949.115,2,619054,900,181000,1
34949.145,1,622707,1000,180810,1
34949.233,1,622785,3000,180800,1
34950.908,2,618649,1000,181790,-1
34950.938,1,624202,1000,181790,-1
34951.013,5,623073,200,181200,-1
34951.174,2,624202,1000,181790,-1
34951.204,1,624464,900,181790,-1
34951.751,2,624464,900,181790,-1
34951.788,1,624935,400,181790,-1
34952.517,2,550635,1000,180200,1
34953.346,1,626081,100,181000,1
34958.969,2,622785,3000,180800,1
34959.362,2,622707,1000,180810,1
34959.392,1,631224,700,181010,1
34961.004,2,631224,700,181010,1
34961.031,1,632814,300,181010,1
34961.432,2,626081,100,181000,1
34961.728,1,633521,800,181100,1
34961.731,2,622676,1000,180800,1
34962.719,2,632814,300,181010,1
34964.029,1,635389,500,81200,1
34965.838,1,637108,10,181300,-1
34967.231,4,637108,10,181300,-1
34967.231,1,638231,490,181300,1
34968.753,2,638231,490,181300,1
34969.272,1,639789,100,181200,1
34969.847,2,633521,800,181100,1
34970.039,1,640422,1200,180800,1
34971.05,2,639789,100,181200,1
34971.078,1,641260,1000,180810,1
34972.384,1,642292,10,181300,-1
34974.16,1,643764,10,181200,-1
34975.984,2,640422,1200,180800,1
34978.049,2,599871,4876,180500,1
34978.458,1,647388,4876,179500,1
34978.71,1,647541,10,181100,-1
34978.711,4,647541,10,181100,-1
34978.855,2,642292,10,181300,-1
34978.89,2,643764,10,181200,-1
34980.587,1,648859,10,181200,-1
34981.621,1,649669,1000,180900,1
34983.115,1,650999,3000,181800,-1
34983.271,5,647544,90,181100,1
34983.71,2,649669,1000,180900,1
34983.737,1,651666,400,181200,-1
34984.204,2,641260,1000,180810,1
34984.234,1,652121,1000,180110,1
34984.379,1,652250,3000,180100,1
34984.388,1,652267,500,180200,1
34984.421,2,652121,1000,180110,1
34984.452,1,652363,1000,180210,1
34984.533,2,652250,3000,180100,1
34984.548,1,652469,3000,180200,1
34985.03,1,652831,300,180700,1
34985.063,2,652363,1000,180210,1
34985.094,1,652873,1000,180710,1
34985.117,2,652267,500,180200,1
34985.126,1,652905,500,180700,1
34987.815,2,652873,1000,180710,1
34988.709,2,651666,400,181200,-1
34989.849,1,656524,10,181000,-1
34991.434,2,652905,500,180700,1
34991.491,1,658178,400,181000,-1
34991.958,2,652831,300,180700,1
34991.989,1,658731,1000,180210,1
34992.0,1,658741,1000,180600,1
34992.031,2,658731,1000,180210,1
34992.065,1,658802,1000,180610,1
34994.459,1,661069,10,180900,-1
34994.51,4,661069,10,180900,-1
34994.625,2,648859,10,181200,-1
34994.657,2,656524,10,181000,-1
34997.721,1,663368,200,180900,1
34999.879,4,658178,390,181000,-1
35000.223,4,658178,10,181000,-1
35000.626,1,665885,100,181000,-1
35001.153,4,665885,100,181000,-1
35002.201,2,616189,500,181800,-1
35002.209,1,667132,500,181800,-1
35002.813,1,667557,500,181000,1
35005.114,2,667557,500,181000,1
35005.294,2,650999,3000,181800,-1
35008.599,2,571175,300,179900,1
35008.601,1,671939,300,180700,1
35008.654,2,663368,200,180900,1
35008.689,2,658802,1000,180610,1
35008.719,1,672072,1000,180710,1
35011.366,2,606388,1600,181800,-1
35011.665,1,674316,1600,181800,-1
35011.793,2,667132,500,181800,-1
35016.314,1,677737,100,181200,1
35021.179,5,680932,300,181390,-1
35021.179,5,681076,300,181390,-1
35021.245,1,681143,1100,181000,1
35021.247,2,658741,1000,180600,1
35025.823,2,314778,2000,180000,1
35027.888,1,686680,2000,179000,1
35029.732,2,672072,1000,180710,1
35030.126,2,681143,1100,181000,1
35034.098,1,691031,1200,180900,1
35038.683,1,694137,10,181300,-1
35039.718,4,694137,10,181300,-1
35042.091,1,696979,500,181800,-1
35043.663,2,696979,500,181800,-1
35048.452,2,624935,400,181790,-1
35050.036,1,703404,500,181200,1
35050.378,1,703698,1200,182000,-1
35050.443,5,703180,300,181750,-1
35050.67,1,703969,1000,181210,1
35051.042,2,703698,1200,182000,-1
35052.766,2,703969,1000,181210,1
35052.795,1,705498,600,181210,1
35053.144,1,705764,200,181700,-1
35053.878,1,706263,100,182200,-1
35054.104,1,706412,1000,182000,-1
35056.348,2,703404,500,181200,1
35060.986,1,711285,600,180300,1
35066.035,5,712005,300,181610,1
35066.125,1,714947,100,181600,1
35067.146,5,714962,200,181680,-1
35067.206,2,705498,600,181210,1
35069.0,4,714947,100,181600,1
35069.031,1,717173,1000,181210,1
35069.564,2,706412,1000,182000,-1
35070.731,2,717173,1000,181210,1
35070.765,1,718501,900,181210,1
35072.497,1,719937,900,181200,1
35072.525,2,691031,1200,180900,1
35073.134,2,671939,300,180700,1
35073.144,1,720474,300,180100,1
35073.841,2,677737,100,181200,1
35077.124,1,723402,500,181500,1
35077.369,5,715525,200,181690,-1
35078.842,5,723044,500,181690,-1
35078.842,4,705764,200,181700,-1
35079.158,2,674316,1600,181800,-1
35079.17,1,724739,1000,182190,-1
35079.788,1,725207,500,182200,-1
35082.63,2,725207,500,182200,-1
35086.73,2,718501,900,181210,1
35088.941,2,719937,900,181200,1
35088.975,1,732381,500,182100,-1
35088.997,2,724739,1000,182190,-1
35089.029,1,732426,1000,182090,-1
35089.435,2,732426,1000,182090,-1
35090.095,2,732381,500,182100,-1
35090.122,1,733150,1000,182190,-1
35090.137,1,733163,700,181200,1
35090.18,1,733188,700,182200,-1
35091.807,5,733041,300,181610,1
35091.807,5,734230,200,181610,1
35092.909,5,735391,300,181620,1
35092.909,5,724741,300,181550,1
35092.909,5,733323,200,181550,1
35092.93,2,733188,700,182200,-1
35095.941,2,635389,500,81200,1
35096.523,1,738049,500,181600,1
35096.59,4,738049,500,181600,1
35096.804,5,738102,200,181540,1
35098.46,2,733163,700,181200,1
35101.195,4,723402,500,181500,1
35101.236,1,742079,1000,180500,1
35101.311,2,652469,3000,180200,1
35101.319,1,742155,500,180400,1
35101.337,1,742173,3000,180300,1
35101.361,2,742155,500,180400,1
35101.369,1,742191,500,180500,1
35101.377,2,742173,3000,180300,1
35101.394,1,742212,3000,180500,1
35101.488,1,742300,200,181600,-1
35104.503,2,742300,200,181600,-1
35105.656,1,745717,1100,181100,1
35105.684,2,742079,1000,180500,1
35105.716,1,745768,1000,181110,1
35105.765,2,742191,500,180500,1
35105.772,1,745811,500,181100,1
35106.606,2,745768,1000,181110,1
35107.944,2,706263,100,182200,-1
35109.794,1,748779,700,181000,1
35109.8,2,745717,1100,181100,1
35111.442,2,745811,500,181100,1
35112.018,1,750596,500,182200,-1
35113.035,1,751338,3000,182200,-1
35113.107,1,751399,1000,181010,1
35113.355,2,751399,1000,181010,1
35113.371,1,751614,900,181010,1
35119.42,2,686680,2000,179000,1
35119.747,2,748779,700,181000,1
35120.213,2,74422,3000,183900,-1
35121.5,1,757895,2000,180500,1
35121.682,1,758047,1000,181000,1
35128.62,1,764148,100,181500,-1
35129.589,2,750596,500,182200,-1
35129.598,1,764914,500,181500,-1
35131.919,2,751614,900,181010,1
35131.937,1,766757,600,181010,1
35132.789,2,764914,500,181500,-1
35136.328,5,761514,200,181300,-1
35136.426,5,769723,300,181310,1
35140.779,1,772432,100,180400,1
35141.132,4,764148,73,181500,-1
35142.211,1,773549,500,181100,1
35142.23,2,766757,600,181010,1
35142.245,1,773578,1000,181110,1
35142.838,1,774087,1200,181900,-1
35143.36,4,764148,27,181500,-1
35143.37,2,733150,1000,182190,-1
35143.401,1,774561,1000,181890,-1
35145.12,2,773549,500,181100,1
35145.277,2,773578,1000,181110,1
35145.308,1,776077,1000,181010,1
35147.039,2,751338,3000,182200,-1
35147.662,5,777930,300,181490,-1
35148.309,2,774561,1000,181890,-1
35148.323,1,778506,800,181890,-1
35148.685,2,778506,800,181890,-1
35148.698,1,778855,600,181890,-1
35148.779,2,774087,1200,181900,-1
35154.087,1,783270,1100,181900,-1
35157.026,2,783270,1100,181900,-1
35159.327,1,787981,10,181400,-1
35159.426,4,787981,10,181400,-1
35164.095,1,792179,500,181900,-1
35168.347,1,795242,700,181590,-1
35172.187,2,795242,700,181590,-1
35172.848,2,742212,3000,180500,1
35172.884,1,798055,3000,181000,1
35178.319,1,801699,500,181100,1
35178.339,2,776077,1000,181010,1
35178.37,1,801738,1000,181110,1
35180.978,2,801738,1000,181110,1
35183.692,2,801699,500,181100,1
35183.719,1,805538,1000,181010,1
35184.156,2,805538,1000,181010,1
35184.166,1,805870,700,181010,1
35184.23,1,805912,100,181500,1
35184.965,1,806368,100,181600,-1
35187.414,5,805393,100,181580,-1
35187.792,2,805870,700,181010,1
35188.312,2,772432,100,180400,1
35188.779,2,806368,100,181600,-1
35190.652,2,778855,600,181890,-1
35190.721,4,805912,100,181500,1
35190.744,1,810025,1000,181010,1
35190.779,5,809954,100,181500,1
35190.932,5,810132,500,181510,1
35191.324,2,810025,1000,181010,1
35191.338,1,810451,700,181010,1
35191.913,1,810974,1000,181890,-1
35192.119,2,810974,1000,181890,-1
35192.386,2,758047,1000,181000,1
35192.388,1,811357,900,181300,1
35192.4,2,810451,700,181010,1
35192.404,1,811372,100,181500,1
35193.038,5,811544,200,181540,1
35199.849,2,811357,900,181300,1
35200.465,2,811372,100,181500,1
35200.478,1,817281,1000,181010,1
35200.503,5,813970,100,181700,1
35200.916,2,817281,1000,181010,1
35200.946,1,817620,800,181010,1
35203.02,1,818915,100,181700,-1
35204.089,1,819637,1000,181300,1
35204.104,2,817620,800,181010,1
35204.119,1,819651,1000,181310,1
35205.447,2,819651,1000,181310,1
35207.202,4,818915,100,181700,-1
35208.613,2,792179,500,181900,-1
35208.634,1,822483,1000,182680,-1
35208.728,1,822569,3000,182700,-1
35208.843,2,819637,1000,181300,1
35208.869,1,822702,1000,181010,1
35209.999,1,823375,1200,182100,-1
35210.009,2,822483,1000,182680,-1
35210.024,1,823391,1000,182090,-1
35210.726,2,823375,1200,182100,-1
35211.318,1,824106,1000,181200,1
35211.357,2,822702,1000,181010,1
35211.369,1,824140,1000,181210,1
35213.032,1,824943,500,181300,1
35213.056,2,824140,1000,181210,1
35213.072,1,824967,1000,181310,1
35215.339,2,824943,500,181300,1
35219.423,1,828151,100,181400,1
35219.447,2,824967,1000,181310,1
35219.462,1,828179,1000,181410,1
35222.932,2,828179,1000,181410,1
35223.633,2,828151,100,181400,1
35223.649,1,830969,1000,181210,1
35224.791,1,831568,10,181700,-1
35231.922,1,835383,10,181600,-1
35232.468,2,824106,1000,181200,1
35236.206,2,603622,1000,180000,1
35238.169,1,839453,1000,181500,1
35238.335,4,839453,200,181500,1
35238.696,4,839453,400,181500,1
35238.747,1,839710,100,180200,1
35239.069,1,839839,500,182100,-1
35240.048,2,839839,500,182100,-1
35242.29,2,830969,1000,181210,1
35244.592,4,835383,10,181600,-1
35244.736,2,831568,10,181700,-1
35251.931,1,848393,1100,182100,-1
35253.567,1,849478,500,180000,1
35256.464,1,851862,7,181700,-1
35258.935,4,851862,7,181700,-1
35262.398,5,843111,69,181550,1
35276.068,1,866352,500,182100,-1
35282.037,1,870837,100,181800,-1
35282.913,2,823391,1000,182090,-1
35283.197,2,866352,500,182100,-1
35283.368,2,848393,1100,182100,-1
35283.411,1,871687,700,181800,-1
35284.094,5,872000,300,181510,1
35284.094,4,839453,188,181500,1
35284.832,4,839453,212,181500,1
35284.851,1,872624,1000,181010,1
35285.163,1,872810,1000,181790,-1
35285.885,1,873332,500,181100,1
35285.898,2,872624,1000,181010,1
35285.913,1,873349,1000,181110,1
35286.329,2,798055,3000,181000,1
35286.726,2,872810,1000,181790,-1
35287.868,2,873349,1000,181110,1
35287.883,1,875037,900,181110,1
35288.055,2,875037,900,181110,1
35288.069,1,875227,800,181110,1
35290.786,2,870837,100,181800,-1
35291.009,2,839710,100,180200,1
35292.01,2,871687,700,181800,-1
35292.023,1,878073,1000,182600,-1
35292.212,2,822569,3000,182700,-1
35292.257,1,878252,3000,182600,-1
35295.179,5,877280,300,181690,-1
35295.179,1,880077,850,181700,1
35295.361,1,880248,50,181700,1
35295.764,1,880578,1100,182000,-1
35296.585,2,880578,1100,182000,-1
35296.723,1,881335,100,181400,1
35298.369,2,880248,50,181700,1
35303.149,2,878252,3000,182600,-1
35303.339,1,886164,1200,182200,-1
35303.368,2,878073,1000,182600,-1
35303.382,1,886196,1000,182190,-1
35305.43,5,887353,300,181810,1
35305.43,1,887973,5700,181790,-1
35306.406,2,880077,850,181700,1
35306.429,2,875227,800,181110,1
35306.453,1,888897,1000,181410,1
35306.521,2,873332,500,181100,1
35306.941,4,887973,2000,181790,-1
35307.271,4,887973,1800,181790,-1
35310.813,1,892425,100,181900,-1
35313.807,4,887973,1900,181790,-1
35314.392,2,711285,600,180300,1
35314.984,1,894791,800,180300,1
35315.098,1,894850,100,181500,1
35315.116,2,888897,1000,181410,1
35315.131,1,894870,1000,181510,1
35315.772,2,894870,1000,181510,1
35315.788,1,895298,900,181510,1
35316.429,1,895704,50,181700,1
35316.468,1,895731,1150,181700,1
35317.168,2,881335,100,181400,1
35318.919,4,892425,100,181900,-1
35319.058,1,897348,500,182200,-1
35319.745,2,886164,1200,182200,-1
35320.299,2,897348,500,182200,-1
35323.624,1,900039,1200,182200,-1
35328.827,2,900039,1200,182200,-1
35329.957,1,904132,1000,182200,-1
35330.034,1,904191,100,181300,1
35332.758,2,895298,900,181510,1
35338.965,1,910179,1500,170800,1
35347.695,2,895704,50,181700,1
35347.789,2,895731,1150,181700,1
35348.275,1,917360,100,181900,-1
35348.654,1,917713,1500,180500,1
35350.18,1,918831,6311,181400,1
35351.848,2,894791,800,180300,1
35355.448,5,916963,431,181550,1
35355.448,5,893619,269,181520,1
35356.295,5,893619,131,181520,1
35356.295,4,894850,100,181500,1
35356.408,1,923127,10,181700,-1
35357.745,5,923165,46,181410,1
35357.982,5,923459,500,181650,-1
35357.982,5,923177,100,181660,-1
35357.982,5,923241,200,181660,-1
35357.982,5,923218,300,181690,-1
35358.261,5,924370,100,181510,1
35358.306,5,924370,100,181510,1
35359.859,1,925673,1200,181100,1
35360.689,2,925673,1200,181100,1
35363.183,2,904132,1000,182200,-1
35363.185,1,928101,100,181900,-1
35365.131,1,929502,500,181900,-1
35370.341,2,929502,500,181900,-1
35373.109,2,928101,100,181900,-1
35373.111,1,934156,1100,182000,-1
35375.557,2,923127,10,181700,-1
35379.61,2,934156,1100,182000,-1
35381.633,5,935886,500,181790,-1
35389.31,2,904191,100,181300,1
35395.47,1,947483,1100,182000,-1
35399.333,2,886196,1000,182190,-1
35399.364,1,950238,1000,181890,-1
35399.782,1,950527,500,181900,-1
35400.208,2,950238,1000,181890,-1
35400.309,5,932926,50,181450,1
35400.454,1,950948,100,181300,1
35400.682,1,951106,1000,181890,-1
35401.289,2,951106,1000,181890,-1
35401.317,1,951497,900,181890,-1
35402.319,1,952253,6311,181500,1
35405.749,4,952253,69,181500,1
35405.788,2,947483,1100,182000,-1
35405.829,1,955324,1000,181700,-1
35405.954,2,955324,1000,181700,-1
35405.988,1,955446,1000,181800,-1
35406.799,2,950527,500,181900,-1
35406.815,1,956044,500,181800,-1
35407.639,4,952253,100,181500,1
35408.093,4,952253,200,181500,1
35410.601,4,952253,100,181500,1
35411.207,2,917360,100,181900,-1
35415.661,4,952253,500,181500,1
35416.359,4,952253,200,181500,1
35417.034,4,952253,100,181500,1
35417.859,2,950948,100,181300,1
35418.341,4,952253,200,181500,1
35420.61,4,952253,100,181500,1
35420.732,4,952253,200,181500,1
35421.037,4,952253,300,181500,1
35421.422,2,461917,200,183600,-1
35421.439,1,967800,200,182000,-1
35425.932,4,952253,4242,181500,1
35426.354,1,971683,100,186600,-1
35428.403,4,918831,500,181400,1
35429.599,2,951497,900,181890,-1
35429.628,1,974376,1000,181790,-1
35430.087,4,918831,3900,181400,1
35430.245,4,918831,188,181400,1
35430.748,1,975462,2858,181500,-1
35431.355,4,918831,188,181400,1
35432.367,4,918831,500,181400,1
35432.526,4,918831,1035,181400,1
35432.552,1,977211,1000,180510,1
35432.612,1,977266,3000,180500,1
35432.619,1,977270,500,180600,1
35432.645,2,977211,1000,180510,1
35432.676,1,977332,1000,180610,1
35432.737,2,977266,3000,180500,1
35432.763,1,977440,3000,180600,1
35435.696,2,238188,1000,180100,1
35436.038,1,979900,1000,181400,-1
35436.236,1,980053,10,181400,-1
35436.399,1,980167,100,181000,1
35436.426,2,977332,1000,180610,1
35436.441,1,980198,1000,181010,1
35437.818,1,981184,10,181300,-1
35438.284,2,980198,1000,181010,1
35438.316,1,981515,700,181010,1
35441.329,2,979900,1000,181400,-1
35441.58,2,977440,3000,180600,1
35450.929,2,980167,100,181000,1
35451.669,2,720474,300,180100,1
35451.685,1,991898,300,179100,1
35457.011,4,981184,10,181300,-1
35457.217,2,980053,10,181400,-1
35457.613,2,981515,700,181010,1
35457.644,1,996861,1000,180610,1
35458.088,1,997206,900,181300,-1
35458.23,1,997332,3000,180600,1
35458.233,2,333613,440,182690,-1
35458.243,1,997348,440,184690,-1
35458.288,1,997383,1200,180800,1
35458.316,2,996861,1000,180610,1
35458.347,1,997449,1000,180810,1
35458.388,2,977270,500,180600,1
35458.396,1,997499,500,180800,1
35459.051,2,974376,1000,181790,-1
35459.507,1,998352,10,181200,-1
35459.54,4,998352,10,181200,-1
35462.973,2,967800,200,182000,-1
35462.991,1,1001352,300,182700,-1
35466.229,2,997332,3000,180600,1
35466.485,5,997171,500,181120,1
35466.761,2,1001352,300,182700,-1
35466.775,1,1004290,300,184400,-1
35467.55,2,997449,1000,180810,1
35468.187,2,997383,1200,180800,1
35470.866,1,1007198,10,181200,-1
35471.177,2,955446,1000,181800,-1
35471.188,1,1007391,1100,181400,-1
35471.665,2,956044,500,181800,-1
35471.673,1,1007717,500,181300,-1
35473.336,1,1008950,10,181100,-1
35475.169,1,1010530,4000,177500,1
35475.242,1,1010584,100,181040,1
35475.276,2,997206,900,181300,-1
35475.653,5,1010688,100,181050,1
35475.653,4,1010584,100,181040,1
35475.899,2,1007391,1100,181400,-1
35475.951,1,1011159,1200,180700,1
35476.236,2,991898,300,179100,1
35476.25,1,1011368,300,180600,1
35477.07,4,1008950,10,181100,-1
35477.188,2,1007198,10,181200,-1
35477.614,2,1011159,1200,180700,1
35478.695,5,1002522,100,181250,-1
35478.698,5,1002522,450,181250,-1
35478.698,5,1012128,500,181280,-1
35478.698,4,1007717,500,181300,-1
35478.706,1,1013037,100,181300,1
35478.733,4,1013037,100,181300,1
35478.733,5,1013032,900,181300,1
35478.741,1,1013061,100,181300,1
35478.752,1,1013070,1000,181490,-1
35478.764,4,1013061,100,181300,1
35478.764,5,1013032,600,181300,1
35478.771,1,1013088,100,181300,1
35478.866,1,1013171,1200,181600,-1
35478.988,2,1013070,1000,181490,-1
35479.018,1,1013261,700,181490,-1
35479.378,2,1013261,700,181490,-1
35479.819,2,1013171,1200,181600,-1
35484.075,5,1015531,500,181310,1
35484.075,4,1013088,100,181300,1
35484.075,5,1013032,400,181300,1
35484.084,1,1016557,100,181300,1
35484.097,1,1016572,1000,180810,1
35484.112,4,1016557,100,181300,1
35484.112,5,1013032,750,181300,1
35484.177,1,1016635,3000,180800,1
35485.076,1,1017226,100,181300,1
35485.13,4,1017226,100,181300,1
35486.642,1,1018254,1200,181700,-1
35487.235,1,1018635,1200,180700,1
35487.316,2,1016572,1000,180810,1
35487.35,5,1018328,100,181290,-1
35487.659,1,1018918,1000,180810,1
35487.958,2,1018918,1000,180810,1
35488.893,1,1019711,1000,180810,1
35489.517,2,997499,500,180800,1
35491.517,1,1021391,6311,181400,-1
35493.111,2,1016635,3000,180800,1
35498.17,2,1011368,300,180600,1
35498.188,1,1026032,300,180200,1
35500.379,2,1019711,1000,180810,1
35500.411,1,1027607,1000,180710,1
35500.48,1,1027667,3000,180700,1
35502.197,2,1027667,3000,180700,1
35504.17,2,1018635,1200,180700,1
35512.138,5,1034783,500,181150,1
35518.719,1,1040078,3000,180700,1
35518.773,1,1040112,500,180800,1
35518.986,1,1040280,1000,181390,-1
35520.817,2,1040280,1000,181390,-1
35520.846,1,1041773,900,181390,-1
35521.13,2,1041773,900,181390,-1
35522.379,2,1027607,1000,180710,1
35522.41,1,1043225,1000,180810,1
35522.751,1,1043511,30,181100,1
35526.028,1,1045926,30,181200,1
35526.236,2,1043511,30,181100,1
35527.339,5,1046688,22,181290,-1
35531.772,1,1050084,30,181300,1
35531.984,2,1045926,30,181200,1
35534.123,4,1050084,30,181300,1
35538.453,2,1040078,3000,180700,1
35545.597,2,1043225,1000,180810,1
35545.629,1,1059188,700,180810,1
35550.096,2,1059188,700,180810,1
35550.127,1,1062640,600,180810,1
35552.329,2,1004290,300,184400,-1
35552.332,1,1064308,200,182900,-1
35553.789,1,1065409,900,176500,1
35554.19,2,1040112,500,180800,1
35565.288,1,1072030,120,171000,1
35565.742,1,1072250,700,181300,1
35566.898,4,1021391,5000,181400,-1
35567.187,2,1072250,700,181300,1
35567.721,5,1072964,500,181350,-1
35570.235,1,1074928,3000,180800,1
35570.267,1,1074948,100,181800,-1
35574.013,1,1077344,700,181380,-1
35575.111,2,1077344,700,181380,-1
35577.606,5,1077931,100,181350,-1
35577.606,5,1077934,246,181360,-1
35577.606,5,1078804,500,181380,-1
35577.606,5,1077665,300,181390,-1
35577.606,4,1021391,154,181400,-1
35578.217,1,1079855,100,181220,1
35579.69,4,1021391,1100,181400,-1
35580.655,4,1021391,57,181400,-1
35581.348,2,1018254,1200,181700,-1
35581.893,1,1081935,500,181400,1
35582.216,4,975462,1000,181500,-1
35582.438,1,1082179,500,181400,1
35582.704,2,1081935,500,181400,1
35582.931,4,975462,150,181500,-1
35584.765,2,997348,440,184690,-1
35584.772,1,1083365,240,184690,-1
35584.826,1,1083390,200,184690,-1
35585.0,2,1082179,500,181400,1
35586.246,2,1074948,100,181800,-1
35586.491,4,975462,1708,181500,-1
35586.518,1,1084244,1000,182500,-1
35586.557,1,1084279,3000,182800,-1
35586.669,2,1084279,3000,182800,-1
35586.685,1,1084377,3000,182500,-1
35587.532,5,1084825,400,181410,1
35587.7,1,1085053,50,181500,1
35587.723,4,1085053,50,181500,1
35587.79,1,1085106,50,181500,1
35587.824,4,1085106,50,181500,1
35589.355,1,1086279,1000,181900,-1
35589.377,2,1084244,1000,182500,-1
35589.392,1,1086304,1000,181890,-1
35592.518,2,1086304,1000,181890,-1
35593.065,2,1062640,600,180810,1
35593.094,1,1088698,700,181230,1
35593.314,2,1088698,700,181230,1
35593.575,2,1086279,1000,181900,-1
35593.59,1,1088965,600,182000,-1
35593.597,1,1088971,1000,182490,-1
35593.625,2,1088971,1000,182490,-1
35593.658,1,1089003,800,181990,-1
35593.97,2,1089003,800,181990,-1
35594.471,2,1088965,600,182000,-1
35594.473,1,1089475,1000,182100,-1
35594.501,1,1089497,1000,182490,-1
35594.517,2,1089497,1000,182490,-1
35594.548,1,1089530,1000,182090,-1
35596.202,1,1090632,100,181900,-1
35597.71,2,1083390,200,184690,-1
35604.488,1,1096609,100,181700,-1
35606.688,1,1098081,1000,181230,1
35606.968,4,1096609,61,181700,-1
35607.302,4,1096609,9,181700,-1
35607.742,4,1096609,30,181700,-1
35607.905,2,1098081,1000,181230,1
35607.94,1,1098893,900,181230,1
35608.217,2,1079855,100,181220,1
35608.312,2,1098893,900,181230,1
35608.328,1,1099123,900,180810,1
35613.255,1,1102538,100,181600,1
35618.189,2,1089530,1000,182090,-1
35618.629,2,1089475,1000,182100,-1
35619.239,5,1088932,100,181790,-1
35619.239,5,1105345,370,181890,-1
35620.677,1,1107409,100,181900,-1
35620.957,4,1090632,100,181900,-1
35620.957,4,1107409,100,181900,-1
35620.97,1,1107611,1000,182490,-1
35621.045,2,1102538,100,181600,1
35621.047,1,1107680,500,182500,-1
35621.144,1,1107750,500,180900,1
35621.171,2,1099123,900,180810,1
35621.203,1,1107779,1000,180910,1
35621.23,2,1084377,3000,182500,-1
35621.364,1,1107899,400,181400,1
35621.365,2,1074928,3000,180800,1
35621.373,2,1107779,1000,180910,1
35621.383,1,1107907,3000,180900,1
35621.406,1,1107919,1000,181410,1
35621.467,2,1107750,500,180900,1
35621.475,1,1107961,500,181400,1
35622.84,2,1107961,500,181400,1
35622.94,1,1108978,10,181800,1
35624.147,1,1109859,50,182200,-1
35624.845,2,1107907,3000,180900,1
35624.927,2,1107899,400,181400,1
35624.971,1,1110297,1100,182300,-1
35625.057,2,1107680,500,182500,-1
35625.065,1,1110357,500,182300,-1
35626.566,5,1110368,6,181980,-1
35626.736,1,1111357,100,182000,-1
35627.804,5,1111321,200,181900,1
35627.804,5,1111895,100,181900,1
35628.847,4,1111357,51,182000,-1
35628.927,2,1110357,500,182300,-1
35630.833,4,1108978,10,181800,1
35632.674,5,1114649,100,181460,1
35632.793,1,1116238,400,181800,-1
35633.861,2,1107919,1000,181410,1
35633.89,1,1117120,1000,180600,1
35634.918,1,1118012,300,180600,1
35634.995,2,1116238,400,181800,-1
35635.072,2,1118012,300,180600,1
35635.088,1,1118176,300,180700,1
35635.108,2,1117120,1000,180600,1
35635.124,1,1118218,1000,180710,1
35635.255,2,1118176,300,180700,1
35635.277,1,1118346,300,180800,1
35635.296,2,1118218,1000,180710,1
35635.327,1,1118397,900,180810,1
35635.374,2,1107611,1000,182490,-1
35635.391,1,1118462,1000,181990,-1
35635.488,2,1118346,300,180800,1
35635.512,1,1118603,300,180900,1
35635.533,2,1118397,900,180810,1
35635.563,1,1118665,800,180910,1
35635.682,2,1118603,300,180900,1
35635.707,1,1118827,300,181000,1
35635.718,2,1118665,800,180910,1
35635.733,1,1118850,700,181010,1
35635.904,2,1118827,300,181000,1
35636.184,1,1119198,400,181700,-1
35636.281,1,1119262,100,181800,-1
35638.248,2,1118850,700,181010,1
35638.264,1,1120789,1000,180600,1
35640.363,5,1119219,100,181650,-1
35640.363,5,1121309,302,181670,-1
35640.363,4,1119198,98,181700,-1
35643.957,2,1119198,302,181700,-1
35647.719,1,1126401,100,181700,-1
35653.094,2,1110297,1100,182300,-1
35653.135,1,1129177,1200,182000,-1
35653.151,1,1129188,500,180700,1
35653.17,2,1120789,1000,180600,1
35653.201,1,1129219,1000,180710,1
35653.462,2,1111357,49,182000,-1
35653.644,2,1126401,100,181700,-1
35653.739,2,1119262,100,181800,-1
35658.734,1,1132792,500,182000,-1
35659.641,1,1133487,100,181800,-1
35659.788,2,1132792,500,182000,-1
35659.796,1,1133624,500,181800,-1
35661.224,1,1134607,100,181600,-1
35664.51,2,1134607,100,181600,-1
35664.529,2,1118462,1000,181990,-1
35664.545,1,1136837,1000,181790,-1
35665.376,2,1133624,500,181800,-1
35666.577,1,1138275,100,181600,-1
35667.695,5,1138760,500,181430,1
35668.373,2,1136837,1000,181790,-1
35668.726,1,1140019,100,181000,1
35668.749,2,1129219,1000,180710,1
35668.764,1,1140047,1000,181010,1
35668.829,2,1129188,500,180700,1
35668.837,1,1140101,500,181000,1
35670.756,2,1133487,100,181800,-1
35671.063,2,1138275,100,181600,-1
35671.076,1,1141760,1000,181990,-1
35675.546,1,1144330,100,181700,-1
35681.215,1,1147604,100,181900,-1
35683.878,2,1109859,50,182200,-1
35684.204,1,1149089,50,181600,-1
35685.263,2,1140047,1000,181010,1
35685.28,1,1149544,900,181010,1
35685.38,2,1140101,500,181000,1
35686.95,2,1149544,900,181010,1
35686.968,1,1150542,700,181010,1
35687.154,2,1150542,700,181010,1
35687.17,1,1150661,600,181010,1
35690.685,1,1152846,149,181600,-1
35693.362,5,1153109,399,181310,1
35693.825,2,1150661,600,181010,1
35695.543,2,1141760,1000,181990,-1
35695.57,1,1155085,1000,181590,-1
35696.481,2,1155085,1000,181590,-1
35696.497,1,1155665,700,181590,-1
35696.56,2,1155665,700,181590,-1
35696.998,1,1155944,700,181590,-1
35697.091,2,1155944,700,181590,-1
35699.498,1,1157573,398,181210,1
35701.891,2,1083365,240,184690,-1
35701.898,1,1158840,240,183800,-1
35706.778,5,1159266,200,181260,1
35707.908,1,1162061,10,181300,1
35708.617,2,1157573,398,181210,1
35713.162,2,1129177,1200,182000,-1
35713.206,1,1165271,1000,181700,-1
35713.877,2,1149089,50,181600,-1
35714.07,1,1165771,50,181400,-1
35716.972,4,1162061,10,181300,1
35720.409,1,1169861,100,181200,1
35732.437,2,1165271,1000,181700,-1
35732.483,1,1176920,1200,180900,1
35734.425,2,1152846,149,181600,-1
35734.538,1,1178184,900,181800,-1
35734.689,2,1144330,100,181700,-1
35734.807,1,1178357,500,181800,-1
35735.101,2,1178357,500,181800,-1
35735.521,4,1165771,50,181400,-1
35735.521,1,1178806,348,181400,1
35735.544,1,1178827,1000,181790,-1
35736.686,2,1169861,100,181200,1
35737.087,2,1178806,348,181400,1
35737.106,1,1179791,1000,181010,1
35737.153,1,1179817,500,181000,1
35737.561,2,1178827,1000,181790,-1
35738.07,1,1180349,1000,181300,1
35742.783,2,1178184,900,181800,-1
35742.793,1,1183049,500,181890,-1
35744.577,5,1180237,100,181430,1
35744.811,1,1184506,500,181300,1
35745.201,2,29515,500,196000,-1
35745.339,2,1184506,500,181300,1
35745.629,1,1185268,500,183000,-1
35747.351,1,1186400,400,181600,-1
35748.086,2,1180349,1000,181300,1
35748.148,2,1179817,500,181000,1
35748.157,1,1186888,500,181300,1
35748.266,2,849478,500,180000,1
35749.43,2,1186888,500,181300,1
35753.548,1,1190543,10,181500,1
35756.608,1,1192640,3000,181000,1
35761.983,5,1193946,49,181590,-1
35761.983,4,1186400,151,181600,-1
35763.653,4,1186400,200,181600,-1
35763.715,2,1176920,1200,180900,1
35763.718,1,1197870,1200,181200,1
35764.234,2,1192640,3000,181000,1
35764.266,1,1198326,3000,181200,1
35765.211,4,1186400,49,181600,-1
35767.935,1,1200944,6,181600,1
35768.92,2,1140019,100,181000,1
35769.353,2,1147604,100,181900,-1
35771.002,2,1197870,1200,181200,1
35774.56,4,1200944,6,181600,1
35774.64,1,1206228,500,181900,-1
35776.02,4,1190543,10,181500,1
35776.042,2,1179791,1000,181010,1
35776.058,1,1207143,1000,181210,1
35776.274,1,1207350,352,181590,-1
35777.824,2,1183049,500,181890,-1
35777.974,2,1206228,500,181900,-1
35778.466,2,1198326,3000,181200,1
35779.326,2,1207350,352,181590,-1
35779.339,1,1209536,1000,182600,-1
35779.579,1,1209660,3000,182600,-1
35781.325,1,1210836,348,181600,1
35784.24,2,1210836,348,181600,1
35786.782,1,1214377,1,181700,1
35786.818,4,1214377,1,181700,1
35787.26,2,1207143,1000,181210,1
35787.276,1,1214685,1000,180510,1
35787.381,1,1214766,3000,180500,1
35787.388,1,1214773,500,180600,1
35787.401,2,1214685,1000,180510,1
35787.417,1,1214791,1000,180610,1
35787.488,2,1214766,3000,180500,1
35787.506,1,1214853,3000,180600,1
35790.389,1,1216644,10,181500,1
35794.22,1,1219061,352,181590,-1
35797.62,1,1221452,1000,181900,-1
35802.045,4,1219061,300,181590,-1
35803.366,2,1219061,52,181590,-1
35803.385,2,1209536,1000,182600,-1
35803.401,1,1224433,900,181890,-1
35803.823,2,1224433,900,181890,-1
35803.838,1,1224708,700,181890,-1
35804.174,2,102368,638,166500,1
35807.516,2,757895,2000,180500,1
35807.948,1,1227223,500,181900,-1
35808.72,1,1227619,2000,179000,1
35812.802,1,1230047,1,181600,1
35813.631,2,1216644,10,181500,1
35815.452,2,1221452,1000,181900,-1
35815.847,4,1230047,1,181600,1
35816.249,1,1232209,100,181530,1
35820.109,1,1234414,48,181540,1
35820.668,5,1234432,1000,181580,1
35820.681,5,1234432,1000,181580,1
35820.784,1,1234703,48,181600,1
35820.785,4,1234703,48,181600,1
35820.785,5,1234672,452,181580,1
35820.926,2,1227223,500,181900,-1
35821.176,1,1234917,400,181600,1
35821.407,4,1234917,100,181600,1
35821.419,4,1234917,300,181600,1
35821.905,4,1234414,48,181540,1
35822.065,5,1235439,500,181540,1
35822.065,4,1232209,52,181530,1
35823.132,2,1214773,500,180600,1
35839.133,1,1244953,1000,181500,1
35843.267,1,1247797,400,181600,1
35843.962,2,1224708,700,181890,-1
35843.98,1,1248177,1000,182590,-1
35846.254,2,1232209,48,181530,1
35846.549,2,1247797,400,181600,1
35846.746,1,1250141,10,181700,1
35848.555,4,1250141,10,181700,1
35851.04,2,1214791,1000,180610,1
35851.056,1,1253017,1000,181510,1
35851.186,1,1253107,500,182600,-1
35851.713,2,1253017,1000,181510,1
35851.807,1,1253523,1000,181510,1
35852.415,2,1209660,3000,182600,-1
35852.822,2,1253523,1000,181510,1
35852.979,1,1254174,1000,181510,1
35853.119,2,1254174,1000,181510,1
35853.79,1,1254741,1000,181510,1
35855.196,2,1254741,1000,181510,1
35856.228,1,1256072,1000,181510,1
35856.368,2,1256072,1000,181510,1
35859.124,1,1257858,48,181890,-1
35859.522,2,1064308,200,182900,-1
35859.54,2,1214853,3000,180600,1
35859.541,1,1258160,300,184000,-1
35859.555,1,1258176,3000,181500,1
35862.347,2,1244953,1000,181500,1
35862.946,1,1260489,1000,181510,1
35863.094,2,1258176,3000,181500,1
35863.855,2,1257858,48,181890,-1
35863.93,2,1260489,1000,181510,1
35863.947,1,1261013,1000,180800,1
35863.975,1,1261027,3000,180500,1
35863.982,1,1261029,500,180800,1
35864.083,2,1261027,3000,180500,1
35864.098,1,1261081,3000,180800,1
35868.041,1,1263289,48,181900,-1
35869.446,5,1264071,10,181880,-1
35870.548,5,1264610,400,181810,1
35874.181,1,1267010,3000,182600,-1
35874.761,1,1267383,100,181600,1
35876.977,2,1267010,3000,182600,-1
35877.778,2,1267383,100,181600,1
35878.991,2,1263289,48,181900,-1
35880.829,2,1253107,500,182600,-1
35885.106,1,1273684,10,181800,1
35888.029,1,1275568,3000,182600,-1
35890.634,5,1275316,10,181900,-1
35896.895,2,1273684,10,181800,1
35896.946,1,1280474,100,181200,1
35896.961,2,1261013,1000,180800,1
35896.977,1,1280488,1000,181210,1
35897.1,2,1261029,500,180800,1
35897.109,1,1280548,500,181200,1
35898.672,1,1281345,52,182000,-1
35903.737,2,1281345,52,182000,-1
35905.121,1,1284657,52,181900,-1
35911.044,1,1288235,500,182600,-1
35918.175,1,1291515,100,181840,1
35920.178,5,1290378,38,181880,-1
35920.178,4,1284657,52,181900,-1
35920.178,1,1292348,10,181900,1
35921.31,2,1292348,10,181900,1
35925.532,1,1294304,10,181900,1
35926.318,2,1275568,3000,182600,-1
35935.655,2,1258160,300,184000,-1
35935.659,1,1298707,200,183800,-1
35939.53,2,1280548,500,181200,1
35939.835,2,1280488,1000,181210,1
35940.266,4,1294304,10,181900,1
35940.266,5,1292366,190,181890,1
35940.29,5,1292366,385,181890,1
35947.123,2,1280474,100,181200,1
35948.178,2,1291515,100,181840,1
35948.195,1,1304454,1000,180900,1
35948.299,2,1261081,3000,180800,1
35948.363,1,1304533,3000,180900,1
35955.211,1,1307479,100,181900,1
35961.194,2,1307479,100,181900,1
35967.388,1,1313605,100,183200,-1
35969.105,1,1314686,500,181000,1
35969.135,2,1304454,1000,180900,1
35969.162,1,1314724,1000,181010,1
35969.284,2,1304533,3000,180900,1
35969.3,1,1314799,3000,181000,1
35978.312,1,1320249,7000,182000,1
35981.2,2,1298707,200,183800,-1
35981.202,2,1026032,300,180200,1
35989.013,5,1327269,100,182110,1
35993.513,1,1330356,400,182300,-1
35997.498,2,1330356,400,182300,-1
36003.008,2,1313605,100,183200,-1
36006.724,2,1248177,1000,182590,-1
36007.927,1,1342106,1000,182590,-1
36008.614,2,1342106,1000,182590,-1
36009.864,1,1343888,1000,182590,-1
36010.451,2,1227619,2000,179000,1
36010.63,2,1343888,1000,182590,-1
36010.666,1,1344604,100,183300,-1
36010.927,1,1344794,1000,182590,-1
36011.709,2,1344794,1000,182590,-1
36012.42,1,1345969,2000,181000,1
36012.428,2,1314724,1000,181010,1
36012.465,1,1346026,1000,182010,1
36014.589,1,1347650,600,182000,1
36016.299,5,1346425,318,182330,1
36016.299,5,1345554,182,182300,1
36016.692,2,1346026,1000,182010,1
36016.915,1,1349314,1000,182010,1
36017.382,2,1349314,1000,182010,1
36017.489,1,1349749,600,182010,1
36017.601,2,1349749,600,182010,1
36017.709,1,1349917,1000,182010,1
36018.052,2,1349917,1000,182010,1
36018.564,2,1288235,500,182600,-1
36018.575,2,1314686,500,181000,1
36018.583,1,1350613,1000,182790,-1
36018.727,1,1350733,1000,182010,1
36019.193,2,1350733,1000,182010,1
36019.391,5,1350225,400,182310,1
36019.676,5,1350207,500,182250,1
36019.676,5,1351177,942,182050,1
36019.676,5,1351169,400,182040,1
36019.676,4,1320249,2858,182000,1
36020.152,5,1351535,1000,182050,1
36020.152,4,1320249,1400,182000,1
36020.334,1,1351972,500,182480,-1
36021.142,2,1351972,500,182480,-1
36021.227,1,1352731,200,182470,-1
36021.286,1,1352777,300,182010,1
36024.782,1,1355656,100,182500,-1
36025.255,2,1352731,200,182470,-1
36028.473,2,1350613,1000,182790,-1
36028.727,5,1358062,7,182490,-1
36028.8,5,1358062,100,182490,-1
36028.846,5,1358062,100,182490,-1
36028.881,5,1358062,100,182490,-1
36028.951,5,1358062,100,182490,-1
36030.601,4,1355656,100,182500,-1
36030.631,1,1360781,1000,182790,-1
36030.9,2,1344604,100,183300,-1
36031.005,2,1360781,1000,182790,-1
36031.036,1,1361079,800,182790,-1
36035.189,2,1314799,3000,181000,1
36035.214,1,1364886,3000,182000,1
36037.178,1,1366577,100,182400,1
36039.144,2,1364886,3000,182000,1
36041.209,2,1361079,800,182790,-1
36042.045,2,971683,100,186600,-1
36048.96,2,1352777,300,182010,1
36053.582,5,1378326,250,182650,-1
36053.895,1,1378803,1000,182790,-1
36054.101,2,1378803,1000,182790,-1
36054.175,2,1366577,100,182400,1
36054.239,1,1379003,500,182100,1
36054.248,1,1379012,50,182500,1
36054.275,1,1379032,50,182500,1
36054.464,1,1379175,100,182500,1
36054.518,5,1379025,100,182560,1
36054.518,4,1379012,50,182500,1
36054.518,4,1379032,50,182500,1
36054.529,4,1379175,100,182500,1
36054.585,1,1379297,1000,182790,-1
36054.897,2,1379297,1000,182790,-1
36054.99,1,1379526,700,182110,1
36055.208,2,1379526,700,182110,1
36056.226,2,1379003,500,182100,1
36057.449,2,1320249,2742,182000,1
36058.726,1,1382249,1000,182010,1
36060.374,1,1383371,500,182800,-1
36060.381,1,1383376,1000,182790,-1
36064.496,5,1385078,300,182310,1
36064.693,1,1386150,200,182300,1
36064.756,2,1383376,1000,182790,-1
36064.788,1,1386207,800,182790,-1
36065.959,2,1386207,800,182790,-1
36065.991,1,1386885,400,182790,-1
36067.662,2,1382249,1000,182010,1
36069.012,2,1383371,500,182800,-1
36069.022,1,1389152,500,182800,-1
36069.125,4,1386150,200,182300,1
36069.92,1,1389738,1000,182400,-1
36070.427,1,1390098,600,182010,1
36070.615,2,1390098,600,182010,1
36071.222,1,1390628,100,182360,-1
36074.385,2,357481,100,182800,-1
36074.399,1,1392754,100,182500,-1
36076.228,2,1389738,1000,182400,-1
36076.478,2,1389152,500,182800,-1
36077.573,5,1394774,100,182050,1
36078.648,5,1395253,100,182290,-1
36084.526,2,115609,500,178800,1
36085.244,1,1400409,500,180000,1
36088.53,1,1402506,100,182300,1
36088.952,1,1402753,1000,182300,1
36091.167,2,1402753,1000,182300,1
36092.453,4,1390628,44,182360,-1
36092.589,4,1402506,100,182300,1
36094.14,1,1405917,100,182300,1
36095.724,2,1405917,100,182300,1
36099.172,1,1409615,100,182200,1
36100.143,4,1390628,56,182360,-1
36104.32,2,1409615,100,182200,1
36104.348,1,1413428,1000,182010,1
36108.036,2,1413428,1000,182010,1
36108.068,1,1416174,800,182010,1
36108.175,2,1416174,800,182010,1
36108.207,1,1416278,600,182010,1
36108.269,2,1416278,600,182010,1
36108.38,1,1416454,300,182010,1
36109.254,2,1416454,300,182010,1
36109.566,1,1417219,700,182010,1
36109.739,2,1417219,700,182010,1
36109.771,1,1417383,300,182010,1
36118.925,2,1417383,300,182010,1
36119.458,1,1423497,600,182010,1
36120.899,1,1424476,100,182490,-1
36121.86,2,1424476,100,182490,-1
36122.958,1,1425859,100,182390,-1
36124.474,2,1425859,100,182390,-1
36124.966,1,1427232,100,182300,1
36125.004,4,1427232,100,182300,1
36126.605,1,1428467,100,182300,1
36128.034,4,1428467,100,182300,1
36128.615,2,1423497,600,182010,1
36129.805,1,1431369,100,182200,-1
36129.914,4,1347650,76,182000,1
36130.322,4,1347650,100,182000,1
36130.536,4,1347650,424,182000,1
36130.552,1,1432257,1000,181010,1
36130.607,1,1432331,3000,181000,1
36131.231,5,1432247,575,182150,-1
36131.231,5,1432005,1000,182160,-1
36131.231,5,1432254,400,182160,-1
36131.231,4,1431369,100,182200,-1
36131.412,5,1433065,150,182050,1
36131.718,1,1433596,500,182200,-1
36131.726,5,1433056,100,182190,-1
36134.972,2,1386885,400,182790,-1
36135.003,1,1436592,1000,182190,-1
36136.067,1,1437553,500,181900,-1
36136.266,5,1436892,100,181800,-1
36136.266,5,1437593,300,181860,-1
36138.291,2,1433596,500,182200,-1
36138.318,2,1437553,500,181900,-1
36138.519,1,1439813,100,181700,-1
36139.182,4,1439813,100,181700,-1
36139.182,5,1440290,100,181790,-1
36139.432,2,1392754,100,182500,-1
36139.44,1,1440565,100,183000,-1
36140.629,2,1436592,1000,182190,-1
36140.66,1,1441580,1000,182800,-1
36140.715,1,1441620,3000,183000,-1
36141.677,2,1441580,1000,182800,-1
36141.707,1,1442330,800,182800,-1
36143.76,5,1440290,200,181790,-1
36145.017,1,1444561,100,181700,1
36145.989,1,1445314,200,181800,1
36146.083,1,1445365,100,181700,1
36146.198,2,1441620,3000,183000,-1
36146.816,1,1445918,500,182800,-1
36149.646,2,1442330,800,182800,-1
36149.675,1,1448015,500,182790,-1
36153.106,2,1444561,100,181700,1
36154.406,1,1451552,3000,182800,-1
36155.274,5,1445334,100,181850,1
36158.687,5,1445334,100,181850,1
36159.676,5,1445334,400,181850,1
36159.676,5,1445338,100,181840,1
36159.72,5,1445338,100,181840,1
36159.739,5,1445338,200,181840,1
36159.798,1,1456767,200,183800,-1
36159.8,1,1456770,300,181100,1
36160.82,4,1445314,200,181800,1
36161.055,1,1458050,200,181800,-1
36161.507,2,1432331,3000,181000,1
36161.629,2,1456770,300,181100,1
36161.639,2,1445365,100,181700,1
36161.651,1,1458767,300,180300,1
36164.524,1,1461744,1000,181700,-1
36164.831,2,1458050,200,181800,-1
36164.931,1,1462133,100,181800,-1
36166.853,1,1463963,1000,180000,1
36172.546,1,1469650,2500,181000,1
36174.725,2,1462133,100,181800,-1
36175.789,2,1461744,1000,181700,-1
36175.886,1,1472778,500,181100,1
36175.908,2,1432257,1000,181010,1
36175.924,1,1472809,1000,181110,1
36178.12,2,1469650,2500,181000,1
36182.593,2,1445918,500,182800,-1
36182.723,5,1476431,100,181790,-1
36183.137,1,1478719,500,181600,1
36184.996,2,1478719,500,181600,1
36185.697,2,1472778,500,181100,1
36188.513,1,1482649,2500,181100,1
36194.91,1,1488515,100,181700,1
36196.869,5,1489172,200,181950,-1
36197.639,5,1489172,400,181950,-1
36201.1,2,1451552,3000,182800,-1
36205.673,2,1472809,1000,181110,1
36205.704,1,1498200,1000,181710,1
36205.969,1,1498422,1000,181900,1
36206.956,2,1488515,100,181700,1
36207.331,2,1498200,1000,181710,1
36209.844,5,1500910,93,182450,-1
36211.781,1,1504215,100,182100,1
36212.46,2,1498422,1000,181900,1
36213.976,1,1506097,500,182800,-1
36214.059,1,1506157,1000,180000,1
36214.231,1,1506310,100,182500,-1
36214.959,2,1458767,300,180300,1
36214.974,1,1506982,300,181700,1
36215.0,2,1456767,200,183800,-1
36215.006,1,1507005,300,184900,-1
36216.429,4,1506310,38,182500,-1
36217.215,4,1506310,62,182500,-1
36218.253,1,1510102,100,182500,1
36218.389,2,1506097,500,182800,-1
36220.547,2,1448015,500,182790,-1
36220.562,1,1512107,1000,182990,-1
36220.75,2,1512107,1000,182990,-1
36220.766,1,1512323,700,182990,-1
36221.016,2,1504215,100,182100,1
36223.643,2,1512323,700,182990,-1
36223.673,1,1514830,600,182990,-1
36224.922,1,1515846,200,182500,1
36224.932,1,1515852,200,182400,1
36227.063,2,1514830,600,182990,-1
36227.095,1,1517512,500,182990,-1
36228.113,1,1518434,100,181600,1
36228.195,1,1518505,100,181600,1
36228.754,1,1519033,100,182700,1
36228.83,2,1517512,500,182990,-1
36229.627,2,1515846,200,182500,1
36229.636,2,1515852,200,182400,1
36231.01,1,1521236,100,182200,1
36231.16,2,1518505,100,181600,1
36231.327,2,1518434,100,181600,1
36231.403,4,1519033,100,182700,1
36233.404,5,1521576,307,182750,-1
36233.404,1,1523115,93,182800,1
36233.443,4,1523115,93,182800,1
36233.875,1,1523563,1000,182990,-1
36234.026,1,1523663,826,182780,-1
36235.861,2,1523563,1000,182990,-1
36238.85,1,1528157,100,182600,1
36239.324,1,1528640,100,182600,1
36239.713,2,1528640,100,182600,1
36239.999,1,1529456,400,183500,-1
36240.034,1,1529492,500,181300,1
36240.046,2,1523663,826,182780,-1
36240.064,1,1529522,600,182990,-1
36241.111,5,1529809,200,182710,1
36247.392,2,1529522,600,182990,-1
36247.423,1,1535977,900,182990,-1
36247.828,2,1535977,900,182990,-1
36248.955,1,1537623,100,182700,1
36249.123,2,1482649,2500,181100,1
36249.311,5,1537673,100,182890,-1
36250.109,2,1528157,100,182600,1
36251.049,5,1538609,500,182900,1
36251.632,2,1521236,100,182200,1
36252.195,4,434357,200,183000,-1
36252.195,4,1185268,500,183000,-1
36252.195,4,1440565,100,183000,-1
36252.235,1,1540470,1000,183490,-1
36252.655,2,1537623,100,182700,1
36252.672,1,1540851,1000,182510,1
36252.782,1,1540939,100,182800,1
36252.866,1,1541011,174,182900,1
36253.223,1,1541252,100,182960,1
36253.292,1,1541300,300,182900,1
36254.124,2,1540939,100,182800,1
36254.306,1,1542373,100,182900,1
36254.794,2,1529456,400,183500,-1
36254.797,1,1542789,400,183900,-1
36255.142,2,1541011,174,182900,1
36255.223,5,1542342,200,183000,1
36255.406,5,1542342,199,183000,1
36255.469,2,1540851,1000,182510,1
36256.013,4,1541252,100,182960,1
36257.09,1,1544717,500,183500,-1
36259.009,2,1507005,300,184900,-1
36259.027,1,1546175,200,184400,-1
36259.385,2,1542373,100,182900,1
36260.414,5,1545949,301,183000,-1
36260.414,1,1547541,699,183000,1
36260.503,2,1544717,500,183500,-1
36261.091,4,1547541,500,183000,1
36261.344,4,1547541,100,183000,1
36261.389,4,1547541,99,183000,1
36262.332,1,1549194,1000,183000,-1
36262.922,2,1549194,1000,183000,-1
36264.212,1,1550867,100,183000,-1
36264.546,4,1541300,100,182900,1
36264.558,4,1541300,1,182900,1
36266.978,4,1541300,199,182900,1
36266.978,1,1553169,301,182900,-1
36266.999,1,1553186,1000,182510,1
36269.892,2,1158840,240,183800,-1
36270.39,2,1553186,1000,182510,1
36270.406,1,1555846,700,182510,1
36270.437,2,1555846,700,182510,1
36271.607,2,1553169,301,182900,-1
36275.187,1,1559703,1000,182510,1
36281.031,1,1564066,200,182800,1
36281.651,2,1564066,200,182800,1
36281.815,1,1564753,200,182800,1
36283.092,4,1550867,100,183000,-1
36284.016,2,1540470,1000,183490,-1
36284.031,1,1566509,1000,183890,-1
36284.154,2,1564753,200,182800,1
36284.157,1,1566582,3000,183900,-1
36284.455,1,1566818,200,182800,1
36285.117,2,1566818,200,182800,1
36285.133,1,1567420,200,182900,1
36285.4,2,1567420,200,182900,1
36287.091,1,1568977,500,182600,1
36287.108,2,1559703,1000,182510,1
36287.124,1,1569002,1000,182610,1
36287.52,1,1569370,200,183000,1
36287.685,1,1569616,100,183300,-1
36287.969,1,1569933,401,183200,-1
36288.146,2,1569370,200,183000,1
36291.459,5,1572556,700,183160,-1
36291.691,2,1569933,401,183200,-1
36291.916,1,1573063,200,183000,1
36292.228,5,1573087,91,183280,-1
36292.245,2,1510102,100,182500,1
36292.651,2,1573063,200,183000,1
36292.854,5,1573741,100,183250,-1
36293.696,5,1573741,100,183250,-1
36294.26,1,1575031,200,183200,1
36294.782,2,1569002,1000,182610,1
36295.053,2,1569616,100,183300,-1
36295.084,2,1575031,200,183200,1
36295.108,1,1575614,1000,182610,1
36295.306,1,1575798,200,183200,1
36295.452,2,1575798,200,183200,1
36295.731,1,1576260,200,183200,1
36295.895,1,1576476,100,183300,1
36295.964,2,1576260,200,183200,1
36296.123,1,1576710,200,183200,1
36296.263,4,1576476,100,183300,1
36297.214,2,1576710,200,183200,1
36297.48,1,1577853,200,183300,1
36297.753,2,1577853,200,183300,1
36298.143,2,1566582,3000,183900,-1
36298.151,1,1578556,2500,182600,1
36299.79,1,1580043,401,183490,-1
36301.921,2,1463963,1000,180000,1
36303.285,2,1580043,401,183490,-1
36304.046,2,1575614,1000,182610,1
36304.061,1,1583988,900,182610,1
36304.187,1,1584087,401,183400,-1
36304.546,2,1583988,900,182610,1
36304.561,1,1584429,800,182610,1
36304.574,5,1584119,309,183350,-1
36304.574,5,1584129,91,183360,-1
36305.213,2,1568977,500,182600,1
36306.196,5,1584129,100,183360,-1
36308.957,2,1584087,401,183400,-1
36309.198,1,1588109,1000,183300,-1
36311.478,1,1589901,1000,183300,-1
36312.13,2,1588109,1000,183300,-1
36312.157,2,1589901,1000,183300,-1
36313.276,1,1591689,100,182600,1
36313.566,5,1591402,900,182950,1
36315.686,5,1592786,900,183150,-1
36315.686,5,1592908,900,183280,-1
36320.572,2,1542789,400,183900,-1
36320.576,1,1597456,400,184300,-1
36325.482,1,1601221,500,183900,-1
36326.212,1,1601676,100,183000,1
36326.233,2,1584429,800,182610,1
36326.78,2,1591689,100,182600,1
36327.916,1,1602881,1100,182900,1
36328.399,2,1602881,1100,182900,1
36328.732,1,1603326,1000,183010,1
36329.814,1,1604035,1100,182800,1
36330.389,2,1603326,1000,183010,1
36331.122,1,1604945,1000,183010,1
36333.258,2,1601221,500,183900,-1
36334.926,1,1607591,2000,183400,-1
36335.997,2,1604945,1000,183010,1
36336.845,2,1546175,200,184400,-1
36336.849,1,1608994,300,185100,-1
36337.829,2,1604035,1100,182800,1
36337.83,1,1609664,1000,183500,-1
36338.955,1,1610344,300,185200,-1
36339.344,2,1601676,100,183000,1
36339.363,1,1610545,1000,182610,1
36339.771,1,1610771,500,182700,1
36339.795,2,1610545,1000,182610,1
36339.825,1,1610807,1000,182710,1
36339.836,2,1610771,500,182700,1
36340.187,1,1611023,100,184200,-1
36340.511,2,1578556,2500,182600,1
36341.25,1,1611627,901,183190,-1
36342.245,1,1612234,700,181900,1
36342.595,2,1611627,901,183190,-1
36345.524,2,1608994,300,185100,-1
36345.539,1,1614439,200,184600,-1
36348.483,1,1616825,100,182800,1
36348.499,2,1610807,1000,182710,1
36348.513,1,1616854,1000,182810,1
36348.924,2,1616854,1000,182810,1
36349.291,1,1617517,2000,186500,-1
36350.106,1,1618140,1000,182810,1
36350.163,2,1612234,700,181900,1
36350.316,2,1566509,1000,183890,-1
36350.34,1,1618341,1000,183390,-1
36351.168,2,1618341,1000,183390,-1
36351.387,1,1619137,1000,183390,-1
36351.718,2,1619137,1000,183390,-1
36352.565,1,1620060,1000,182000,1
36353.662,1,1620943,10,183100,-1
36355.452,2,1616825,100,182800,1
36356.137,2,1618140,1000,182810,1
36356.154,1,1622907,1000,182300,1
36356.327,1,1623028,2500,182300,1
36357.078,2,1623028,2500,182300,1
36358.307,2,1611023,100,184200,-1
36359.311,1,1625048,650,181900,1
36359.343,1,1625069,50,181900,1
36362.717,1,1627932,500,183400,-1
36362.977,1,1628137,100,181700,1
36367.7,2,1625048,650,181900,1
36367.788,2,1625069,50,181900,1
36369.912,1,1633148,100,182700,1
36369.934,2,1622907,1000,182300,1
36369.95,1,1633171,1000,182710,1
36369.953,1,1633176,500,182400,1
36371.277,2,1633171,1000,182710,1
36371.299,1,1634261,500,182710,1
36374.797,2,1633176,500,182400,1
36374.805,1,1637365,500,182700,1
36376.212,1,1638619,100,183060,1
36376.282,4,1620943,10,183100,-1
36376.309,1,1638694,300,183390,-1
36376.887,2,1638694,300,183390,-1
36376.995,2,1633148,100,182700,1
36377.468,1,1639739,700,183390,-1
36377.715,2,1639739,700,183390,-1
36377.734,1,1639995,600,183390,-1
36377.841,2,1639995,600,183390,-1
36378.275,5,1638866,40,183360,-1
36380.426,2,1627932,500,183400,-1
36382.991,1,1644249,10,183100,1
36383.134,5,1640135,460,183150,1
36383.271,2,1607591,2000,183400,-1
36383.44,2,1644249,10,183100,1
36386.037,5,1644394,10,183340,-1
36386.09,2,1634261,500,182710,1
36387.043,1,1646924,1000,183490,-1
36387.114,2,1637365,500,182700,1
36387.277,2,1646924,1000,183490,-1
36387.654,1,1647296,901,183090,-1
36387.739,4,1638619,100,183060,1
36387.762,1,1647372,1000,182010,1
36387.853,1,1647416,2500,182000,1
36389.143,2,1647296,901,183090,-1
36390.839,1,1649122,901,183090,-1
36391.986,2,1649122,901,183090,-1
36392.027,1,1649806,1000,183490,-1
36395.55,1,1652040,1200,182400,1
36395.574,2,1647372,1000,182010,1
36395.589,1,1652057,1000,182410,1
36398.725,2,1652040,1200,182400,1
36398.865,2,1345969,2000,181000,1
36399.126,1,1654193,3000,183500,-1
36399.402,2,1649806,1000,183490,-1
36399.793,1,1654576,900,183490,-1
36399.933,2,1654576,900,183490,-1
36399.949,1,1654688,800,183490,-1
36400.809,2,1654688,800,183490,-1
36400.85,1,1655266,2000,182000,1
36401.043,1,1655379,900,183490,-1
36410.392,1,1661287,500,183500,-1
36413.922,5,1663214,57,182800,-1
36415.022,2,1628137,100,181700,1
36415.064,1,1664233,100,182400,1
36415.328,1,1664364,501,182790,-1
36415.485,1,1664442,100,182700,1
36417.107,2,1664364,501,182790,-1
36417.117,5,1664384,600,182750,-1
36417.428,2,1647416,2500,182000,1
36420.042,5,1665344,191,182740,1
36420.042,4,1664442,100,182700,1
36420.164,2,1597456,400,184300,-1
36420.181,1,1667469,200,183700,-1
36422.435,2,1609664,1000,183500,-1
36422.449,1,1669019,1000,183100,-1
36422.464,2,1655379,900,183490,-1
36422.48,1,1669049,1000,183090,-1
36422.567,2,1661287,500,183500,-1
36422.576,1,1669126,500,183100,-1
36424.026,2,1669049,1000,183090,-1
36424.233,2,1669126,500,183100,-1
36424.839,1,1670727,1000,183090,-1
36425.576,1,1671256,501,182600,-1
36427.515,5,1671991,500,182560,-1
36427.814,4,1671256,501,182600,-1
36427.87,2,1670727,1000,183090,-1
36428.957,2,1664233,100,182400,1
36428.98,1,1673581,100,182100,1
36430.073,1,1674231,1000,183090,-1
36430.151,2,1652057,1000,182410,1
36430.167,1,1674275,1000,182110,1
36430.259,1,1674326,500,182200,1
36430.277,2,1674275,1000,182110,1
36430.304,1,1674352,1000,182210,1
36430.731,1,1674626,1200,182100,1
36431.138,5,1674849,500,182510,1
36432.214,1,1675491,638,166500,1
36432.274,2,1674626,1200,182100,1
36434.045,2,1654193,3000,183500,-1
36434.085,1,1676843,3000,183100,-1
36437.308,1,1679164,100,182800,-1
36439.082,1,1680100,2000,186900,-1
36439.563,2,1679164,100,182800,-1
36441.417,2,1674231,1000,183090,-1
36441.432,1,1681560,700,183090,-1
36442.402,2,1681560,700,183090,-1
36442.419,1,1682190,300,183090,-1
36445.761,2,1667469,200,183700,-1
36445.778,1,1684725,400,183800,-1
36446.402,2,1682190,300,183090,-1
36446.499,2,1676843,3000,183100,-1
36447.109,2,1669019,1000,183100,-1
36447.12,1,1685968,1200,182300,1
36447.135,2,1674352,1000,182210,1
36447.138,1,1685985,1000,183790,-1
36447.151,1,1685996,1000,182310,1
36447.269,2,1674326,500,182200,1
36447.278,1,1686140,3000,183800,-1
36447.285,1,1686155,500,182300,1
36448.266,1,1686941,1200,183300,-1
36448.294,2,1685985,1000,183790,-1
36448.324,1,1686976,1000,183290,-1
36448.431,2,1686140,3000,183800,-1
36448.453,1,1687089,3000,183300,-1
36451.08,2,1687089,3000,183300,-1
36452.696,2,1686941,1200,183300,-1
36457.319,1,1694380,500,183300,-1
36457.571,1,1694568,700,182900,-1
36459.911,2,1694568,700,182900,-1
36460.668,1,1697212,100,183800,-1
36462.235,1,1698381,3000,183300,-1
36464.634,2,1698381,3000,183300,-1
36468.043,2,1686976,1000,183290,-1
36469.369,1,1703799,1000,183290,-1
36469.999,2,1694380,500,183300,-1
36470.025,2,1703799,1000,183290,-1
36470.057,1,1704330,1000,183790,-1
36470.166,1,1704444,3000,183800,-1
36472.063,1,1705773,700,182900,1
36472.758,2,1684725,400,183800,-1
36472.762,1,1706352,400,184400,-1
36473.928,1,1707079,500,182990,-1
36474.06,4,1707079,500,182990,-1
36478.645,1,1711065,1200,183300,-1
36478.665,2,1704330,1000,183790,-1
36478.681,1,1711086,1000,183290,-1
36479.28,2,1704444,3000,183800,-1
36481.914,2,1711065,1200,183300,-1
36487.635,2,1711086,1000,183290,-1
36487.666,1,1718876,1000,183790,-1
36488.139,1,1719284,1200,183300,-1
36488.681,2,1718876,1000,183790,-1
36488.697,1,1719784,1000,183290,-1
36492.016,4,1705773,500,182900,1
36492.974,4,1705773,200,182900,1
36493.06,1,1723361,2500,182300,1
36495.239,2,1686155,500,182300,1
36495.256,1,1725012,500,182400,1
36495.275,2,1685996,1000,182310,1
36495.306,1,1725062,1000,182410,1
36495.993,2,1719784,1000,183290,-1
36496.01,2,1725062,1000,182410,1
36496.025,1,1725623,1000,183290,-1
36496.04,1,1725644,400,182410,1
36496.433,2,1723361,2500,182300,1
36496.651,1,1726133,10,182900,-1
36496.682,2,1725623,1000,183290,-1
36499.851,5,1727941,10,182820,1
36500.007,2,1726133,10,182900,-1
36500.027,1,1728458,300,183290,-1
36500.158,1,1728556,500,183300,-1
36500.238,2,1719284,1200,183300,-1
36500.355,1,1728754,300,182900,1
36501.718,2,1728556,500,183300,-1
36505.109,2,1685968,1200,182300,1
36505.114,1,1732610,1100,182600,1
36506.056,2,1728458,300,183290,-1
36506.088,1,1733312,1000,183790,-1
36506.267,1,1733467,3000,183800,-1
36510.336,2,1733467,3000,183800,-1
36512.05,1,1737979,1000,183500,-1
36512.071,2,1733312,1000,183790,-1
36512.556,1,1738322,1000,183490,-1
36512.618,2,1738322,1000,183490,-1
36512.649,1,1738394,800,183490,-1
36514.623,1,1739627,300,183300,-1
36514.649,2,1738394,800,183490,-1
36514.682,1,1739673,1000,183290,-1
36514.914,2,1739673,1000,183290,-1
36517.085,2,1739627,300,183300,-1
36517.104,1,1741317,1000,183490,-1
36517.213,1,1741444,500,183000,-1
36519.785,2,1741444,500,183000,-1
36522.758,1,1745670,500,183100,-1
36523.555,2,1741317,1000,183490,-1
36523.818,2,1745670,500,183100,-1
36523.837,1,1746573,500,183490,-1
36524.04,2,1746573,500,183490,-1
36524.353,2,1737979,1000,183500,-1
36524.387,1,1747014,1000,183790,-1
36524.421,1,1747068,3000,183800,-1
36524.799,2,1697212,100,183800,-1
36524.942,2,1747068,3000,183800,-1
36525.499,5,1747217,100,183100,1
36525.499,1,1747792,400,183090,-1
36525.605,4,1747792,400,183090,-1
36527.141,1,1748997,400,183700,-1
36527.164,2,1747014,1000,183790,-1
36527.196,1,1749048,1000,183690,-1
36528.818,2,1725012,500,182400,1
36528.839,1,1750343,500,182900,1
36529.743,1,1751147,700,183900,-1
36529.871,2,1748997,400,183700,-1
36530.884,2,1725644,400,182410,1
36530.915,1,1752100,1000,182910,1
36531.803,2,1706352,400,184400,-1
36531.824,1,1753093,200,183900,-1
36531.954,1,1753267,500,183700,-1
36531.981,1,1753298,100,183900,-1
36532.345,1,1753621,400,183600,-1
36532.473,2,1753267,500,183700,-1
36532.481,1,1753762,500,183600,-1
36533.167,2,1753621,400,183600,-1
36534.024,2,1749048,1000,183690,-1
36534.055,1,1755196,1000,183590,-1
36534.294,1,1755398,1200,183700,-1
36536.04,2,1752100,1000,182910,1
36536.678,2,1750343,500,182900,1
36540.264,2,1753093,200,183900,-1
36540.289,1,1759732,400,184100,-1
36540.721,2,1753298,100,183900,-1
36542.461,2,1753762,500,183600,-1
36546.124,1,1763725,100,183200,-1
36552.596,2,1763725,100,183200,-1
36556.971,2,1506157,1000,180000,1
36558.95,1,1772591,100,182500,1
36572.062,1,1781218,500,183600,-1
36575.053,4,1728754,300,182900,1
36575.085,1,1783377,1000,182610,1
36575.297,1,1783511,2500,182600,1
36575.305,2,1783511,2500,182600,1
36575.383,2,1759732,400,184100,-1
36575.398,1,1783580,200,183800,-1
36576.118,2,1783377,1000,182610,1
36582.86,2,1732610,1100,182600,1
36582.885,1,1788302,1000,182510,1
36582.943,1,1788355,2500,182500,1
36583.921,2,1788355,2500,182500,1
36588.075,1,1791540,1200,182400,1
36589.515,1,1792519,2500,182500,1
36593.507,2,1772591,100,182500,1
36596.435,2,1783580,200,183800,-1
36596.452,1,1797313,400,184000,-1
36596.713,2,1792519,2500,182500,1
36596.72,1,1797494,3000,183600,-1
36603.115,1,1802018,10,182900,1
36603.148,4,1802018,10,182900,1
36609.93,1,1806908,100,183100,-1
36610.08,2,1781218,500,183600,-1
36610.088,1,1807016,500,183100,-1
36615.931,2,1797313,400,184000,-1
36615.946,1,1811479,200,183700,-1
36617.487,2,1791540,1200,182400,1
36617.944,1,1812983,100,182100,1
36624.315,1,1817630,1000,193000,-1
36628.211,1,1820417,1000,182500,1
36634.491,2,1788302,1000,182510,1
36634.523,1,1824989,900,182510,1
36634.935,2,1824989,900,182510,1
36634.961,1,1825252,800,182510,1
36640.069,2,1825252,800,182510,1
36640.101,1,1828517,400,182510,1
36642.437,1,1830312,1100,183200,-1
36642.44,2,1820417,1000,182500,1
36642.442,2,1755398,1200,183700,-1
36645.66,1,1832268,100,182800,-1
36646.88,1,1832990,371,182850,-1
36651.928,2,1828517,400,182510,1
36651.944,1,1835547,1000,182110,1
36652.025,1,1835581,2500,182100,1
36652.251,1,1835685,400,182300,1
36652.272,2,1835547,1000,182110,1
36652.288,1,1835702,1000,182310,1
36652.741,2,1835685,400,182300,1
36652.805,5,1832275,500,182560,1
36653.169,5,1832275,50,182560,1
36653.169,5,1835664,50,182520,1
36653.429,2,1835702,1000,182310,1
36653.459,1,1836353,1000,182110,1
36653.732,1,1836534,1200,182100,1
36654.913,1,1837199,500,182200,1
36654.951,2,1836353,1000,182110,1
36654.974,1,1837235,1000,182210,1
36655.14,2,1835581,2500,182100,1
36661.888,2,1832990,371,182850,-1
36662.172,2,1832268,100,182800,-1
36662.196,2,1755196,1000,183590,-1
36662.224,1,1841499,1000,183090,-1
36663.086,2,1797494,3000,183600,-1
36663.722,5,1836486,500,182680,-1
36669.836,1,1847033,5000,182600,-1
36669.892,2,1837199,500,182200,1
36670.453,2,1847033,5000,182600,-1
36670.458,1,1847446,5000,182500,-1
36671.31,2,1836534,1200,182100,1
36671.664,2,1830312,1100,183200,-1
36671.72,1,1848726,800,182800,-1
36680.007,1,1854054,100,182400,1
36680.037,2,1837235,1000,182210,1
36680.916,5,1847565,800,182460,-1
36680.929,5,1847565,210,182460,-1
36680.929,5,1853104,500,182480,-1
36680.929,5,1854058,140,182480,-1
36680.945,5,1854058,50,182480,-1
36681.941,1,1855374,100,181400,1
36682.234,2,1655266,2000,182000,1
36683.112,2,1673581,100,182100,1
36684.102,1,1856717,2000,181000,1
36688.784,1,1860484,1100,182400,1
36688.794,1,1860489,1200,182300,1
36689.145,4,1854054,100,182400,1
36689.145,4,1860484,88,182400,1
36689.37,1,1860840,600,182100,1
36691.778,1,1862558,700,184000,-1
36691.989,1,1862735,700,184000,-1
36694.463,1,1864614,500,182100,1
36703.135,1,1870552,5000,182500,-1
36703.589,4,1860484,200,182400,1
36703.755,2,1860489,1200,182300,1
36704.351,4,1860484,812,182400,1
36704.974,1,1871961,600,182110,1
36706.307,2,1871961,600,182110,1
36706.635,2,1870552,5000,182500,-1
36706.641,1,1873274,5000,182400,-1
36709.768,1,1875420,2000,182400,-1
36712.897,2,1864614,500,182100,1
36715.365,2,1860840,600,182100,1
36718.569,1,1880883,1200,182000,1
36719.75,2,1812983,100,182100,1
36719.788,1,1881840,1000,182010,1
36723.977,2,1875420,2000,182400,-1
36724.201,1,1884539,100,182100,1
36735.474,4,1873274,100,182400,-1
36735.673,4,1873274,300,182400,-1
36735.803,4,1873274,3400,182400,-1
36736.343,4,1873274,500,182400,-1
36736.483,4,1873274,500,182400,-1
36736.583,2,1884539,100,182100,1
36737.629,4,1873274,200,182400,-1
36737.713,2,1807016,500,183100,-1
36738.292,5,1893949,496,182490,-1
36738.292,4,1847446,4,182500,-1
36738.565,2,647388,4876,179500,1
36739.185,5,1894477,500,182450,-1
36739.185,5,1894292,4,182490,-1
36739.185,4,1847446,4492,182500,-1
36739.201,1,1894828,200,182380,1
36739.323,2,1855374,100,181400,1
36739.405,1,1894970,7376,179500,1
36741.145,2,1881840,1000,182010,1
36750.422,5,1894847,190,182400,1
36756.311,4,1847446,190,182500,-1
36757.491,2,1848726,800,182800,-1
36758.871,1,1906080,100,183100,-1
36769.203,2,1894828,200,182380,1
36769.224,1,1912219,1000,182010,1
36775.874,4,1847446,75,182500,-1
36781.98,1,1919916,100,182100,1
36782.003,2,1912219,1000,182010,1
36782.018,1,1919950,1000,182110,1
36786.137,4,1847446,239,182500,-1
36786.306,1,1922328,500,183100,-1
36786.317,1,1922342,3000,183100,-1
36786.396,2,1922342,3000,183100,-1
36792.014,2,1919916,100,182100,1
36797.166,1,1928737,3000,183100,-1
36800.337,2,1906080,100,183100,-1
36800.545,5,1930041,35,182400,-1
36800.545,5,1926438,465,182470,-1
36802.804,1,1931590,100,182500,-1
36803.054,2,1931590,100,182500,-1
36810.08,2,1919950,1000,182110,1
36810.096,1,1934549,1000,182010,1
36810.202,5,1933567,500,182490,-1
36810.583,2,1922328,500,183100,-1
36810.689,1,1934831,500,183100,-1
36810.822,2,1934831,500,183100,-1
36811.735,1,1935315,500,182100,1
36811.752,2,1934549,1000,182010,1
36811.768,1,1935328,1000,182110,1
36812.071,1,1935492,300,183100,-1
36813.5,2,1928737,3000,183100,-1
36813.882,2,1935492,300,183100,-1
36814.974,2,1880883,1200,182000,1
36814.976,1,1937596,700,182300,1
36814.986,2,1935328,1000,182110,1
36815.001,1,1937622,1000,182310,1
36815.061,2,1935315,500,182100,1
36815.068,1,1937678,500,182300,1
36815.463,2,1937622,1000,182310,1
36815.674,2,1841499,1000,183090,-1
36815.783,1,1938273,1000,182310,1
36815.915,1,1938359,500,182500,1
36816.973,1,1938979,100,182500,1
36817.325,2,1937678,500,182300,1
36817.334,1,1939174,500,182500,1
36817.483,2,1806908,100,183100,-1
36817.517,1,1939285,1000,183690,-1
36817.543,1,1939296,3000,183700,-1
36819.002,2,1938273,1000,182310,1
36819.016,1,1940023,1000,182510,1
36819.261,5,1939040,100,182800,-1
36819.751,2,1940023,1000,182510,1
36819.793,1,1940385,1000,182510,1
36820.039,1,1940502,100,183200,-1
36820.049,2,1939285,1000,183690,-1
36820.064,1,1940515,1000,183190,-1
36820.068,1,1940520,200,182890,-1
36820.485,2,1940385,1000,182510,1
36822.347,2,1939174,500,182500,1
36823.676,2,1940520,200,182890,-1
36827.875,1,1944072,1000,182510,1
36830.751,2,1940515,1000,183190,-1
36833.907,2,1944072,1000,182510,1
36833.999,2,1751147,700,183900,-1
36834.006,1,1947569,700,183090,-1
36836.854,2,1938359,500,182500,1
36840.507,2,1938979,100,182500,1
36840.531,1,1950857,1000,182310,1
36840.81,1,1951033,500,183100,-1
36845.095,2,1951033,500,183100,-1
36845.472,1,1952971,100,182800,-1
36846.576,4,1952971,100,182800,-1
36848.158,1,1954395,100,182400,1
36848.172,2,1950857,1000,182310,1
36848.189,1,1954407,1000,182410,1
36850.538,1,1955877,500,182790,-1
36850.809,2,1954395,100,182400,1
36851.841,2,1955877,500,182790,-1
36852.107,1,1957047,100,182400,1
36852.719,2,1856717,2000,181000,1
36853.048,1,1957869,1200,183100,-1
36853.266,2,1954407,1000,182410,1
36853.578,1,1958270,1000,183080,-1
36853.936,1,1958504,2000,182000,1
36854.119,2,1937596,700,182300,1
36855.294,2,1939296,3000,183700,-1
36855.316,1,1959471,3000,183100,-1
36856.715,1,1960294,100,182500,1
36856.734,2,1957047,100,182400,1
36857.6,2,1811479,200,183700,-1
36857.617,1,1960783,200,183000,-1
36857.641,2,1958270,1000,183080,-1
36857.656,1,1960821,1000,182990,-1
36867.233,4,1960294,100,182500,1
36867.25,1,1965542,1000,182010,1
36870.734,2,1960821,1000,182990,-1
36870.75,1,1967241,800,182990,-1
36870.929,2,105812,400,200200,-1
36871.468,2,1967241,800,182990,-1
36871.485,1,1967540,700,182990,-1
36871.672,2,1967540,700,182990,-1
36871.703,1,1967650,600,182990,-1
36872.203,2,1967650,600,182990,-1
36872.209,1,1967860,100,182400,1
36874.421,1,1969120,800,182990,-1
36875.629,1,1970093,500,183000,-1
36875.952,2,1969120,800,182990,-1
36876.266,1,1970573,1000,182990,-1
36877.291,1,1971169,900,182100,1
36880.864,2,1967860,100,182400,1
36880.891,2,1965542,1000,182010,1
36880.906,1,1973438,1000,182110,1
36883.796,1,1975330,500,182500,-1
36884.635,2,1975330,500,182500,-1
36886.061,1,1976895,100,183000,-1
36888.624,2,1970573,1000,182990,-1
36889.422,1,1979058,1000,182990,-1
36889.703,2,1979058,1000,182990,-1
36889.773,1,1979246,500,182200,1
36889.796,2,1973438,1000,182110,1
36889.827,1,1979276,1000,182210,1
36890.133,2,1959471,3000,183100,-1
36890.719,2,1957869,1200,183100,-1
36890.921,2,1970093,500,183000,-1
36890.931,2,1979246,500,182200,1
36893.211,2,1976895,100,183000,-1
36893.329,2,1979276,1000,182210,1
36893.343,1,1980999,1000,182110,1
36894.594,2,1971169,900,182100,1
36894.595,1,1981786,700,182500,1
36894.608,2,1980999,1000,182110,1
36894.663,1,1981856,100,182600,1
36898.109,1,1983824,1000,182610,1
36898.218,2,1983824,1000,182610,1
36898.25,5,1983274,120,182800,1
36898.618,2,1940502,100,183200,-1
36898.952,1,1984268,1000,182610,1
36899.624,2,1984268,1000,182610,1
36899.814,1,1984750,100,183200,-1
36900.839,2,1960783,200,183000,-1
36900.842,1,1985281,200,183100,-1
36900.923,1,1985338,100,183200,-1
36906.241,2,1985281,200,183100,-1
36906.261,1,1988346,200,183300,-1
36915.746,2,1988346,200,183300,-1
36915.758,1,1995529,200,183600,-1
36915.796,1,1995568,1000,182610,1
36915.994,1,1995722,10000,183000,1
36916.499,2,1995568,1000,182610,1
36917.329,4,1947569,100,183090,-1
36917.412,4,1947569,200,183090,-1
36917.464,4,1947569,400,183090,-1
36918.0,2,1985338,100,183200,-1
36918.043,1,1997512,100,183400,-1
36918.55,4,1984750,100,183200,-1
36919.217,2,1995529,200,183600,-1
36919.231,1,1998528,400,183800,-1
36920.53,2,1997512,100,183400,-1
36920.546,1,1999504,1000,183790,-1
36920.6,1,1999562,100,183600,-1
36920.624,2,1999504,1000,183790,-1
36920.627,1,1999596,3000,183800,-1
36920.639,1,1999610,1000,183590,-1
36920.713,1,1999677,500,183600,-1
36924.421,2,1999610,1000,183590,-1
36925.347,2,1995722,10000,183000,1
36925.374,1,2003254,1000,182610,1
36925.445,1,2003309,500,182600,1
36927.222,2,1999677,500,183600,-1
36927.48,2,1981786,700,182500,1
36927.482,1,2004727,1100,182800,1
36927.498,2,2003254,1000,182610,1
36927.53,1,2004762,1000,182810,1
36927.624,2,2003309,500,182600,1
36927.632,1,2004863,500,182800,1
36929.087,2,1999596,3000,183800,-1
36929.137,2,1999562,100,183600,-1
36929.155,1,2005988,1000,183790,-1
36929.652,1,2006367,3000,175000,1
36930.404,2,2004762,1000,182810,1
36930.422,1,2006848,700,182810,1
36939.017,1,2012752,2500,182800,1
36939.045,2,2006848,700,182810,1
36939.061,1,2012793,600,182810,1
36939.775,2,2004863,500,182800,1
36942.233,2,2012752,2500,182800,1
36945.998,1,2017261,2500,182800,1
36946.998,1,2018012,10000,183600,1
36948.608,2,2012793,600,182810,1
36948.623,2,2005988,1000,183790,-1
36948.804,2,1998528,400,183800,-1
36948.813,1,2019367,400,184100,-1
36951.353,1,2021019,800,183300,1
36951.397,2,2004727,1100,182800,1
36956.452,5,2018737,100,183640,1
36956.586,2,2019367,400,184100,-1
36956.605,1,2025145,400,184500,-1
36958.442,1,2026466,100,183500,1
36959.846,2,2026466,100,183500,1
36959.931,1,2027554,100,183600,1
36960.878,2,2025145,400,184500,-1
36960.889,1,2028253,200,184100,-1
36961.017,2,2027554,100,183600,1
36961.127,1,2028481,100,183700,1
36963.44,2,2028481,100,183700,1
36964.158,1,2030696,1000,184200,-1
36964.236,1,2030770,100,183700,1
36965.026,1,2031413,100,184100,-1
36965.32,2,2030770,100,183700,1
36966.623,1,2032609,100,183700,1
36966.823,2,2032609,100,183700,1
36969.496,2,2031413,100,184100,-1
36970.27,1,2035273,100,183700,1
36975.238,1,2038924,100,183740,-1
36975.265,4,2038924,69,183740,-1
36975.435,2,2035273,100,183700,1
36975.972,2,2028253,200,184100,-1
36975.981,1,2039490,200,183900,-1
36976.895,2,2038924,31,183740,-1
36979.097,2,2039490,200,183900,-1
36979.101,1,2041902,200,183800,-1
36979.925,2,2021019,800,183300,1
36980.198,4,2018012,800,183600,1
36980.421,4,2018012,2500,183600,1
36980.481,4,2018012,2500,183600,1
36980.724,4,2018012,2500,183600,1
36980.839,4,2018012,400,183600,1
36980.852,4,2018012,1300,183600,1
36980.934,1,2043075,500,182900,1
36981.094,5,2042999,1100,183600,-1
36981.106,2,2017261,2500,182800,1
36981.239,1,2043287,2500,182900,1
36981.504,1,2043496,1000,183600,-1
36982.598,2,2043496,1000,183600,-1
36982.96,2,2041902,200,183800,-1
36982.979,1,2044647,200,183700,-1
36983.043,1,2044699,500,184000,-1
36983.643,2,2030696,1000,184200,-1
36983.646,1,2045197,1000,183900,-1
36984.435,2,2043287,2500,182900,1
36985.792,1,2046949,100,183000,1
36985.93,2,2043075,500,182900,1
36985.939,1,2047126,500,183000,1
36985.994,2,2047126,500,183000,1
36986.01,2,2044647,200,183700,-1
36986.051,1,2047254,200,183600,-1
36988.678,2,2047254,200,183600,-1
36988.683,1,2049297,200,183500,-1
36989.138,1,2049686,1200,182900,1
36989.203,2,2045197,1000,183900,-1
36990.13,2,1614439,200,184600,-1
36990.148,1,2050610,200,183800,-1
36990.171,1,2050628,400,183800,-1
36992.524,1,2052716,200,183200,1
36993.253,2,2052716,200,183200,1
36994.506,1,2054159,200,183200,1
36995.418,2,2050628,400,183800,-1
36996.37,2,2049686,1200,182900,1
36998.089,5,2054138,200,183210,1
36999.752,2,2044699,500,184000,-1
36999.767,1,2058005,500,183500,-1
37000.0,2,2054159,200,183200,1
37000.653,1,2058744,2023,184000,-1
37000.683,1,2058781,200,183200,1
37000.87,2,2058781,200,183200,1
37001.714,1,2059587,200,183200,1
37001.777,2,1072030,120,171000,1
37002.5,1,2060168,240,171000,1
37002.507,1,2060171,100,183600,-1
37003.201,2,2059587,200,183200,1
37003.213,1,2060587,100,183100,1
37004.454,1,2061349,200,183200,1
37005.942,2,7373,1800,185000,-1
37008.25,2,2061349,200,183200,1
37008.369,1,2064063,200,183200,1
37009.386,2,2064063,200,183200,1
37010.279,1,2065339,200,183200,1
37010.549,5,2065338,200,183210,1
37010.606,5,2065338,200,183210,1
37010.656,4,2065339,200,183200,1
37016.546,1,2069307,1000,182800,1
37017.366,2,2060587,100,183100,1
37018.566,2,1620060,1000,182000,1
37018.984,1,2071243,1000,182300,1
37020.876,5,2054174,500,183450,-1
37020.876,5,2069984,600,183450,-1
37020.876,5,2069989,400,183460,-1
37020.876,5,2053181,200,183490,-1
37020.876,4,2049297,100,183500,-1
37020.879,1,2072748,1100,183800,-1
37020.903,1,2072766,100,183100,1
37020.932,2,2049297,100,183500,-1
37020.939,1,2072792,300,184400,-1
37021.481,4,2058005,100,183500,-1
37021.529,2,2058005,400,183500,-1
37021.759,2,2072748,1100,183800,-1
37022.785,2,2060171,100,183600,-1
37022.94,1,2074438,3000,183800,-1
37023.281,2,2050610,200,183800,-1
37023.283,1,2074625,200,184000,-1
37023.315,1,2074642,500,183100,1
37023.525,1,2074809,1000,183200,1
37023.588,1,2074857,1200,184000,-1
37023.681,2,2074642,500,183100,1
37023.689,1,2074926,500,183200,1
37023.91,1,2075060,100,183500,1
37023.973,2,2069307,1000,182800,1
37023.974,1,2075119,1100,183100,1
37024.088,2,2072766,100,183100,1
37024.776,5,2075141,500,183780,-1
37024.776,4,2074438,1500,183800,-1
37024.78,4,2074438,200,183800,-1
37024.929,2,2074625,200,184000,-1
37024.933,1,2075841,300,185500,-1
37025.306,2,2074438,1300,183800,-1
37025.364,2,2072792,300,184400,-1
37025.368,1,2076070,400,185000,-1
37025.446,1,2076122,1300,184000,-1
37025.784,2,2074857,1200,184000,-1
37025.983,2,2076122,1300,184000,-1
37028.076,2,2046949,100,183000,1
37028.147,1,2077888,300,186800,-1
37028.631,2,2074809,1000,183200,1
37030.552,2,2074926,500,183200,1
37030.568,1,2079573,500,183500,1
37031.367,5,2079375,251,183960,-1
37031.367,4,128816,20,184000,-1
37031.367,4,1862558,700,184000,-1
37031.367,4,1862735,529,184000,-1
37031.373,4,1862735,171,184000,-1
37031.373,4,2058744,329,184000,-1
37031.883,1,2080539,1200,184300,-1
37032.681,4,2058744,100,184000,-1
37033.728,4,2058744,1594,184000,-1
37034.248,5,2081641,100,183750,1
37034.642,2,2080539,1200,184300,-1
37034.745,1,2082425,1300,184700,-1
37035.868,1,2083039,1100,184200,-1
37036.418,2,2083039,1100,184200,-1
37038.529,1,2084880,1200,184300,-1
37038.656,2,2084880,1200,184300,-1
37041.536,1,2086746,100,183300,1
37044.578,1,2088247,100,183800,1
37047.07,2,2088247,100,183800,1
37048.693,1,2090506,100,183800,1
37048.702,5,2088296,500,183850,1
37048.702,5,2090503,300,183810,1
37048.702,4,2090506,100,183800,1
37049.958,1,2091320,1200,184300,-1
37054.45,2,2079573,500,183500,1
37056.141,5,2093975,500,183790,-1
37056.141,5,2092397,500,183800,-1
37056.469,2,2082425,1300,184700,-1
37056.485,1,2094252,1300,184300,-1
37062.079,2,2086746,100,183300,1
37062.208,1,2096777,100,184500,-1
37065.458,2,2096777,100,184500,-1
37066.351,1,2099157,105,183800,-1
37067.617,2,2075119,1100,183100,1
37067.618,2,2091320,1200,184300,-1
37067.66,1,2099808,1200,184000,-1
37072.601,1,2101933,100,183300,1
37073.795,4,2075060,100,183500,1
37076.206,1,2103428,100,183400,1
37077.727,2,1529492,500,181300,1
37077.734,1,2104078,500,182900,1
37085.562,2,2075841,300,185500,-1
37085.565,1,2107673,200,184600,-1
37086.842,4,2103428,100,183400,1
37089.396,2,2076070,400,185000,-1
37089.398,2,2104078,500,182900,1
37089.41,1,2110271,200,184000,-1
37089.413,1,2110274,500,182500,1
37089.964,2,2101933,100,183300,1
37090.088,1,2110792,500,182600,1
37090.097,1,2110798,2500,182600,1
37091.182,2,2094252,1300,184300,-1
37091.189,2,2110798,2500,182600,1
37091.199,1,2111532,1300,183800,-1
37092.587,2,2099808,1200,184000,-1
37092.59,1,2112691,1100,183700,-1
37093.334,2,2111532,1300,183800,-1
37093.352,1,2113493,1300,183700,-1
37101.479,2,2110792,500,182600,1
37102.82,1,2120917,100,182600,1
37103.519,2,2110274,500,182500,1
37103.529,1,2121416,500,182100,1
37103.934,1,2121767,500,183700,-1
37105.053,5,2122637,8,182990,-1
37106.012,1,2123474,100,182800,1
37106.403,5,2123481,600,182850,1
37106.403,5,2123484,400,182840,1
37106.52,5,2121764,900,182820,1
37106.52,4,2123474,100,182800,1
37106.774,5,2122637,300,182990,-1
37110.392,2,2112691,1100,183700,-1
37110.393,1,2126920,1200,183300,-1
37110.535,2,2121767,500,183700,-1
37110.543,2,2113493,1300,183700,-1
37110.569,1,2127013,500,183300,-1
37110.577,1,2127025,1300,183300,-1
37110.906,2,2126920,1200,183300,-1
37111.071,1,2127313,1200,182400,1
37115.131,5,2126965,399,182750,1
37116.184,1,2130843,100,182200,1
37116.236,2,1981856,100,182600,1
37116.336,2,2127313,1200,182400,1
37116.339,1,2130973,1200,183200,-1
37116.407,2,2127013,500,183300,-1
37116.414,1,2131042,500,183200,-1
37116.422,2,2127025,1300,183300,-1
37116.442,1,2131081,1300,183200,-1
37116.992,5,2131134,88,182650,1
37120.514,5,2131134,400,182650,1
37125.839,2,2110271,200,184000,-1
37125.855,1,2138260,400,183600,-1
37127.098,1,2139460,100,182600,1
37127.371,2,2139460,100,182600,1
37127.509,1,2139855,100,182600,1
37128.653,2,2139855,100,182600,1
37128.778,1,2140958,322,182700,-1
37131.007,4,2120917,100,182600,1
37132.987,2,2130843,100,182200,1
37133.102,5,2142743,13,182350,1
37133.102,5,2142809,7,182310,1
37133.192,1,2144369,800,182000,1
37133.474,5,2142809,993,182310,1
37133.474,4,2071243,689,182300,1
37133.552,1,2144619,500,182300,1
37134.661,2,2144619,500,182300,1
37134.787,2,2144369,800,182000,1
37134.789,2,2130973,1200,183200,-1
37134.793,1,2145563,1100,182800,-1
37134.795,1,2145565,100,182600,-1
37134.842,5,2145090,88,182360,1
37135.562,5,2144656,88,182310,1
37136.428,2,2138260,400,183600,-1
37136.439,1,2146850,200,183500,-1
37139.126,4,2071243,311,182300,1
37139.129,1,2148684,100,182400,-1
37140.02,2,2140958,322,182700,-1
37140.304,1,2149418,322,182390,-1
37140.401,2,2148684,100,182400,-1
37140.406,1,2149493,100,182300,-1
37141.451,2,2121416,500,182100,1
37141.46,1,2150158,500,181900,1
37147.744,2,1506982,300,181700,1
37147.747,1,2154652,300,181300,1
37148.51,2,2150158,500,181900,1
37148.524,1,2155129,500,181700,1
37149.454,2,2149418,322,182390,-1
