34201.547,1,150762,2000,234080,-1
34202.053,1,151240,2000,120000,1
34202.064,1,151260,500,230400,1
34202.109,1,151307,2000,233880,-1
34202.277,2,150762,2000,234080,-1
34202.655,1,151837,2000,233220,1
34202.736,2,151837,2000,233220,1
34202.813,1,151969,1000,205000,1
34203.28,1,152395,2000,233020,1
34203.402,5,151911,200,233250,1
34203.588,5,151914,200,233240,1
34203.589,1,152656,77,197300,1
34203.727,1,152780,2000,233220,1
34203.968,2,152395,2000,233020,1
34203.992,2,152780,2000,233220,1
34204.013,5,152931,100,233230,1
34204.109,5,152931,100,233230,1
34204.156,5,152931,100,233230,1
34204.25,5,152931,500,233230,1
34204.25,4,143720,200,233200,1
34204.939,1,153553,1000,232510,1
34204.945,1,153560,800,233870,-1
34206.153,1,154353,2000,232620,1
34206.201,2,153553,1000,232510,1
34206.356,1,154443,1000,232630,1
34207.206,2,154353,2000,232620,1
34207.232,2,154443,1000,232630,1
34207.293,1,154934,2000,232520,1
34208.313,1,155343,500,235600,-1
34209.286,1,155768,900,190000,1
34209.754,2,154934,2000,232520,1
34209.873,1,156082,1000,232510,1
34210.291,2,149379,100,233900,-1
34210.611,1,156485,500,232800,1
34212.34,2,156082,1000,232510,1
34212.373,1,157301,200,232810,1
34215.197,1,159629,500,233900,-1
34217.709,1,161540,300,233400,-1
34220.842,1,163774,200,234700,-1
34220.971,1,163889,500,233280,-1
34221.185,5,163926,22,233260,-1
34221.397,5,163926,178,233260,-1
34221.397,5,163931,200,233270,-1
34221.397,4,163889,500,233280,-1
34221.397,5,159506,500,233350,-1
34221.397,5,163833,500,233380,-1
34221.397,4,161540,222,233400,-1
34221.592,1,164187,2000,233380,-1
34221.692,2,164187,2000,233380,-1
34221.716,2,159629,500,233900,-1
34222.216,1,164584,500,232920,1
34222.92,1,164896,2000,233680,-1
34223.126,2,151307,2000,233880,-1
34223.138,2,157301,200,232810,1
34223.399,2,164896,2000,233680,-1
34224.102,1,165596,500,232900,1
34224.123,1,165605,2000,233680,-1
34224.563,2,165605,2000,233680,-1
34224.681,1,165862,2000,233680,-1
34227.052,1,167324,100,233900,-1
34227.097,1,167358,200,233600,-1
34227.792,2,164584,500,232920,1
34227.854,1,167770,2000,232820,1
34227.91,2,165596,500,232900,1
34228.453,1,168193,2000,233380,-1
34228.454,2,165862,2000,233680,-1
34228.766,2,167770,2000,232820,1
34228.901,1,168411,1000,232810,1
34229.341,4,168193,210,233380,-1
34229.463,2,168193,1790,233380,-1
34229.529,1,168702,210,232920,1
34229.791,2,168411,1000,232810,1
34230.682,1,169361,500,228000,1
34231.107,2,156485,500,232800,1
34232.771,1,170574,100,212700,1
34232.908,1,170661,1000,232930,1
34241.706,2,155343,500,235600,-1
34247.374,2,167324,100,233900,-1
34248.254,5,166600,100,233380,-1
34248.254,4,161540,78,233400,-1
34248.254,1,176666,322,233590,1
34248.259,2,176666,322,233590,1
34248.433,2,153560,800,233870,-1
34248.436,1,176782,700,233600,-1
34248.464,1,176800,322,233590,1
34248.469,2,176800,322,233590,1
34248.572,1,176852,2000,234080,-1
34248.877,1,176985,322,233590,1
34248.879,2,176985,322,233590,1
34249.079,1,177126,322,233590,1
34249.081,2,177126,322,233590,1
34249.437,1,177282,2000,233880,-1
34249.497,1,177300,322,233590,1
34249.498,2,177300,322,233590,1
34249.678,2,176852,2000,234080,-1
34249.712,1,177387,322,233590,1
34249.714,2,177387,322,233590,1
34249.916,1,177473,322,233590,1
34249.92,2,177473,322,233590,1
34250.331,1,177620,322,233590,1
34250.332,2,177620,322,233590,1
34250.443,2,177282,2000,233880,-1
34250.546,1,177717,322,233590,1
34250.549,2,177717,322,233590,1
34250.564,1,177723,2000,234080,-1
34250.757,1,177813,322,233590,1
34250.759,2,177813,322,233590,1
34250.966,1,177897,322,233590,1
34250.969,2,177897,322,233590,1
34251.18,1,177972,322,233590,1
34251.181,2,177972,322,233590,1
34251.223,1,177991,300,233590,-1
34251.39,4,177991,300,233590,-1
34251.39,1,178044,22,233590,1
34251.393,2,178044,22,233590,1
34251.603,1,178117,22,233590,1
34251.604,2,178117,22,233590,1
34251.818,1,178204,22,233590,1
34251.82,2,178204,22,233590,1
34251.904,1,178246,2000,233880,-1
34252.023,1,178304,22,233490,1
34252.034,2,178304,22,233490,1
34252.189,2,177723,2000,234080,-1
34252.225,1,178406,22,233490,1
34252.229,2,178406,22,233490,1
34252.43,1,178523,22,233490,1
34252.432,2,178523,22,233490,1
34252.531,2,178246,2000,233880,-1
34252.636,1,178625,22,233490,1
34252.64,2,178625,22,233490,1
34252.838,1,178747,22,233490,1
34252.9,1,178780,110,233320,1
34253.057,4,178747,22,233490,1
34253.239,2,168702,210,232920,1
34253.45,1,179095,2000,234080,-1
34254.353,2,176782,700,233600,-1
34255.849,1,180502,700,233600,-1
34259.867,2,179095,2000,234080,-1
34260.026,1,182658,2000,234180,-1
34261.074,1,183304,222,233500,-1
34265.336,1,185643,2000,233900,-1
34265.717,5,178849,500,233420,1
34266.652,1,186501,700,233600,-1
34266.903,5,186593,100,233470,-1
34267.987,2,60292,1000,235500,-1
34270.718,2,178780,110,233320,1
34271.425,2,170661,1000,232930,1
34271.951,1,189480,1000,232510,1
34272.269,1,189614,10,232620,1
34272.297,2,189480,1000,232510,1
34272.815,1,189929,2000,233480,-1
34273.034,2,182658,2000,234180,-1
34273.078,2,189929,2000,233480,-1
34273.874,1,190592,1000,232630,1
34274.022,1,190703,2000,233580,-1
34274.279,1,190872,500,232700,1
34274.464,2,190592,1000,232630,1
34274.599,1,191114,10,232820,1
34274.6,2,190703,2000,233580,-1
34274.721,2,167358,200,233600,-1
34274.946,2,189614,10,232620,1
34275.997,1,191895,1000,232830,1
34276.039,2,190872,500,232700,1
34276.047,1,191936,500,232800,1
34276.876,5,192243,1000,233320,1
34276.916,1,192451,100,233100,1
34276.933,2,191936,500,232800,1
34276.941,1,192470,500,233100,1
34277.0,1,192501,10,233120,1
34277.214,2,192470,500,233100,1
34277.224,2,191114,10,232820,1
34277.813,1,192931,531,196800,1
34279.23,2,191895,1000,232830,1
34282.397,1,195308,11000,223000,1
34284.64,2,180502,700,233600,-1
34284.862,2,186501,700,233600,-1
34285.248,2,183304,222,233500,-1
34285.876,1,197536,1000,233890,-1
34288.465,2,197536,1000,233890,-1
34288.592,1,198928,2000,234180,-1
34288.803,1,199002,400,233600,1
34289.448,2,192451,100,233100,1
34289.518,2,198928,2000,234180,-1
34289.61,1,199335,10,233720,1
34289.887,2,192501,10,233120,1
34290.003,4,199335,10,233720,1
34290.003,4,199002,390,233600,1
34290.198,1,199627,2000,233520,1
34290.566,5,199526,800,233640,1
34290.566,4,199002,10,233600,1
34290.566,5,199632,200,233540,1
34290.566,5,199635,200,233530,1
34290.566,4,199627,790,233520,1
34290.682,2,199627,1210,233520,1
34290.762,1,199910,790,233780,-1
34291.009,5,199866,200,233700,-1
34291.009,5,199920,200,233730,-1
34291.009,5,199923,200,233740,-1
34291.009,5,200030,100,233740,-1
34291.374,5,200186,100,233740,-1
34291.383,1,200222,2000,232620,1
34291.874,1,200442,1000,232630,1
34292.731,1,200778,100,233420,1
34292.846,1,200824,2000,233020,1
34293.06,2,200222,2000,232620,1
34293.915,2,200824,2000,233020,1
34293.982,1,201364,2000,232920,1
34294.555,1,201674,1000,233600,1
34294.701,4,201674,1000,233600,1
34294.784,1,201785,2000,233120,1
34294.785,2,201364,2000,232920,1
34294.822,2,201785,2000,233120,1
34295.362,1,202027,2000,233120,1
34295.494,2,202027,2000,233120,1
34295.918,1,202244,2000,233020,1
34296.413,2,200778,100,233420,1
34296.477,2,200442,1000,232630,1
34297.292,1,202710,2000,232820,1
34297.371,2,202244,2000,233020,1
34297.373,2,202710,2000,232820,1
34297.806,1,202925,2000,232620,1
34297.875,1,202957,1000,232630,1
34298.369,1,203154,3550,233500,1
34300.921,1,204380,500,233520,1
34301.388,5,200622,100,233700,-1
34302.433,1,204971,100,233620,1
34304.72,4,199910,100,233780,-1
34304.833,2,199910,690,233780,-1
34305.876,2,204971,100,233620,1
34305.878,2,204380,500,233520,1
34307.011,1,206876,10,233620,1
34307.232,2,202925,2000,232620,1
34307.576,1,207091,2000,234280,-1
34308.541,1,207483,1000,233500,1
34308.984,4,206876,10,233620,1
34309.23,1,207820,2000,233420,1
34309.811,1,208124,2000,234080,-1
34309.839,2,207091,2000,234280,-1
34314.015,1,209813,1000,234400,-1
34316.685,2,147353,1000,234800,-1
34316.964,1,210773,1000,234500,-1
34321.285,1,212311,100,233700,1
34321.392,2,208124,2000,234080,-1
34321.5,1,212375,2000,234180,-1
34321.991,5,206033,500,233860,-1
34322.535,5,206033,500,233860,-1
34322.535,4,185643,100,233900,-1
34322.651,5,212785,100,233860,-1
34322.93,5,212785,300,233860,-1
34322.93,4,185643,700,233900,-1
34323.252,4,185643,500,233900,-1
34323.314,4,185643,500,233900,-1
34323.647,4,185643,200,233900,-1
34323.858,2,212375,2000,234180,-1
34324.015,1,213385,2000,233620,1
34324.017,2,207820,2000,233420,1
34324.332,1,213551,1000,233800,1
34324.56,1,213639,2000,234280,-1
34324.804,2,213639,2000,234280,-1
34325.103,1,213874,2000,233820,1
34325.448,2,213874,2000,233820,1
34325.568,2,213385,2000,233620,1
34325.677,1,214201,2000,233820,1
34326.247,1,214455,2000,234480,-1
34326.979,2,210773,1000,234500,-1
34327.097,2,214455,2000,234480,-1
34327.255,1,214986,1000,234800,-1
34327.344,1,215033,2000,234580,-1
34327.501,1,215150,500,234000,1
34328.102,2,215150,500,234000,1
34328.264,5,147250,500,234300,-1
34328.264,4,209813,500,234400,-1
34329.1,2,215033,2000,234580,-1
34329.152,2,202957,1000,232630,1
34329.24,1,216091,2000,234580,-1
34329.968,2,216091,2000,234580,-1
34330.032,1,216407,2000,234680,-1
34330.194,1,216476,10,234200,1
34330.211,1,216485,100,233910,1
34330.578,1,216619,2000,234020,1
34330.747,4,209813,500,234400,-1
34330.829,2,216407,2000,234680,-1
34330.968,2,216485,100,233910,1
34331.023,2,214201,2000,233820,1
34331.153,1,216844,2000,234680,-1
34332.873,1,217469,500,234670,-1
34333.381,4,216476,10,234200,1
34333.704,2,216619,2000,234020,1
34333.72,1,217877,2000,233920,1
34334.277,1,218107,100,234110,1
34334.488,1,218222,2000,234120,1
34334.639,2,218222,2000,234120,1
34335.245,1,218629,2000,234120,1
34335.312,2,218107,100,234110,1
34335.356,2,217877,2000,233920,1
34335.385,2,217469,500,234670,-1
34335.398,2,216844,2000,234680,-1
34335.809,1,218973,2000,234680,-1
34336.125,2,218973,2000,234680,-1
34336.24,2,218629,2000,234120,1
34336.363,1,219229,2000,234580,-1
34336.427,2,219229,2000,234580,-1
34336.873,1,219457,1000,233810,1
34336.903,1,219473,2000,234680,-1
34337.56,1,219749,2000,233820,1
34337.594,2,219457,1000,233810,1
34338.174,1,220018,1500,234100,1
34338.329,1,220074,2000,234020,1
34338.543,2,219749,2000,233820,1
34338.809,1,220332,100,234200,1
34338.96,2,219473,2000,234680,-1
34339.095,1,220468,2000,234220,1
34339.641,2,220074,2000,234020,1
34339.646,1,220664,2000,234780,-1
34339.688,2,220468,2000,234220,1
34340.291,1,220892,2000,234120,1
34340.943,2,220332,100,234200,1
34342.758,1,221967,500,234200,1
34343.11,1,222159,100,234320,1
34343.714,2,220664,2000,234780,-1
34344.337,1,222612,100,234500,-1
34345.337,1,222976,400,234800,-1
34346.304,2,222159,100,234320,1
34346.468,1,223507,2000,234680,-1
34346.815,2,223507,2000,234680,-1
34347.573,1,223986,2000,234680,-1
34348.488,5,222689,1000,234480,-1
34348.793,2,223986,2000,234680,-1
34348.938,2,222612,100,234500,-1
34349.011,1,224628,2000,234780,-1
34349.032,2,220018,1500,234100,1
34349.837,2,213551,1000,233800,1
34350.143,1,224967,500,234200,1
34350.357,1,225039,1000,233400,1
34350.444,2,224628,2000,234780,-1
34350.766,1,225178,2000,234780,-1
34351.024,1,225306,500,235500,-1
34351.103,2,224967,500,234200,1
34351.7,5,224848,1000,234250,1
34351.7,5,223432,200,234220,1
34351.7,5,223433,200,234210,1
34351.951,1,225681,10,234400,-1
34352.01,1,225709,500,234300,1
34352.018,2,220892,2000,234120,1
34352.22,4,225681,10,234400,-1
34352.22,1,225788,990,234400,1
34352.304,4,225788,990,234400,1
34352.315,2,225178,2000,234780,-1
34352.518,4,225709,500,234300,1
34352.518,5,225895,200,234300,1
34352.527,1,225965,2000,234220,1
34352.582,2,225965,2000,234220,1
34353.072,1,226240,2000,234220,1
34353.277,2,221967,500,234200,1
34353.62,1,226462,2000,234780,-1
34353.733,4,226240,800,234220,1
34353.926,2,226240,1200,234220,1
34353.983,1,226621,800,234500,-1
34354.168,1,226676,800,234380,-1
34354.72,1,226831,2000,233620,1
34354.723,2,226462,2000,234780,-1
34354.876,1,226883,900,233710,1
34355.114,2,226831,2000,233620,1
34355.275,1,227014,2000,233820,1
34355.29,1,227021,500,236500,-1
34355.308,2,226883,900,233710,1
34355.6,2,226621,800,234500,-1
34355.646,2,227014,2000,233820,1
34356.136,1,227267,2000,233720,1
34356.583,2,227267,2000,233720,1
34356.876,1,227532,600,233710,1
34356.901,1,227539,2000,233720,1
34357.061,2,227532,600,233710,1
34357.303,2,212311,100,233700,1
34358.062,2,227539,2000,233720,1
34358.338,1,227932,2000,233620,1
34358.873,1,228098,1000,233630,1
34359.113,2,227932,2000,233620,1
34359.231,1,228195,2000,233520,1
34359.773,1,228369,2000,234500,-1
34359.94,2,228195,2000,233520,1
34360.22,1,228507,500,237500,-1
34361.137,1,228789,2000,233620,1
34362.067,1,229218,300,234200,1
34362.081,1,229229,500,233700,1
34362.102,2,228789,2000,233620,1
34362.282,1,229296,2000,233720,1
34362.507,2,229296,2000,233720,1
34363.167,1,229536,2000,233720,1
34363.315,2,229536,2000,233720,1
34364.263,2,226676,800,234380,-1
34364.266,1,229866,2000,234480,-1
34364.641,2,229866,2000,234480,-1
34364.739,2,214986,1000,234800,-1
34364.807,1,230025,2000,234020,1
34364.916,1,230062,500,238500,-1
34365.024,1,230106,1000,234600,-1
34365.698,2,207483,1000,233500,1
34365.962,2,230025,2000,234020,1
34366.029,1,230429,2000,234580,-1
34366.115,1,230489,1000,234290,1
34366.787,2,230429,2000,234580,-1
34367.059,1,230850,2000,234580,-1
34369.111,2,230850,2000,234580,-1
34369.119,2,230489,1000,234290,1
34369.134,2,229229,500,233700,1
34369.245,1,231836,2000,234020,1
34372.705,2,229218,300,234200,1
34372.873,1,233345,2000,234580,-1
34373.398,2,233345,2000,234580,-1
34373.746,2,231836,2000,234020,1
34373.858,1,233762,2000,234580,-1
34374.071,5,233664,100,234400,-1
34374.403,1,233980,2000,234380,-1
34374.514,2,233762,2000,234580,-1
34374.528,2,233980,2000,234380,-1
34374.96,1,234154,2000,233720,1
34374.995,2,228098,1000,233630,1
34375.497,1,234318,2000,234380,-1
34375.618,1,234350,100,234300,1
34375.637,4,234350,100,234300,1
34376.011,2,234318,2000,234380,-1
34376.173,1,234556,2000,234380,-1
34376.224,2,234556,2000,234380,-1
34376.362,1,234626,100,234400,-1
34376.878,1,234837,1000,233730,1
34377.046,1,234884,2000,234380,-1
34377.623,2,234884,2000,234380,-1
34377.961,1,235264,2000,234380,-1
34378.651,5,235272,100,234330,-1
34378.651,5,235273,200,234340,-1
34378.869,4,235264,2000,234380,-1
34379.525,4,234626,100,234400,-1
34382.484,1,238058,400,234300,1
34382.747,1,238266,2000,234320,1
34382.858,1,238337,1000,225000,1
34383.074,2,234154,2000,233720,1
34383.526,1,238711,500,233800,1
34384.283,4,228369,2000,234500,-1
34385.12,1,239734,200,234220,1
34385.414,5,239362,1000,234400,1
34385.414,5,239653,1000,234360,1
34385.427,5,238473,300,234350,1
34385.427,5,239146,200,234350,1
34385.493,2,203154,3550,233500,1
34386.314,2,239734,200,234220,1
34386.897,1,240803,100,234400,1
34387.067,5,224948,5,234500,-1
34387.067,1,240902,195,234520,1
34387.287,1,241023,200,234420,1
34387.356,2,238266,2000,234320,1
34387.767,2,240803,100,234400,1
34388.366,5,240956,500,234530,1
34388.366,4,240902,195,234520,1
34388.378,4,241023,200,234420,1
34388.378,5,241021,200,234420,1
34388.526,1,241849,2000,234320,1
34388.564,2,241849,2000,234320,1
34388.716,1,241974,200,234400,1
34388.778,5,241816,100,234500,1
34388.778,4,241974,200,234400,1
34388.778,5,241973,100,234400,1
34389.092,1,242183,2000,234220,1
34389.542,5,239227,1000,234550,-1
34389.542,4,230106,500,234600,-1
34389.553,4,230106,500,234600,-1
34389.638,1,242472,2000,234780,-1
34390.126,2,242472,2000,234780,-1
34390.834,5,242416,1000,234660,-1
34391.251,2,234837,1000,233730,1
34391.606,1,243715,2000,234420,1
34391.712,2,242183,2000,234220,1
34391.751,2,243715,2000,234420,1
34392.152,1,244006,2000,234320,1
34392.589,2,244006,2000,234320,1
34392.697,1,244338,2000,234220,1
34392.918,1,244441,600,234310,1
34393.482,1,244745,2000,234420,1
34393.537,2,244745,2000,234420,1
34393.574,1,244811,100,234600,1
34394.009,5,244325,200,234680,-1
34394.125,5,244325,100,234680,-1
34394.139,1,245194,2000,234420,1
34394.279,5,244325,100,234680,-1
34394.368,5,244325,100,234680,-1
34394.485,4,163774,200,234700,-1
34394.667,2,244441,600,234310,1
34394.685,2,244338,2000,234220,1
34394.69,1,245590,2000,234980,-1
34394.865,2,245590,2000,234980,-1
34395.273,5,245827,400,234790,-1
34395.765,1,246466,200,234900,-1
34396.337,2,244811,100,234600,1
34396.918,2,245194,2000,234420,1
34396.954,1,247394,2000,234320,1
34397.824,1,247979,2000,234880,-1
34397.903,2,247979,2000,234880,-1
34398.758,1,248668,100,234610,1
34399.607,2,246466,200,234900,-1
34399.733,1,249234,2000,234980,-1
34399.846,2,137617,5000,231700,1
34400.079,2,249234,2000,234980,-1
34400.563,5,249471,200,234700,-1
34400.563,1,249733,3350,234700,1
34400.704,2,248668,100,234610,1
34403.298,1,251496,200,234900,-1
34403.391,1,251537,2000,234520,1
34403.428,2,247394,2000,234320,1
34403.627,4,249733,100,234700,1
34404.528,1,252205,200,234800,-1
34404.534,2,251496,200,234900,-1
34404.669,2,251537,2000,234520,1
34404.809,1,252352,2000,234420,1
34405.008,4,249733,1000,234700,1
34405.862,4,222976,400,234800,-1
34405.959,4,252205,200,234800,-1
34406.12,1,253257,2000,234620,1
34406.264,1,253382,200,234800,-1
34406.46,2,253257,2000,234620,1
34406.462,4,253382,200,234800,-1
34406.741,1,253696,200,234900,-1
34406.792,1,253718,2000,235180,-1
34407.148,2,252352,2000,234420,1
34407.154,2,253718,2000,235180,-1
34407.971,2,253696,200,234900,-1
34408.665,1,254712,100,234820,1
34409.443,1,255328,200,235100,-1
34409.912,4,136384,50,235000,-1
34409.912,4,136644,100,235000,-1
34410.142,2,255328,200,235100,-1
34410.182,1,255903,500,235500,-1
34413.061,1,257957,100,235400,-1
34413.08,2,255903,500,235500,-1
34413.098,1,257995,500,235400,-1
34413.923,2,238337,1000,225000,1
34413.964,1,258784,100,235010,1
34414.017,2,257995,500,235400,-1
34414.338,1,259199,200,234900,1
34415.192,2,257957,100,235400,-1
34415.225,5,259174,200,235060,1
34415.33,2,259199,200,234900,1
34415.565,2,258784,100,235010,1
34415.567,2,254712,100,234820,1
34416.076,4,137354,35,235200,-1
34416.904,1,261345,1000,234710,1
34417.567,1,262030,700,235000,1
34417.77,5,260111,700,235380,-1
34417.77,5,261310,100,235400,-1
34417.77,5,261934,100,235400,-1
34417.77,1,262201,100,235400,1
34417.867,1,262252,100,233000,1
34417.891,5,260768,22,235490,-1
34418.073,1,262394,500,235000,1
34418.571,1,262716,200,235270,1
34418.731,5,262781,100,235480,-1
34419.102,1,263120,200,235300,1
34419.109,2,262716,200,235270,1
34419.693,2,262252,100,233000,1
34420.161,5,262781,300,235480,-1
34420.545,1,264160,500,235300,1
34420.662,2,262201,100,235400,1
34420.909,5,262781,500,235480,-1
34421.541,2,262394,500,235000,1
34422.066,2,264160,500,235300,1
34422.358,2,263120,200,235300,1
34422.402,2,261345,1000,234710,1
34422.493,5,264885,132,235400,-1
34423.88,1,266716,900,235010,1
34423.945,5,263038,100,235300,1
34423.945,5,263298,100,235300,1
34424.148,2,266716,900,235010,1
34425.877,1,267814,600,235010,1
34426.561,5,264885,68,235400,-1
34426.561,4,225306,432,235500,-1
34430.447,2,238711,500,233800,1
34435.511,5,269360,500,235330,1
34435.511,5,269415,500,235330,1
34435.652,1,274539,1000,235500,-1
34436.856,2,267814,600,235010,1
34437.879,1,275823,1000,235010,1
34438.66,1,276363,900,235300,1
34438.663,1,276367,1200,235200,1
34439.653,1,277129,200,236000,-1
34440.974,1,278290,200,235400,-1
34443.598,4,276363,100,235300,1
34443.615,2,276363,800,235300,1
34444.569,2,276367,1200,235200,1
34444.638,2,275823,1000,235010,1
34445.559,1,281596,200,235300,-1
34445.562,2,278290,200,235400,-1
34445.673,5,280943,200,235020,1
34445.886,5,280946,200,235010,1
34445.886,4,262030,100,235000,1
34445.979,4,262030,600,235000,1
34446.003,1,281850,500,235300,-1
34446.391,1,282100,1000,235100,-1
34446.601,1,282249,200,235100,-1
34446.642,2,281596,200,235300,-1
34447.415,2,281850,500,235300,-1
34447.424,1,282734,500,235100,-1
34447.501,5,282616,300,234850,1
34447.564,2,141385,300,222600,1
34447.596,2,282100,1000,235100,-1
34447.642,2,129310,300,230200,1
34447.854,1,282986,200,235000,-1
34447.86,2,282249,200,235100,-1
34447.871,2,282734,500,235100,-1
34447.879,1,282998,500,235000,-1
34447.97,1,283049,200,234900,-1
34453.598,2,282998,500,235000,-1
34454.165,2,282986,200,235000,-1
34454.165,2,283049,200,234900,-1
34455.901,1,287939,600,235490,-1
34456.182,2,287939,600,235490,-1
34456.44,1,288374,200,234800,1
34456.833,1,288801,200,235000,1
34456.908,2,288374,200,234800,1
34457.091,2,288801,200,235000,1
34457.912,1,289703,900,234710,1
34457.917,1,289707,300,235490,-1
34457.997,2,289707,300,235490,-1
34458.184,2,289703,900,234710,1
34458.261,1,289964,200,234900,1
34458.392,2,289964,200,234900,1
34459.901,1,291036,300,235490,-1
34459.918,1,291042,200,234800,1
34464.772,1,294605,700,235200,-1
34465.409,2,238058,400,234300,1
34466.539,1,295839,700,235000,-1
34467.05,1,296138,200,235100,-1
34467.124,2,294605,700,235200,-1
34467.155,2,291042,200,234800,1
34467.62,2,291036,300,235490,-1
34468.328,2,296138,200,235100,-1
34470.755,1,298978,200,234600,1
34472.631,5,296404,100,234710,1
34472.631,5,297559,222,234710,1
34472.631,4,249733,178,234700,1
34472.738,2,298978,200,234600,1
34479.362,1,304810,200,234800,-1
34481.433,4,304810,200,234800,-1
34488.061,1,311071,200,234600,1
34488.211,2,295839,700,235000,-1
34488.236,1,311242,500,235500,-1
34489.9,1,312227,1000,235490,-1
34491.928,2,311071,200,234600,1
34496.078,2,312227,1000,235490,-1
34496.084,2,311242,500,235500,-1
34497.902,1,317167,600,235490,-1
34499.333,1,317976,200,234760,1
34499.735,2,317976,200,234760,1
34500.059,1,318447,200,235000,-1
34500.829,2,318447,200,235000,-1
34502.356,1,320418,200,235100,-1
34502.511,2,317167,600,235490,-1
34503.514,1,321440,347,235000,-1
34504.66,2,320418,200,235100,-1
34504.75,5,316701,200,234750,1
34506.895,1,323848,100,235000,-1
34509.275,5,321511,200,234980,-1
34509.275,5,321533,200,234990,-1
34509.275,4,321440,347,235000,-1
34509.275,4,323848,100,235000,-1
34509.916,1,325540,600,235490,-1
34511.909,1,326737,1000,235000,-1
34512.261,1,326960,200,235100,-1
34512.76,2,325540,600,235490,-1
34516.339,2,326960,200,235100,-1
34516.599,4,326737,500,235000,-1
34516.94,1,330001,500,234810,-1
34516.943,2,330001,500,234810,-1
34517.142,1,330118,500,234810,-1
34517.144,2,330118,500,234810,-1
34517.342,1,330244,500,234810,-1
34517.343,2,330244,500,234810,-1
34517.365,1,330265,200,235100,-1
34517.543,1,330385,500,234810,-1
34517.545,2,330385,500,234810,-1
34517.752,1,330513,500,234810,-1
34517.754,2,330513,500,234810,-1
34517.958,1,330666,500,234810,-1
34517.963,2,330666,500,234810,-1
34518.07,1,330747,200,234910,-1
34518.074,2,330265,200,235100,-1
34518.159,1,330797,500,234810,-1
34518.163,2,330797,500,234810,-1
34518.332,2,330747,200,234910,-1
34518.36,1,330945,500,234810,-1
34518.363,2,330945,500,234810,-1
34518.562,1,331081,500,234810,-1
34518.564,2,331081,500,234810,-1
34518.633,1,331129,200,235100,-1
34518.764,1,331214,500,234810,-1
34518.768,2,331214,500,234810,-1
34518.975,1,331365,500,234810,-1
34518.976,2,331365,500,234810,-1
34519.038,2,331129,200,235100,-1
34519.176,1,331441,500,234810,-1
34519.177,2,331441,500,234810,-1
34519.377,1,331557,500,234810,-1
34519.378,2,331557,500,234810,-1
34519.583,1,331671,500,234810,-1
34519.585,2,331671,500,234810,-1
34519.785,1,331779,500,234810,-1
34519.786,2,331779,500,234810,-1
34519.816,1,331796,100,234900,-1
34519.987,1,331854,500,234810,-1
34519.988,2,331854,500,234810,-1
34520.188,1,331930,500,234810,-1
34520.193,2,331930,500,234810,-1
34520.388,1,332024,500,234810,-1
34520.398,2,332024,500,234810,-1
34520.595,1,332132,500,234810,-1
34520.618,2,332132,500,234810,-1
34520.798,1,332241,500,234810,-1
34520.803,2,332241,500,234810,-1
34521.005,1,332340,500,234810,-1
34521.024,2,332340,500,234810,-1
34521.214,1,332440,500,234810,-1
34521.216,2,332440,500,234810,-1
34521.416,1,332527,500,234810,-1
34521.419,2,332527,500,234810,-1
34521.617,1,332613,500,234810,-1
34521.619,2,332613,500,234810,-1
34521.818,1,332718,500,234810,-1
34521.823,2,332718,500,234810,-1
34522.021,1,332805,500,234810,-1
34522.023,2,332805,500,234810,-1
34522.222,1,332881,500,234810,-1
34522.223,2,332881,500,234810,-1
34522.423,1,332950,500,234810,-1
34522.425,2,332950,500,234810,-1
34522.625,1,333057,500,234810,-1
34522.627,2,333057,500,234810,-1
34533.474,5,333065,200,234720,1
34533.474,5,333067,100,234710,1
34534.715,2,331796,100,234900,-1
34539.157,5,341074,200,234980,-1
34539.157,5,341076,100,234990,-1
34539.157,5,342609,200,234990,-1
34539.157,4,326737,500,235000,-1
34539.425,1,344171,200,235000,-1
34540.188,1,344773,500,234820,1
34542.111,2,344171,200,235000,-1
34544.001,1,347326,900,235490,-1
34544.801,2,344773,500,234820,1
34548.186,2,137096,500,232500,1
34548.229,2,347326,900,235490,-1
34548.433,1,350322,200,235000,-1
34549.338,2,225306,68,235500,-1
34549.459,2,227021,500,236500,-1
34549.553,2,228507,500,237500,-1
34549.677,2,230062,500,238500,-1
34549.702,5,350036,700,234950,-1
34549.702,5,349089,200,234980,-1
34549.702,5,351303,500,234990,-1
34549.702,4,350322,200,235000,-1
34549.702,5,350321,200,235000,-1
34549.899,1,351439,600,235490,-1
34549.931,2,351439,600,235490,-1
34549.968,1,351473,200,235000,-1
34550.067,2,351473,200,235000,-1
34552.248,1,352838,200,235000,1
34552.643,2,352838,200,235000,1
34553.9,1,354088,800,234710,1
34554.662,1,354782,200,235600,-1
34554.911,5,347405,400,235380,-1
34555.076,2,354782,200,235600,-1
34555.657,1,355475,500,235100,1
34556.793,2,355475,500,235100,1
34557.277,1,356704,800,235000,1
34557.76,2,354088,800,234710,1
34558.057,1,357393,600,235200,1
34560.945,1,359459,200,235500,-1
34560.976,1,359488,1000,236000,-1
34564.201,5,360505,200,235250,1
34564.894,2,357393,600,235200,1
34566.552,5,362307,100,235050,1
34566.554,5,362307,200,235050,1
34566.684,5,362333,200,235050,1
34566.684,5,362338,200,235040,1
34566.684,4,356704,800,235000,1
34566.791,1,363481,200,235300,-1
34566.797,2,359459,200,235500,-1
34566.897,1,363609,1000,234710,1
34567.0,1,363680,200,235100,-1
34567.224,2,363680,200,235100,-1
34567.228,2,363481,200,235300,-1
34567.901,1,364356,200,235100,1
34567.944,2,364356,200,235100,1
34567.981,1,364423,200,235300,-1
34568.198,2,364423,200,235300,-1
34568.222,1,364606,500,235500,-1
34568.271,2,364606,500,235500,-1
34568.557,2,363609,1000,234710,1
34568.901,1,365139,500,234710,1
34569.019,1,365242,200,235300,-1
34569.69,2,365242,200,235300,-1
34570.057,1,365950,200,235300,-1
34570.524,2,365139,500,234710,1
34570.627,1,366289,100,235490,-1
34571.686,1,366924,200,235200,-1
34571.771,2,365950,200,235300,-1
34572.197,1,367329,500,234720,1
34574.057,1,368762,500,234820,1
34575.001,5,368764,500,234870,1
34575.001,5,369052,200,234830,1
34575.001,4,368762,300,234820,1
34575.014,4,368762,200,234820,1
34575.54,2,367329,500,234720,1
34575.605,2,366924,200,235200,-1
34575.761,5,369571,500,234730,1
34575.761,5,369747,300,234730,1
34575.761,4,249733,1272,234700,1
34575.784,4,249733,800,234700,1
34576.905,1,371026,1000,233500,1
34576.907,1,371028,1000,235480,-1
34576.912,1,371033,200,234900,-1
34577.017,2,371028,1000,235480,-1
34577.213,1,371290,200,234700,-1
34577.348,2,371033,200,234900,-1
34578.258,2,371026,1000,233500,1
34578.341,2,366289,100,235490,-1
34578.669,2,371290,200,234700,-1
34578.899,1,372471,900,233410,1
34578.9,1,372473,1000,235490,-1
34579.853,5,372955,200,234350,-1
34579.95,1,373062,200,234500,-1
34580.726,1,373656,200,234400,-1
34580.73,2,373062,200,234500,-1
34581.261,2,373656,200,234400,-1
34582.198,1,374649,200,234400,-1
34582.302,2,372473,1000,235490,-1
34582.413,1,374775,200,234210,-1
34582.425,2,374649,200,234400,-1
34583.07,2,374775,200,234210,-1
34583.913,1,375645,1000,235300,-1
34585.273,2,372471,900,233410,1
34588.027,1,378565,500,233700,1
34588.696,1,379127,1000,238900,-1
34589.295,1,379569,500,233820,1
34592.011,1,381573,200,233920,1
34592.455,2,378565,500,233700,1
34594.354,1,382934,500,234120,1
34594.754,1,383159,100,234590,-1
34594.791,2,375645,1000,235300,-1
34600.379,1,386608,1000,234290,1
34602.349,2,381573,200,233920,1
34602.601,1,388147,100,234800,-1
34603.377,2,386608,1000,234290,1
34604.781,1,389520,500,234600,-1
34605.905,1,390156,400,234580,-1
34606.931,2,390156,400,234580,-1
34606.992,2,389520,500,234600,-1
34607.196,1,391140,200,234400,-1
34607.316,2,391140,200,234400,-1
34609.702,1,393208,300,234400,-1
34619.277,1,398438,300,236400,-1
34619.317,1,398469,200,233500,1
34623.877,1,401882,600,234200,1
34625.94,2,393208,300,234400,-1
34628.96,1,404842,990,234300,1
34632.865,1,407065,400,229000,1
34634.944,1,408669,100,231800,1
34638.757,1,411834,1000,233300,1
34642.093,5,405309,96,234540,-1
34642.62,1,414930,990,234800,-1
34646.32,5,414936,100,234570,-1
34647.187,1,417446,1000,234500,-1
34647.843,2,404842,990,234300,1
34648.306,2,383159,100,234590,-1
34648.852,2,379569,500,233820,1
34648.878,2,382934,500,234120,1
34651.218,1,420070,200,234600,-1
34655.358,2,388147,100,234800,-1
34657.742,2,398438,300,236400,-1
34657.773,1,424366,200,236100,-1
34660.771,2,420070,200,234600,-1
34669.33,1,432587,600,234000,1
34670.735,2,417446,1000,234500,-1
34671.87,1,434439,600,234790,-1
34674.369,2,434439,600,234790,-1
34674.508,2,414930,990,234800,-1
34675.217,1,437813,990,234400,1
34675.874,1,438295,1000,235490,-1
34676.571,1,438774,500,235500,-1
34676.876,2,438774,500,235500,-1
34678.658,2,379127,1000,238900,-1
34678.932,2,432587,600,234000,1
34678.933,1,440726,200,234300,1
34678.969,1,440749,1000,238900,-1
34682.14,5,434448,222,234740,-1
34682.388,1,443540,1000,234800,-1
34682.91,1,443984,990,234600,1
34686.384,1,446355,1000,232300,1
34687.278,5,445747,100,234790,-1
34687.278,4,443540,900,234800,-1
34687.549,2,437813,990,234400,1
34687.847,2,424366,200,236100,-1
34687.85,2,398469,200,233500,1
34691.157,5,444009,100,234620,1
34691.157,4,443984,700,234600,1
34691.293,2,443984,290,234600,1
34691.796,5,449855,200,234750,-1
34691.796,5,448379,500,234760,-1
34691.796,5,449856,200,234760,-1
34691.796,5,448260,100,234790,-1
34692.728,5,440736,246,234550,1
34692.728,5,443319,222,234550,1
34692.728,5,443998,32,234550,1
34692.861,2,440726,200,234300,1
34693.552,1,451264,1100,234000,1
34694.538,2,438295,1000,235490,-1
34694.768,1,452190,1300,222800,1
34695.077,1,452435,990,234300,1
34695.238,2,451264,1100,234000,1
34695.444,5,452453,100,234350,1
34695.873,1,453101,600,234790,-1
34696.406,1,453470,600,234000,1
34696.48,2,453101,600,234790,-1
34697.871,1,454498,900,234790,-1
34698.572,2,454498,900,234790,-1
34699.9,1,455682,600,234790,-1
34701.133,2,455682,600,234790,-1
34701.869,1,456735,300,234790,-1
34702.789,2,456735,300,234790,-1
34703.65,5,456354,100,234690,-1
34703.65,5,455526,500,234710,-1
34703.922,1,457802,3000,234500,1
34714.842,2,452435,990,234300,1
34717.658,1,466302,500,240000,-1
34718.476,1,466705,2500,234600,-1
34719.067,4,457802,790,234500,1
34724.655,2,466302,500,240000,-1
34728.018,4,457802,100,234500,1
34728.38,4,457802,200,234500,1
34728.498,4,457802,300,234500,1
34728.913,4,457802,1000,234500,1
34729.244,4,457802,610,234500,1
34729.877,1,474186,1000,234210,1
34744.772,2,474186,1000,234210,1
34745.871,1,484711,700,234210,1
34754.255,5,473828,300,234550,-1
34754.374,2,443540,100,234800,-1
34759.667,2,484711,700,234210,1
34759.898,1,492068,1000,234210,1
34763.772,5,487429,500,234500,1
34765.091,5,473835,100,234580,-1
34765.091,4,466705,400,234600,-1
34769.022,2,492068,1000,234210,1
34783.87,1,502598,1000,234210,1
34787.089,5,497435,600,234500,1
34797.206,2,453470,600,234000,1
34797.207,1,510854,700,234300,1
34799.385,2,510854,700,234300,1
34800.662,1,513486,200,234600,-1
34800.728,1,513521,990,234500,1
34800.95,2,137517,300,227500,1
34802.668,1,514824,700,234200,1
34803.858,5,507867,500,234590,-1
34803.858,4,466705,500,234600,-1
34805.634,1,517100,200,234500,1
34806.708,2,513521,990,234500,1
34816.484,2,517100,200,234500,1
34816.674,5,524330,500,234540,1
34817.36,5,525128,200,234540,1
34824.653,2,514824,700,234200,1
34825.423,1,532007,500,233400,1
34826.467,1,532893,500,233400,1
34828.218,1,534309,1000,234600,-1
34829.963,2,532893,500,233400,1
34830.039,2,532007,500,233400,1
34832.278,2,411834,1000,233300,1
34832.379,1,537488,1000,232000,1
34832.67,1,537701,100,220000,1
34832.697,1,537728,1000,234600,-1
34833.737,5,525128,200,234540,1
34834.949,1,539401,500,234600,-1
34835.27,2,502598,1000,234210,1
34835.561,5,533810,400,234220,1
34835.899,1,540084,600,234210,1
34836.398,1,540542,100,233200,1
34837.193,2,540542,100,233200,1
34837.351,2,539401,500,234600,-1
34837.74,2,540084,600,234210,1
34837.88,1,541691,200,234210,1
34844.754,2,534309,1000,234600,-1
34847.983,1,548658,100,233200,1
34852.363,1,552171,1000,234550,-1
34856.415,2,274539,1000,235500,-1
34857.434,1,557087,200,234500,1
34857.46,5,554905,500,234540,1
34857.46,5,557058,500,234510,1
34857.46,4,557087,200,234500,1
34857.46,5,555632,700,234500,1
34857.46,5,556234,500,234500,1
34860.385,1,559625,1000,234600,-1
34861.138,1,560198,3000,233340,1
34862.289,1,561383,222,233200,1
34863.53,1,562520,100,233200,1
34863.894,5,560313,200,234530,1
34863.894,1,562889,600,234300,-1
34863.915,4,562889,100,234300,-1
34864.103,1,563049,68,233400,1
34864.236,4,562889,100,234300,-1
34864.528,4,562889,100,234300,-1
34864.968,4,562889,100,234300,-1
34865.418,4,562889,100,234300,-1
34865.837,4,562889,100,234300,-1
34866.3,1,565224,200,235000,-1
34867.185,2,563049,68,233400,1
34868.685,4,552171,100,234550,-1
34868.787,2,565224,200,235000,-1
34868.866,4,552171,68,234550,-1
34869.058,2,562520,100,233200,1
34869.429,4,552171,200,234550,-1
34869.578,2,541691,200,234210,1
34869.904,1,568199,500,234210,1
34870.524,4,552171,200,234550,-1
34875.592,2,568199,500,234210,1
34875.868,1,572428,200,234210,1
34879.239,5,571998,300,234500,1
34879.239,5,574215,200,234320,1
34879.626,1,575395,500,234500,1
34879.644,4,575395,200,234500,1
34879.833,1,575592,1000,233200,1
34884.63,1,578956,150,238500,-1
34886.463,2,561383,222,233200,1
34890.079,2,575592,1000,233200,1
34893.751,2,537728,1000,234600,-1
34903.31,4,575395,300,234500,1
34903.31,5,575398,2700,234500,1
34903.319,1,589609,500,234500,1
34906.192,4,552171,432,234550,-1
34906.205,4,466705,1600,234600,-1
34906.205,4,513486,200,234600,-1
34906.205,4,559625,1000,234600,-1
34906.236,1,591055,500,235600,-1
34906.243,1,591059,3000,236000,-1
34906.522,2,591055,500,235600,-1
34906.561,5,591156,500,234600,-1
34907.162,2,572428,200,234210,1
34907.872,1,591805,1000,235700,-1
34909.444,1,592585,990,234600,1
34911.491,1,593849,300,234600,1
34911.981,2,591059,3000,236000,-1
34911.999,1,594246,3000,235700,-1
34915.77,2,277129,200,236000,-1
34915.944,5,596150,500,234890,-1
34915.944,5,597019,500,234900,-1
34917.934,2,594246,3000,235700,-1
34919.081,5,596627,50,234740,1
34923.208,5,601954,200,234740,1
34923.272,5,601954,100,234740,1
34923.767,1,602344,500,234800,1
34924.574,5,602428,100,234850,1
34925.976,5,602428,100,234850,1
34925.976,5,602435,200,234840,1
34925.976,5,603344,150,234840,1
34925.976,5,603337,50,234830,1
34926.105,5,603662,100,234880,-1
34926.105,5,603225,400,234890,-1
34926.139,2,589609,500,234500,1
34926.223,5,603337,150,234830,1
34926.223,4,602344,50,234800,1
34926.235,4,602344,450,234800,1
34926.235,5,602352,150,234800,1
34926.246,5,602352,200,234800,1
34926.258,1,604701,500,234800,1
34926.922,1,605324,3000,235700,-1
34927.486,4,604701,500,234800,1
34927.508,1,605904,450,234800,1
34932.566,2,592585,990,234600,1
34934.149,4,605904,450,234800,1
34936.069,1,613811,500,235700,-1
34936.158,1,613872,568,235500,-1
34936.191,2,613811,500,235700,-1
34936.192,2,591805,1000,235700,-1
34936.198,1,613904,500,235500,-1
34936.938,2,560198,3000,233340,1
34937.871,1,615409,1000,235490,-1
34939.412,2,613904,500,235500,-1
34940.984,5,612841,300,234630,1
34945.757,5,614105,300,234630,1
34948.107,5,614105,200,234630,1
34951.209,5,614105,300,234630,1
34951.911,1,624278,100,234700,-1
34951.943,2,615409,1000,235490,-1
34953.661,2,613872,568,235500,-1
34954.435,1,625863,40,233200,1
34956.198,4,624278,100,234700,-1
34956.393,5,614105,200,234630,1
34956.393,5,617044,300,234630,1
34957.871,1,628828,1000,235690,-1
34959.792,5,617044,568,234630,1
34960.403,1,630691,600,234500,1
34960.585,2,625863,40,233200,1
34960.854,5,617044,132,234630,1
34960.854,5,630587,200,234630,1
34960.854,5,619655,168,234620,1
34961.598,5,619655,700,234620,1
34965.263,5,619655,132,234620,1
34965.263,5,628131,368,234620,1
34970.233,1,638186,500,235700,-1
34970.59,2,638186,500,235700,-1
34975.893,5,628131,300,234620,1
34976.082,5,628131,200,234620,1
34976.121,2,630691,600,234500,1
34980.19,4,593849,300,234600,1
34980.19,1,645836,690,234600,-1
34980.223,2,628828,1000,235690,-1
34980.256,1,645888,400,234210,1
34980.661,2,645888,400,234210,1
34980.912,2,645836,690,234600,-1
34981.866,1,647075,1000,234210,1
34981.895,1,647105,1000,235600,-1
34981.92,2,605324,3000,235700,-1
34981.934,1,647145,3000,235600,-1
34982.489,1,647677,990,234600,-1
34982.511,5,645965,500,234250,1
34982.537,2,647105,1000,235600,-1
34983.845,2,548658,100,233200,1
34986.932,1,650914,100,234600,-1
34986.988,1,650966,1000,234600,-1
34988.564,2,647677,990,234600,-1
34994.195,1,656152,100,234600,-1
34994.694,1,656439,100,234400,-1
34995.698,4,656439,100,234400,-1
34997.426,1,658421,84,234600,-1
34997.864,2,647075,1000,234210,1
35001.896,1,661321,400,234210,1
35001.973,2,661321,400,234210,1
35003.648,2,650966,1000,234600,-1
35003.869,1,662731,700,234210,1
35007.301,2,662731,700,234210,1
35007.36,5,655695,100,234320,1
35007.868,1,665701,1000,234210,1
35011.501,5,657134,200,234580,-1
35011.501,5,657135,200,234590,-1
35011.501,5,663452,100,234590,-1
35012.253,1,668771,1000,234600,-1
35013.047,1,669321,100,233200,1
35015.825,2,658421,84,234600,-1
35015.991,1,671452,84,234400,-1
35016.261,2,665701,1000,234210,1
35017.837,2,669321,100,233200,1
35017.866,1,672872,600,234210,1
35018.85,4,671452,84,234400,-1
35026.668,1,679908,400,234500,1
35026.954,5,679662,100,234540,1
35027.743,5,679662,100,234540,1
35029.487,1,682039,5000,234600,-1
35030.189,5,679662,300,234540,1
35030.189,4,679908,100,234500,1
35030.313,4,679908,300,234500,1
35032.969,1,684706,100,233200,1
35034.28,4,650914,100,234600,-1
35034.28,4,656152,100,234600,-1
35034.28,4,668771,400,234600,-1
35035.468,1,687218,400,233200,1
35035.672,2,684706,100,233200,1
35039.461,1,691337,990,234300,1
35041.207,2,672872,600,234210,1
35041.99,5,691579,200,234530,1
35044.088,1,696060,66,233400,1
35045.472,2,696060,66,233400,1
35047.315,4,668771,200,234600,-1
35047.569,4,668771,66,234600,-1
35056.449,2,169361,500,228000,1
35062.459,4,668771,334,234600,-1
35062.459,4,682039,666,234600,-1
35064.243,1,710969,100,234500,-1
35078.008,4,710969,100,234500,-1
35079.587,5,655695,332,234320,1
35079.587,5,719965,168,234320,1
35080.433,5,719965,32,234320,1
35080.433,5,719966,200,234310,1
35080.433,4,691337,268,234300,1
35088.733,1,726631,2900,234400,1
35100.485,1,735948,300,235500,-1
35102.956,1,738305,222,233200,1
35103.992,5,727496,100,234540,1
35104.212,1,739482,37,233400,1
35104.397,4,682039,1000,234600,-1
35105.614,4,682039,1100,234600,-1
35106.002,2,691337,722,234300,1
35106.249,4,682039,990,234600,-1
35106.346,4,682039,1244,234600,-1
35106.377,1,741727,500,235500,-1
35106.864,2,739482,37,233400,1
35110.753,1,745186,56,234700,1
35111.582,1,745759,37,233400,1
35112.569,2,745759,37,233400,1
35114.921,4,745186,56,234700,1
35114.921,5,747529,44,234610,1
35115.327,1,748180,990,235000,-1
35115.356,2,741727,500,235500,-1
35115.365,1,748209,500,235000,-1
35116.351,1,748912,100,234600,-1
35116.648,4,748912,100,234600,-1
35116.665,2,748209,500,235000,-1
35117.251,1,749549,100,234700,-1
35119.111,1,750641,100,234800,-1
35125.606,1,755202,500,234600,-1
35126.356,2,738305,222,233200,1
35126.399,4,726631,2900,234400,1
35126.57,1,755780,3000,233340,1
35127.741,2,687218,400,233200,1
35128.947,2,755780,3000,233340,1
35148.643,1,769003,100,233200,1
35158.266,1,774269,100,234600,-1
35159.546,5,650921,100,234260,1
35161.337,2,769003,100,233200,1
35165.524,2,142422,500,225000,1
35166.051,1,778483,500,230000,1
35168.797,1,780018,490,234300,1
35175.138,1,784003,1000,225000,1
35176.582,1,784726,100,234500,1
35179.617,1,786610,1200,233200,1
35180.279,1,786963,1000,225000,1
35185.486,2,786610,1200,233200,1
35185.643,1,789685,500,233200,1
35189.075,1,791739,1200,233200,1
35190.553,2,784726,100,234500,1
35193.017,2,789685,500,233200,1
35194.693,1,796377,1000,234500,1
35195.535,1,797085,100,234400,1
35196.02,2,797085,100,234400,1
35198.757,2,791739,1200,233200,1
35202.462,1,802493,1200,233200,1
35203.29,4,755202,500,234600,-1
35203.29,4,774269,100,234600,-1
35206.519,4,749549,100,234700,-1
35209.064,5,807367,500,234600,-1
35209.064,1,807670,1000,234600,1
35217.433,5,808674,35,234640,1
35219.238,1,813471,500,233210,1
35220.134,1,813962,600,234600,1
35220.211,1,813992,100,225000,1
35220.261,5,808674,100,234640,1
35220.659,2,813962,600,234600,1
35224.175,5,808674,100,234640,1
35231.904,5,808674,265,234640,1
35231.904,4,807670,735,234600,1
35232.788,2,807670,265,234600,1
35243.704,2,780018,490,234300,1
35243.78,2,748180,990,235000,-1
35245.037,2,813471,500,233210,1
35245.948,1,830525,100,234800,-1
35246.422,2,830525,100,234800,-1
35248.027,1,831592,100,234900,-1
35248.323,2,831592,100,234900,-1
35248.663,1,831953,600,234600,-1
35256.516,4,831953,200,234600,-1
35259.608,4,831953,400,234600,-1
35260.037,1,840222,400,234600,1
35261.036,2,840222,400,234600,1
35271.491,1,847891,300,234800,-1
35277.431,5,849156,100,234700,-1
35277.431,5,845894,250,234780,-1
35283.413,5,852588,100,234620,1
35285.875,5,853469,35,234700,-1
35285.875,5,847901,200,234780,-1
35285.875,5,847905,165,234790,-1
35286.08,5,847905,35,234790,-1
35286.08,4,750641,100,234800,-1
35286.08,4,847891,65,234800,-1
35292.807,4,847891,200,234800,-1
35292.837,1,860728,500,235500,-1
35293.441,1,861110,200,236300,-1
35293.443,1,861111,200,233900,1
35294.748,2,847891,35,234800,-1
35296.491,2,860728,500,235500,-1
35297.009,2,647145,3000,235600,-1
35298.754,1,865879,100,235100,-1
35299.193,2,865879,100,235100,-1
35300.496,1,867185,100,235000,-1
35300.668,2,867185,100,235000,-1
35301.007,1,867702,300,234600,1
35301.58,1,868137,1000,234720,1
35301.911,1,868394,100,235000,-1
35302.349,2,868394,100,235000,-1
35302.592,2,796377,1000,234500,1
35304.164,1,870406,100,235300,-1
35304.686,2,870406,100,235300,-1
35309.485,1,876063,87,233400,1
35310.963,2,876063,87,233400,1
35312.111,5,871041,500,234830,1
35312.111,5,871166,200,234830,1
35312.418,1,879188,23,233400,1
35313.283,2,879188,23,233400,1
35313.329,5,869112,87,235180,-1
35313.404,5,869112,23,235180,-1
35314.27,5,880175,87,234840,1
35314.27,5,871166,13,234830,1
35316.56,1,883507,100,235200,-1
35320.793,1,887572,2000,235000,-1
35320.988,5,883579,200,234740,1
35323.222,1,889915,3000,233340,1
35327.688,5,887585,682,234950,-1
35327.688,5,887847,200,234980,-1
35327.688,4,887572,1118,235000,-1
35327.713,4,887572,882,235000,-1
35327.742,1,894439,500,235200,-1
35329.354,2,894439,500,235200,-1
35330.225,5,895568,500,235090,-1
35330.225,5,887638,100,235190,-1
35330.294,2,452190,1300,222800,1
35330.928,1,896684,1000,234600,1
35331.821,1,897298,300,233500,1
35333.981,1,898954,100,234800,1
35336.606,2,883507,100,235200,-1
35338.508,1,901605,100,235300,-1
35338.722,5,901027,100,235200,-1
35339.012,2,901605,100,235300,-1
35342.288,1,904242,1000,234800,1
35343.432,5,898922,100,235010,1
35345.293,1,906923,32,233400,1
35346.349,2,906923,32,233400,1
35346.449,1,908117,32,233400,1
35347.488,2,908117,32,233400,1
35347.74,1,909432,32,233400,1
35348.683,2,909432,32,233400,1
35348.854,1,910572,32,233400,1
35349.714,1,911494,800,234600,1
35350.521,1,912220,21,233400,1
35350.665,2,910572,32,233400,1
35354.311,2,912220,21,233400,1
35354.514,2,868137,1000,234720,1
35355.216,1,915867,32,233400,1
35355.919,5,913347,50,235450,-1
35355.919,5,916357,150,235490,-1
35356.435,5,916357,121,235490,-1
35356.435,4,735948,300,235500,-1
35356.435,1,916725,79,235500,1
35356.46,1,916738,3000,236000,-1
35356.801,1,917003,100,234900,1
35357.192,4,916725,79,235500,1
35357.281,1,917370,63,233400,1
35358.048,1,918080,500,234900,1
35358.653,2,915867,32,233400,1
35359.342,2,917370,63,233400,1
35359.527,1,919666,100,235700,-1
35360.194,4,919666,100,235700,-1
35360.582,2,917003,100,234900,1
35361.794,1,921715,63,233400,1
35362.146,2,921715,63,233400,1
35363.365,1,923243,100,235800,-1
35363.702,5,923535,100,235790,-1
35363.932,2,861110,200,236300,-1
35363.937,1,923781,300,236900,-1
35364.005,5,923535,100,235790,-1
35364.703,2,923243,100,235800,-1
35364.704,2,898954,100,234800,1
35364.869,1,924590,3000,235000,1
35364.909,2,918080,500,234900,1
35364.918,1,924646,500,235000,1
35365.321,2,916738,3000,236000,-1
35365.329,2,924646,500,235000,1
35365.646,2,802493,1200,233200,1
35366.506,5,925435,300,235990,-1
35366.506,4,359488,200,236000,-1
35367.249,2,924590,3000,235000,1
35367.679,2,861111,200,233900,1
35367.711,1,926931,200,234700,1
35369.2,2,897298,300,233500,1
35370.215,5,926230,300,235990,-1
35370.215,4,359488,800,236000,-1
35370.215,1,929411,900,236000,1
35370.244,1,929434,3000,236900,-1
35370.63,5,929432,113,236050,1
35370.802,5,929432,87,236050,1
35370.802,5,929433,200,236040,1
35370.802,4,929411,196,236000,1
35371.359,2,778483,500,230000,1
35371.795,2,926931,200,234700,1
35371.807,1,930743,200,234600,1
35371.949,1,930859,500,233000,1
35372.312,2,904242,1000,234800,1
35372.541,4,929411,100,236000,1
35372.8,2,930743,200,234600,1
35372.811,4,929411,604,236000,1
35372.811,1,931592,200,236000,-1
35372.837,1,931617,200,234500,1
35372.868,1,931643,700,236000,-1
35373.091,1,931855,300,234800,1
35373.24,5,931677,300,235660,1
35373.863,5,924899,200,235450,1
35373.897,5,924899,250,235450,1
35373.897,5,932438,50,235410,1
35373.932,5,932438,150,235410,1
35373.932,4,931855,50,234800,1
35374.36,1,932916,1200,233200,1
35374.454,1,932995,1000,235500,1
35374.984,5,931637,200,235950,-1
35374.984,5,932515,200,235950,-1
35374.984,5,932529,250,235950,-1
35374.984,5,932543,350,235950,-1
35375.002,5,932543,150,235950,-1
35375.002,5,931641,30,235960,-1
35375.05,2,929434,3000,236900,-1
35375.069,1,933531,3000,236000,-1
35375.095,5,933498,500,235950,-1
35375.095,5,931641,170,235960,-1
35375.095,5,932450,300,235990,-1
35375.095,4,931592,200,236000,-1
35375.095,4,931643,700,236000,-1
35375.095,4,933531,2030,236000,-1
35375.71,5,933970,100,235900,-1
35375.71,4,933531,900,236000,-1
35375.747,4,933531,70,236000,-1
35375.788,1,934105,3000,236900,-1
35376.966,1,935062,200,236100,-1
35377.997,2,867702,300,234600,1
35378.194,1,936108,100,233200,1
35378.265,2,932916,1200,233200,1
35378.513,1,936407,96,236000,-1
35378.724,2,911494,800,234600,1
35379.196,1,936970,100,236100,-1
35382.257,1,939448,834,236000,-1
35382.985,2,936407,96,236000,-1
35384.331,2,934105,3000,236900,-1
35384.359,1,940865,3000,236000,-1
35385.425,2,935062,200,236100,-1
35385.549,1,941717,700,233200,1
35386.539,1,942754,200,236000,-1
35386.836,5,933460,200,235550,1
35386.836,5,933853,60,235550,1
35387.483,1,943662,500,235900,-1
35387.594,5,943708,200,235880,-1
35387.606,4,943662,200,235900,-1
35387.681,2,923781,300,236900,-1
35387.687,1,943866,300,237600,-1
35387.767,2,940865,3000,236000,-1
35388.16,2,941717,700,233200,1
35388.183,1,944332,100,239900,-1
35388.344,4,943662,300,235900,-1
35388.344,5,940612,200,235900,-1
35388.379,5,940612,500,235900,-1
35388.561,2,942754,200,236000,-1
35388.849,5,940612,300,235900,-1
35388.849,5,942929,100,235900,-1
35388.849,5,944677,60,235950,-1
35388.849,4,939448,340,236000,-1
35388.956,2,936970,100,236100,-1
35389.243,1,945318,700,233200,1
35390.945,2,401882,600,234200,1
35390.998,1,946896,1000,222900,1
35391.861,1,947898,14,233400,1
35392.661,1,948746,1000,236500,-1
35392.886,1,948999,200,236000,-1
35393.265,2,948999,200,236000,-1
35394.227,2,945318,700,233200,1
35394.426,1,950474,600,233200,1
35394.704,2,947898,14,233400,1
35394.977,1,951054,200,236000,-1
35395.106,1,951145,500,236400,-1
35395.559,1,951538,44,233400,1
35395.83,1,951865,1100,233200,1
35396.308,1,952329,300,233200,1
35397.673,2,939448,494,236000,-1
35397.936,2,951054,200,236000,-1
35397.956,1,953822,500,236400,-1
35400.029,2,951538,44,233400,1
35401.23,1,957063,100,236300,-1
35401.264,2,953822,500,236400,-1
35401.274,1,957093,500,236300,-1
35401.774,2,957063,100,236300,-1
35402.358,1,958133,14,233400,1
35402.653,2,950474,600,233200,1
35403.408,1,959190,100,236200,-1
35403.429,2,957093,500,236300,-1
35403.437,1,959215,500,236200,-1
35404.153,5,959761,100,235650,1
35404.158,1,959892,1000,235600,1
35404.651,2,959190,100,236200,-1
35406.889,5,948118,15,235900,-1
35407.669,2,958133,14,233400,1
35408.352,2,952329,300,233200,1
35408.819,2,936108,100,233200,1
35409.193,1,965131,100,236100,-1
35409.256,1,965212,200,236000,-1
35410.163,1,966039,80,233400,1
35412.712,2,966039,80,233400,1
35413.639,1,968707,44,233400,1
35413.883,2,951865,1100,233200,1
35414.42,2,959892,1000,235600,1
35414.682,2,968707,44,233400,1
35417.699,1,971785,2000,233000,1
35417.884,1,971912,800,235600,1
35421.992,1,974704,200,233200,1
35422.507,5,968303,200,235800,1
35422.507,5,973738,500,235800,1
35423.17,2,959215,500,236200,-1
35425.805,2,974704,200,233200,1
35430.724,1,980539,1200,233200,1
35431.897,1,981283,200,235800,-1
35431.903,1,981291,600,235800,-1
35433.089,4,981283,200,235800,-1
35434.247,2,965131,100,236100,-1
35435.253,2,981291,600,235800,-1
35435.258,1,983048,600,235800,-1
35435.417,2,980539,1200,233200,1
35435.772,2,983048,600,235800,-1
35435.778,1,983335,600,235800,-1
35437.257,1,984038,700,233200,1
35437.612,2,983335,600,235800,-1
35437.617,1,984231,600,235700,-1
35437.832,1,984345,2000,233500,1
35438.235,4,984231,200,235700,-1
35438.239,4,984231,200,235700,-1
35438.498,2,984231,200,235700,-1
35438.505,1,984763,200,235900,-1
35438.548,2,932995,1000,235500,1
35438.558,2,889915,3000,233340,1
35438.566,1,984806,3000,235500,1
35438.647,1,984864,600,235700,-1
35438.664,4,984864,100,235700,-1
35438.666,4,984864,100,235700,-1
35438.669,4,984864,100,235700,-1
35438.671,4,984864,100,235700,-1
35438.695,5,984900,100,235670,-1
35438.697,5,984900,100,235670,-1
35438.7,4,984864,100,235700,-1
35438.701,2,984763,200,235900,-1
35438.702,4,984864,100,235700,-1
35438.705,1,984922,200,235800,-1
35438.82,5,984944,100,235770,-1
35439.08,5,984944,100,235770,-1
35439.081,2,984038,700,233200,1
35439.24,4,984922,200,235800,-1
35439.434,1,985407,250,233200,1
35439.456,5,985400,85,235810,1
35439.47,1,985433,400,235800,1
35439.507,1,985464,200,235900,-1
35439.722,4,985464,200,235900,-1
35440.082,1,985804,149,235900,-1
35440.695,4,985804,149,235900,-1
35440.729,1,986157,100,235800,1
35440.751,4,965212,200,236000,-1
35440.752,1,986172,70,235890,1
35440.789,1,986197,300,236400,-1
35440.863,1,986238,1000,236390,-1
35440.889,2,986197,300,236400,-1
35441.897,1,986805,200,236000,-1
35442.275,4,986805,200,236000,-1
35443.315,2,985433,400,235800,1
35443.509,1,987747,69,236000,-1
35443.751,2,986172,70,235890,1
35443.838,4,987747,69,236000,-1
35443.908,1,987983,400,235900,1
35444.313,2,986238,1000,236390,-1
35445.366,1,988810,1000,235800,1
35445.525,1,988903,5000,235600,1
35445.94,1,989122,400,236290,1
35446.228,2,971912,800,235600,1
35447.13,2,987983,400,235900,1
35447.986,4,989122,400,236290,1
35448.477,1,990870,500,235900,1
35448.908,1,991169,1000,236290,-1
35449.179,2,984345,2000,233500,1
35449.341,1,991414,300,236280,-1
35449.748,1,991729,100,236200,1
35450.365,4,991414,300,236280,-1
35450.365,4,991169,600,236290,-1
35450.651,2,991729,100,236200,1
35450.923,2,990870,500,235900,1
35450.999,4,991169,100,236290,-1
35451.122,1,992868,800,236600,-1
35451.265,2,988810,1000,235800,1
35452.866,1,994410,500,235810,1
35453.843,1,995044,1000,236200,1
35455.376,2,994410,500,235810,1
35457.364,2,984806,3000,235500,1
35457.373,1,997480,3000,236000,1
35458.327,4,995044,1000,236200,1
35459.141,5,998104,54,236050,1
35459.487,1,998841,1000,236200,-1
35459.88,2,986157,100,235800,1
35461.569,4,997480,1000,236000,1
35461.676,4,997480,100,236000,1
35461.9,2,998841,1000,236200,-1
35462.894,5,1000643,200,236020,1
35463.118,1,1001446,1000,236100,-1
35465.197,2,951145,500,236400,-1
35465.431,2,896684,1000,234600,1
35465.527,2,992868,800,236600,-1
35465.531,1,1003393,600,236300,-1
35466.795,4,997480,100,236000,1
35466.884,4,997480,100,236000,1
35467.352,4,997480,1000,236000,1
35467.989,4,997480,100,236000,1
35468.092,1,1005417,100,235800,1
35468.21,1,1005544,200,239000,-1
35468.254,4,997480,600,236000,1
35468.812,2,1005417,100,235800,1
35468.853,1,1006142,3000,235600,1
35468.868,1,1006161,100,236000,-1
35469.007,2,1001446,1000,236100,-1
35469.952,2,1006161,100,236000,-1
35470.073,2,1006142,3000,235600,1
35470.865,1,1008167,1000,236280,-1
35470.977,5,1007407,200,235900,-1
35470.977,5,1007125,150,235950,-1
35470.977,5,1007736,200,235980,-1
35470.977,5,1007540,200,235990,-1
35472.011,2,1008167,1000,236280,-1
35472.867,1,1010192,1000,236280,-1
35474.065,1,1011017,500,236300,-1
35476.119,5,1011067,10,235820,1
35479.331,1,1014541,500,236000,-1
35479.375,2,1010192,1000,236280,-1
35479.86,1,1015040,1000,235720,1
35483.861,2,988903,5000,235600,1
35484.993,1,1019605,100,235900,1
35485.456,4,1014541,500,236000,-1
35485.475,2,1011017,500,236300,-1
35487.237,2,1015040,1000,235720,1
35489.693,1,1023162,990,236000,1
35490.804,2,1003393,600,236300,-1
35491.448,5,1023932,100,236100,-1
35493.189,5,1019905,100,236270,-1
35495.234,2,1019605,100,235900,1
35495.242,1,1027978,100,236200,1
35495.299,4,991169,300,236290,-1
35497.832,1,1029765,800,236800,-1
35498.455,2,1023162,990,236000,1
35499.704,1,1030986,500,236310,1
35499.786,5,1030928,990,236470,-1
35499.978,5,1030928,10,236470,-1
35499.978,5,1028034,100,236480,-1
35499.978,4,948746,880,236500,-1
35499.979,5,1030804,100,236410,1
35500.114,2,1029765,800,236800,-1
35500.385,4,948746,120,236500,-1
35500.415,1,1031566,300,237500,-1
35500.865,1,1031949,1000,237490,-1
35500.886,2,1030986,500,236310,1
35500.906,1,1032001,500,236200,1
35501.123,2,1031566,300,237500,-1
35501.436,1,1032531,900,237000,-1
35501.474,2,1031949,1000,237490,-1
35501.505,1,1032594,1000,236210,1
35501.532,1,1032620,1000,236990,-1
35501.643,2,1032594,1000,236210,1
35502.03,2,1032531,900,237000,-1
35502.2,2,1027978,100,236200,1
35502.207,1,1033205,100,236500,1
35502.254,2,1033205,100,236500,1
35502.419,1,1033365,100,236500,1
35502.657,2,1032620,1000,236990,-1
35502.881,1,1033740,1000,237490,-1
35503.205,1,1034008,990,236600,1
35504.361,1,1035092,100,237000,-1
35506.314,2,1035092,100,237000,-1
35506.54,2,943866,300,237600,-1
35506.546,1,1036878,300,238200,-1
35506.825,1,1037059,800,237200,-1
35506.862,2,1033740,1000,237490,-1
35508.08,1,1037889,100,237000,-1
35508.475,2,1037889,100,237000,-1
35508.865,1,1038474,1000,237190,-1
35508.958,1,1038565,700,236600,1
35508.969,1,1038570,700,236700,1
35509.454,2,1034008,990,236600,1
35509.681,1,1039199,100,236900,-1
35510.42,5,1039365,200,236770,-1
35510.422,2,1039199,100,236900,-1
35510.444,5,1038621,200,236720,1
35510.444,5,1038624,200,236710,1
35510.444,4,1038570,300,236700,1
35510.466,2,1032001,500,236200,1
35510.636,5,1039365,100,236770,-1
35511.849,4,1038570,100,236700,1
35512.391,4,1038570,300,236700,1
35512.472,4,1038565,500,236600,1
35513.679,1,1042586,300,239300,-1
35513.695,2,1038565,200,236600,1
35515.138,1,1043720,500,237200,-1
35516.599,1,1044745,500,238000,-1
35518.359,1,1046001,1000,236710,-1
35521.259,1,1048641,600,236900,-1
35521.298,2,1037059,800,237200,-1
35521.364,2,1046001,1000,236710,-1
35521.423,2,985407,250,233200,1
35522.054,5,1042967,250,236790,-1
35523.184,1,1050692,51,236800,-1
35524.166,1,1051621,500,236800,-1
35527.929,5,1042643,58,236550,1
35528.687,2,1043720,500,237200,-1
35528.695,1,1055930,500,236800,-1
35529.129,4,1033365,100,236500,1
35529.156,1,1056313,3700,234800,1
35529.291,1,1056416,100,236700,-1
35529.373,2,1055930,500,236800,-1
35529.382,1,1056511,500,236700,-1
35530.962,2,1038474,1000,237190,-1
35530.987,1,1058242,1000,235400,1
35531.046,2,1056313,3700,234800,1
35531.064,1,1058322,3000,235400,1
35531.091,1,1058352,1000,236690,-1
35531.124,2,1058352,1000,236690,-1
35531.759,2,1056511,500,236700,-1
35533.862,2,1048641,600,236900,-1
35533.864,1,1060826,600,236600,-1
35533.971,1,1060875,1000,236120,1
35534.007,2,1058322,3000,235400,1
35534.023,1,1060923,3000,236100,1
35534.873,1,1061530,1000,236590,-1
35535.142,1,1061795,990,236200,1
35535.557,1,1062172,100,236200,1
35535.769,2,1062172,100,236200,1
35535.777,1,1062416,100,236300,1
35536.046,2,1061530,1000,236590,-1
35536.211,2,1060923,3000,236100,1
35536.294,2,1060826,600,236600,-1
35536.863,1,1063460,1000,236690,-1
35537.532,2,1063460,1000,236690,-1
35538.031,2,1061795,990,236200,1
35539.11,1,1065460,990,236500,1
35540.326,1,1066320,1,77700,1
35540.945,4,1056416,100,236700,-1
35541.402,1,1067178,900,237000,-1
35542.067,2,1065460,990,236500,1
35542.327,2,1067178,900,237000,-1
35543.097,1,1068508,700,237100,-1
35543.862,1,1069073,100,236510,1
35544.748,2,1051621,500,236800,-1
35545.543,2,1069073,100,236510,1
35546.193,1,1070525,100,236900,-1
35546.855,1,1070874,100,236510,1
35546.936,2,1070525,100,236900,-1
35547.62,2,1050692,51,236800,-1
35547.753,1,1071367,100,236400,1
35548.542,1,1071703,100,236900,-1
35549.364,2,1071703,100,236900,-1
35549.599,2,1070874,100,236510,1
35550.861,1,1072821,1000,237090,-1
35551.784,1,1073281,400,236700,-1
35554.811,5,1073294,200,236680,-1
35554.811,5,1073299,200,236690,-1
35554.811,4,1073281,400,236700,-1
35555.187,2,1058242,1000,235400,1
35555.781,2,1062416,100,236300,1
35555.875,2,1072821,1000,237090,-1
35555.928,1,1075949,500,236400,1
35556.136,2,1075949,500,236400,1
35556.203,2,1068508,700,237100,-1
35556.893,1,1076493,1000,237490,-1
35557.113,1,1076609,900,237200,-1
35557.155,2,1076493,1000,237490,-1
35557.185,1,1076637,500,236410,1
35557.213,1,1076659,1000,237190,-1
35557.892,2,225039,1000,233400,1
35558.096,1,1077195,200,236800,1
35558.331,1,1077360,600,236000,1
35558.41,1,1077416,100,236800,1
35558.624,2,1077195,200,236800,1
35558.772,5,1077222,200,236820,1
35558.772,5,1077227,200,236810,1
35558.772,4,1077416,100,236800,1
35559.121,2,1060875,1000,236120,1
35559.974,2,1076637,500,236410,1
35561.808,1,1079775,500,237200,-1
35562.692,2,1071367,100,236400,1
35562.77,1,1080765,2500,236000,1
35562.91,1,1080901,103,236800,-1
35563.843,2,1076659,1000,237190,-1
35563.874,1,1081609,200,236010,1
35563.879,2,1079775,500,237200,-1
35563.977,2,1081609,200,236010,1
35565.871,1,1083105,200,236010,1
35566.001,2,1076609,900,237200,-1
35566.042,1,1083227,900,236900,-1
35566.202,2,1083105,200,236010,1
35567.656,5,1083898,100,236490,-1
35567.656,5,1083570,990,236690,-1
35567.656,5,1083815,300,236690,-1
35567.656,5,1080903,100,236700,-1
35567.656,1,1084265,1510,236700,1
35567.665,4,1084265,500,236700,1
35567.675,4,1084265,500,236700,1
35567.861,1,1084373,1000,236790,-1
35567.909,2,1036878,300,238200,-1
35567.911,2,931617,200,234500,1
35567.927,1,1084405,100,236400,1
35568.733,4,1084265,510,236700,1
35569.147,2,1084373,1000,236790,-1
35569.307,2,1083227,900,236900,-1
35570.13,1,1085641,900,237000,-1
35570.993,1,1086234,100,236600,-1
35571.397,2,140240,2500,226500,1
35573.869,2,1086234,100,236600,-1
35574.729,1,1089147,1000,236520,1
35575.257,5,1089243,400,236550,1
35576.222,5,1089243,200,236550,1
35576.225,5,1089243,368,236550,1
35576.841,2,1089147,1000,236520,1
35578.155,2,1085641,900,237000,-1
35578.33,1,1092228,900,237000,-1
35580.597,1,1094212,200,236800,-1
35583.204,1,1096274,220,236600,-1
35583.513,2,1084405,100,236400,1
35583.864,1,1096923,1000,236010,1
35584.928,2,1094212,200,236800,-1
35584.957,1,1097767,100,236800,-1
35585.244,5,1096591,200,236550,-1
35585.244,5,1096595,100,236560,-1
35585.952,2,1096923,1000,236010,1
35587.371,2,1080901,103,236800,-1
35587.708,1,1099858,500,236100,1
35587.866,1,1099955,900,236110,1
35588.174,2,1099955,900,236110,1
35588.296,2,1099858,500,236100,1
35589.863,1,1101478,1000,236010,1
35590.217,2,1101478,1000,236010,1
35591.863,1,1102639,500,236010,1
35592.861,2,1102639,500,236010,1
35594.041,1,1103836,1000,236700,-1
35594.054,1,1103844,800,236010,1
35596.711,1,1105402,1000,240000,-1
35600.424,2,407065,400,229000,1
35602.502,1,1108208,400,230000,1
35603.217,2,1097767,100,236800,-1
35605.061,2,1103844,800,236010,1
35605.89,1,1110281,300,236010,1
35607.482,2,1096274,220,236600,-1
35609.788,1,1113173,65,236300,-1
35610.742,1,1113914,1200,236500,-1
35611.9,2,1110281,300,236010,1
35611.942,4,1113173,65,236300,-1
35611.942,1,1114961,925,236300,1
35612.075,2,930859,500,233000,1
35612.36,4,1113914,300,236500,-1
35612.496,1,1115500,500,230000,1
35612.638,1,1115636,600,236700,-1
35612.66,2,1092228,900,237000,-1
35613.189,5,1115696,280,236470,-1
35613.189,5,1115644,100,236490,-1
35613.189,4,1113914,620,236500,-1
35613.998,2,1114961,925,236300,1
35615.538,1,1117620,990,236100,1
35615.835,1,1117835,1000,236120,1
35615.889,1,1117880,400,236110,1
35616.78,2,1117880,400,236110,1
35617.822,5,1117967,47,236220,1
35618.868,2,1117620,990,236100,1
35620.404,1,1121046,1000,236220,1
35622.16,1,1122571,88,237000,-1
35622.493,1,1122918,1000,236700,-1
35623.061,2,931855,250,234800,1
35623.647,1,1123956,29,236400,-1
35623.825,4,1123956,29,236400,-1
35623.825,1,1124136,971,236400,1
35624.664,4,1124136,100,236400,1
35626.512,2,1066320,1,77700,1
35627.385,2,1124136,871,236400,1
35628.191,4,1113914,200,236500,-1
35629.194,2,1117835,1000,236120,1
35629.22,2,1121046,1000,236220,1
35629.246,1,1127293,500,236100,1
35629.866,1,1127595,1000,236110,1
35630.251,2,1077360,600,236000,1
35630.258,1,1127764,600,235000,1
35630.621,4,1113914,80,236500,-1
35630.621,1,1127958,320,236500,1
35631.186,2,1127958,320,236500,1
35631.75,2,1115636,600,236700,-1
35632.265,1,1128835,500,236800,-1
35632.316,1,1128868,400,236500,1
35633.532,4,1128868,36,236500,1
35637.764,2,1128868,364,236500,1
35638.302,1,1134227,400,236500,1
35638.805,2,1134227,400,236500,1
35639.356,1,1135021,400,236500,1
35639.561,4,1135021,400,236500,1
35639.561,5,1135031,800,236500,1
35639.561,1,1135161,1600,236500,-1
35639.607,2,1127293,500,236100,1
35639.61,4,1135161,200,236500,-1
35639.712,4,1135161,200,236500,-1
35640.043,1,1135506,200,236800,-1
35642.634,4,1135161,1000,236500,-1
35642.761,2,1128835,500,236800,-1
35644.355,4,1135161,200,236500,-1
35644.998,1,1139353,300,236500,1
35645.41,2,1127595,1000,236110,1
35645.484,1,1139573,700,236800,-1
35647.418,2,1139353,300,236500,1
35647.863,1,1141178,1000,236010,1
35657.774,1,1146975,15,236400,-1
35659.406,4,1146975,15,236400,-1
35662.561,1,1151235,300,233000,1
35662.861,2,1139573,700,236800,-1
35663.125,1,1151911,219,236600,-1
35663.785,1,1152626,700,236900,-1
35677.657,2,1108208,400,230000,1
35678.856,1,1161450,400,235900,1
35679.497,4,1151911,200,236600,-1
35679.519,1,1161925,500,236100,1
35679.576,2,1141178,1000,236010,1
35680.859,1,1163018,1000,236110,1
35683.5,2,1044745,500,238000,-1
35687.377,2,1151911,19,236600,-1
35689.994,2,1152626,700,236900,-1
35690.333,1,1168175,400,236600,1
35691.974,1,1169312,258,236700,-1
35692.124,4,1103836,1000,236700,-1
35692.124,4,1122918,500,236700,-1
35692.417,4,1122918,400,236700,-1
35692.446,4,1122918,100,236700,-1
35692.446,4,1169312,258,236700,-1
35693.025,2,1168175,400,236600,1
35693.176,4,1135506,200,236800,-1
35693.219,1,1170741,500,237500,-1
35693.342,1,1170902,1000,236700,1
35694.677,2,1161925,500,236100,1
35694.685,1,1172512,500,236700,1
35695.858,4,1122571,88,237000,-1
35695.858,1,1173675,902,237000,1
35695.907,2,1170741,500,237500,-1
35696.859,2,1173675,902,237000,1
35696.89,1,1174504,1000,237490,-1
35696.893,2,1163018,1000,236110,1
35697.12,1,1174673,1000,236710,1
35697.389,1,1174855,800,237400,-1
35697.419,2,1174504,1000,237490,-1
35697.453,1,1174892,1000,237390,-1
35697.498,2,1174673,1000,236710,1
35697.733,2,1174892,1000,237390,-1
35698.515,2,1174855,800,237400,-1
35698.518,1,1175753,700,237500,-1
35698.802,2,1175753,700,237500,-1
35698.865,1,1176035,900,236710,1
35699.133,1,1176273,1000,237700,-1
35699.302,2,1176035,900,236710,1
35700.768,2,1172512,500,236700,1
35700.861,1,1177699,1000,236710,1
35700.91,4,37676,300,237500,-1
35701.029,1,1177821,1000,237500,-1
35701.114,2,1176273,1000,237700,-1
35701.166,1,1177916,900,237800,-1
35701.293,2,1177699,1000,236710,1
35701.785,5,1178134,300,237460,-1
35702.798,5,1178134,200,237460,-1
35702.798,5,1178569,100,237470,-1
35702.863,1,1179339,1000,236710,1
35704.423,5,1179297,300,237460,-1
35705.01,5,1179297,200,237460,-1
35705.01,5,1178569,100,237470,-1
35707.382,2,1179339,1000,236710,1
35707.71,1,1183151,100,237200,1
35708.982,1,1183788,500,237400,-1
35710.728,1,1185093,300,239500,-1
35714.225,2,1183788,500,237400,-1
35717.285,2,1177821,1000,237500,-1
35717.745,4,1183151,100,237200,1
35718.864,1,1190540,600,236710,1
35720.244,2,1177916,900,237800,-1
35720.292,1,1191632,500,237500,-1
35720.862,1,1192146,1000,237490,-1
35721.528,2,1190540,600,236710,1
35722.866,1,1193365,1000,236710,1
35723.457,1,1193924,500,237200,-1
35724.336,5,1194382,100,237100,-1
35724.638,1,1194709,85,237000,1
35724.809,2,1193365,1000,236710,1
35725.835,5,1190789,85,237010,1
35726.2,1,1195508,1000,237100,-1
35727.71,4,1194709,85,237000,1
35727.71,1,1196207,1415,237000,-1
35728.201,4,1196207,1000,237000,-1
35728.407,1,1196456,300,236990,-1
35728.699,2,1196207,415,237000,-1
35728.701,2,1193924,500,237200,-1
35728.717,2,1195508,1000,237100,-1
35729.676,1,1197056,1000,236820,1
35729.83,1,1197155,2500,240000,-1
35730.121,4,1196456,300,236990,-1
35730.143,1,1197295,500,237500,-1
35730.648,1,1197512,483,236900,1
35731.499,1,1197872,1000,237020,1
35732.795,1,1198431,500,236500,1
35733.562,1,1198718,400,237000,1
35734.087,2,1198718,400,237000,1
35734.347,2,1197295,500,237500,-1
35735.258,1,1199471,114,237200,1
35735.522,2,1197056,1000,236820,1
35735.549,2,1197872,1000,237020,1
35735.907,2,1170902,1000,236700,1
35736.291,1,1199912,990,237100,1
35736.309,2,1192146,1000,237490,-1
35736.526,5,1199946,500,237240,1
35736.526,5,1199919,200,237220,1
35736.526,5,1199695,300,237210,1
35736.859,1,1200168,700,237490,-1
35737.49,1,1200562,400,237200,1
35737.848,5,1199920,100,237210,1
35738.627,1,1201363,200,237200,1
35739.014,2,1200168,700,237490,-1
35739.17,2,1201363,200,237200,1
35739.643,2,1199912,990,237100,1
35739.876,2,1197512,483,236900,1
35739.988,2,1191632,500,237500,-1
35740.03,1,1202119,800,237600,-1
35740.835,5,1201653,1000,237470,-1
35740.835,5,1201607,85,237480,-1
35740.854,1,1202520,500,235600,1
35740.977,5,1201607,115,237480,-1
35740.977,5,1201609,100,237490,-1
35740.977,4,37676,1785,237500,-1
35741.177,5,1202633,415,237470,-1
35741.193,2,1200562,400,237200,1
35741.416,2,1202119,800,237600,-1
35741.495,5,1202633,185,237470,-1
35741.495,4,37676,230,237500,-1
35741.783,1,1203036,400,237400,1
35742.324,1,1203284,100,237300,1
35742.365,2,1203036,400,237400,1
35742.794,4,37676,100,237500,-1
35742.825,1,1203496,3000,238500,-1
35743.544,1,1203825,400,237400,1
35744.097,1,1204064,700,237800,-1
35744.116,2,1203496,3000,238500,-1
35744.129,1,1204078,3000,237800,-1
35744.808,2,1204064,700,237800,-1
35744.989,1,1204630,1000,236400,1
35745.193,2,1203825,400,237400,1
35745.227,4,37676,85,237500,-1
35745.494,1,1205113,990,237500,1
35745.57,2,1197155,2500,240000,-1
35745.983,1,1205506,1000,237900,-1
35747.087,1,1206355,1500,237900,-1
35747.308,2,1199471,114,237200,1
35748.026,2,1205113,990,237500,1
35748.079,2,1204630,1000,236400,1
35748.468,4,1204078,100,237800,-1
35748.508,1,1207085,500,237300,1
35748.541,4,1204078,100,237800,-1
35748.849,2,1205506,1000,237900,-1
35748.863,1,1207277,1000,237310,1
35748.892,1,1207287,800,238000,-1
35749.333,4,1204078,2800,237800,-1
35749.333,1,1207487,4100,237800,1
35749.379,4,1207487,200,237800,1
35749.582,1,1207560,400,237600,1
35749.733,1,1207635,100,237600,1
35750.095,2,1207560,400,237600,1
35750.154,2,1207277,1000,237310,1
35750.628,2,1207287,800,238000,-1
35750.761,2,1207635,100,237600,1
35751.061,1,1208096,800,238100,-1
35751.18,4,1206355,100,237900,-1
35751.286,1,1208168,200,237800,1
35751.526,5,1207877,500,237840,1
35751.526,4,1207487,900,237800,1
35751.867,4,1206355,50,237900,-1
35751.867,2,1208168,200,237800,1
35752.688,4,1207487,2000,237800,1
35752.893,4,1207487,500,237800,1
35752.905,1,1208832,1500,237900,-1
35753.042,4,1207487,500,237800,1
35753.057,1,1208929,500,237800,-1
35753.092,2,1207085,500,237300,1
35754.909,5,1209527,500,237760,-1
35754.909,4,1208929,100,237800,-1
35756.312,1,1210238,500,236600,1
35757.244,1,1210660,1000,237800,-1
35758.054,2,1210660,1000,237800,-1
35758.414,5,1210040,200,237780,-1
35758.426,5,1210040,785,237780,-1
35759.171,1,1211367,500,237500,1
35760.35,1,1211911,1000,237800,-1
35761.238,1,1212282,1500,238000,-1
35765.143,1,1213765,3000,237800,-1
35766.298,1,1214240,400,237800,-1
35766.65,5,1211371,100,237550,1
35767.706,2,1208832,1500,237900,-1
35770.812,5,1214407,100,237750,-1
35771.244,2,1214240,400,237800,-1
35771.469,1,1217442,500,235500,1
35773.006,1,1218140,1000,237500,1
35773.367,5,1214108,454,237790,-1
35773.367,4,1208929,400,237800,-1
35773.367,4,1211911,146,237800,-1
35773.381,1,1218402,500,237800,-1
35776.205,1,1220106,100,237800,-1
35776.539,2,1203284,100,237300,1
35777.832,5,1211371,100,237550,1
35778.354,5,1215045,990,237530,1
35778.354,5,1221103,10,237530,1
35780.69,5,1221103,790,237530,1
35780.69,5,1211463,710,237510,1
35780.719,5,1222150,800,237530,1
35781.28,4,1211367,500,237500,1
35781.522,4,1218140,1000,237500,1
35782.357,2,1211911,854,237800,-1
35782.375,1,1223003,2500,237800,-1
35782.393,2,1202520,500,235600,1
35782.454,2,1208096,800,238100,-1
35782.499,1,1223080,800,237800,-1
35782.864,1,1223300,1000,236610,1
35783.653,1,1224070,1500,237600,-1
35785.426,1,1225512,500,237600,-1
35786.83,1,1226478,200,239800,-1
35787.565,1,1226946,100,237000,1
35787.623,2,1223300,1000,236610,1
35788.056,2,1220106,100,237800,-1
35788.065,1,1227286,100,237600,-1
35788.858,1,1227824,1000,238000,-1
35788.863,1,1227831,1000,237010,1
35789.045,1,1227981,500,237600,-1
35789.897,1,1228810,500,237600,-1
35790.626,2,1227286,100,237600,-1
35790.637,1,1229459,100,237500,-1
35790.95,2,1224070,1500,237600,-1
35790.952,2,1227981,500,237600,-1
35790.953,2,1228810,500,237600,-1
35790.958,1,1229722,500,237500,-1
35790.968,1,1229728,1500,237500,-1
35794.262,2,1227831,1000,237010,1
35794.287,1,1232019,500,237000,1
35794.45,2,1232019,500,237000,1
35795.025,5,1216769,100,237310,1
35795.189,5,1216769,500,237310,1
35795.193,5,1216769,1300,237310,1
35795.2,1,1232591,500,237300,-1
35795.478,2,1223080,800,237800,-1
35795.493,1,1232784,600,237500,-1
35797.416,1,1233972,900,237300,-1
35797.701,2,1233972,900,237300,-1
35798.302,2,1232784,600,237500,-1
35799.765,1,1235193,883,237100,1
35800.73,1,1235708,1000,237120,1
35801.765,2,1227824,1000,238000,-1
35802.022,5,1236354,500,237230,1
35802.253,1,1236530,900,237300,-1
35802.282,5,1236354,200,237230,1
35802.292,5,1236354,100,237230,1
35802.575,2,1236530,900,237300,-1
35802.581,1,1236698,600,237400,-1
35803.149,2,1235193,883,237100,1
35805.121,1,1237799,1000,237900,-1
35805.167,1,1237816,500,237200,-1
35805.419,5,1237832,600,237170,-1
35805.861,4,1235708,15,237120,1
35806.528,4,1235708,985,237120,1
35806.542,5,1237447,300,237110,1
35807.494,5,1238488,600,237030,1
35807.494,4,1226946,15,237000,1
35808.31,2,1237816,500,237200,-1
35808.394,1,1239293,500,237100,-1
35810.154,4,1239293,500,237100,-1
35810.154,5,1239296,2500,237100,-1
35810.83,1,1240305,1000,237100,1
35811.091,1,1240456,200,236700,1
35811.779,2,1236698,600,237400,-1
35812.984,1,1241707,700,237600,-1
35815.581,1,1243381,990,237200,1
35815.759,4,1243381,200,237200,1
35816.02,2,1226946,85,237000,1
35817.107,4,1243381,790,237200,1
35817.573,1,1244778,500,233800,1
35817.732,5,1240869,10,237290,-1
35817.732,4,1232591,490,237300,-1
35817.736,2,1232591,10,237300,-1
35817.741,1,1244862,500,237300,-1
35819.949,1,1246000,200,237800,-1
35820.078,2,1240305,1000,237100,1
35820.886,1,1246382,1000,236710,1
35823.109,5,1243914,400,237120,1
35823.109,5,1246819,100,237100,1
35823.64,2,1105402,1000,240000,-1
35823.658,2,1240456,200,236700,1
35823.782,1,1247593,2000,237500,-1
35826.222,1,1249022,1750,237000,1
35826.77,2,102209,100,239700,-1
35826.845,1,1249297,1000,237200,1
35831.221,5,1250884,200,237220,1
35831.337,2,971785,2000,233000,1
35831.543,2,1241707,700,237600,-1
35831.74,4,1244862,500,237300,-1
35831.748,1,1251372,210,237300,-1
35832.123,5,1251225,500,237230,1
35832.123,5,1250884,300,237220,1
35832.123,4,1249297,1000,237200,1
35832.123,1,1251604,200,237200,-1
35833.23,4,1251604,200,237200,-1
35835.013,2,1246382,1000,236710,1
35836.071,5,1250373,990,237120,1
35836.232,1,1254947,100,237500,-1
35837.274,1,1255547,100,237300,-1
35838.524,1,1256268,800,237600,-1
35839.065,1,1256545,3000,237500,-1
35839.299,1,1256643,100,237100,1
35839.794,4,1256643,100,237100,1
35839.794,1,1256891,900,237100,-1
35840.698,4,1256891,900,237100,-1
35842.267,5,1256405,200,237060,1
35842.317,5,1256405,700,237060,1
35842.317,4,1249022,400,237000,1
35844.007,4,1249022,1350,237000,1
35844.858,1,1259068,900,236610,1
35845.204,1,1259283,500,237100,1
35845.393,4,1259283,500,237100,1
35845.678,1,1259567,990,237100,-1
35846.709,1,1260148,10,236900,1
35846.858,2,1259068,900,236610,1
35847.023,4,1260148,10,236900,1
35847.451,1,1260473,800,236800,1
35849.535,2,1259567,990,237100,-1
35849.694,1,1261557,100,237100,-1
35850.583,1,1261907,285,236900,1
35851.326,1,1262252,1000,237700,-1
35851.727,2,1261907,285,236900,1
35852.144,2,1255547,100,237300,-1
35852.2,1,1262517,1000,237000,1
35852.987,2,1260473,800,236800,1
35853.167,4,1261557,100,237100,-1
35853.276,2,1262517,1000,237000,1
35853.972,1,1263146,600,237020,1
35857.574,1,1264943,100,237200,-1
35858.611,1,1265602,200,237200,-1
35858.827,1,1265721,1000,225000,1
35862.847,5,1263421,700,237030,1
35867.551,5,1269836,229,237100,1
35869.369,5,1269836,14,237100,1
35872.181,5,1269836,42,237100,1
35872.181,1,1274411,948,237100,-1
35872.184,2,1263146,600,237020,1
35872.888,1,1275003,800,236610,1
35873.858,1,1275881,14,236900,-1
35874.144,2,1275003,800,236610,1
35874.891,1,1276740,500,236610,1
35875.318,1,1277200,100,236720,1
35876.168,2,1210238,500,236600,1
35876.913,2,1275881,14,236900,-1
35877.058,1,1278846,14,236800,-1
35877.106,2,1276740,500,236610,1
35877.354,1,1279042,200,237000,-1
35878.838,4,1278846,14,236800,-1
35878.838,5,1278874,86,236970,-1
35879.055,2,1274411,948,237100,-1
35880.569,2,1161450,400,235900,1
35882.512,2,1237799,1000,237900,-1
35883.067,1,1283397,1000,236900,1
35883.541,4,1283397,100,236900,1
35883.867,1,1284169,1000,236910,-1
35883.869,2,1284169,1000,236910,-1
35884.276,1,1284534,1000,236910,-1
35884.278,2,1284534,1000,236910,-1
35884.314,4,1283397,114,236900,1
35884.477,1,1284695,1000,236910,-1
35884.479,2,1284695,1000,236910,-1
35884.678,1,1284920,1000,236910,-1
35884.685,2,1284920,1000,236910,-1
35884.88,1,1285100,1000,236910,-1
35884.884,2,1285100,1000,236910,-1
35885.07,2,1254947,100,237500,-1
35885.078,1,1285251,100,237000,-1
35885.081,1,1285252,1000,236910,-1
35885.084,2,1285252,1000,236910,-1
35885.282,1,1285384,1000,236910,-1
35885.284,2,1285384,1000,236910,-1
35885.471,2,1283397,786,236900,1
35885.695,1,1285768,1000,236910,-1
35885.699,2,1285768,1000,236910,-1
35885.897,1,1285935,1000,236910,-1
35885.921,2,1285935,1000,236910,-1
35886.098,1,1286127,1000,236910,-1
35886.104,2,1286127,1000,236910,-1
35886.308,1,1286361,1000,236910,-1
35886.314,2,1286361,1000,236910,-1
35886.51,1,1286491,1000,236910,-1
35886.514,2,1286491,1000,236910,-1
35886.713,1,1286692,1000,236910,-1
35886.718,2,1286692,1000,236910,-1
35886.914,1,1286879,1000,236910,-1
35886.916,2,1286879,1000,236910,-1
35887.118,1,1287017,1000,236910,-1
35887.124,2,1287017,1000,236910,-1
35887.328,1,1287166,1000,236910,-1
35887.334,2,1287166,1000,236910,-1
35887.429,5,1286751,100,236970,-1
35887.528,1,1287297,1000,236910,-1
35887.529,2,1287297,1000,236910,-1
35887.729,1,1287429,1000,236910,-1
35887.735,2,1287429,1000,236910,-1
35887.931,1,1287545,1000,236910,-1
35887.935,2,1287545,1000,236910,-1
35888.133,1,1287656,1000,236910,-1
35888.136,2,1287656,1000,236910,-1
35888.334,1,1287788,1000,236910,-1
35888.336,2,1287788,1000,236910,-1
35888.536,1,1287892,1000,236910,-1
35888.55,2,1287892,1000,236910,-1
35888.737,1,1288028,1000,236910,-1
35888.739,2,1288028,1000,236910,-1
35888.939,1,1288138,1000,236910,-1
35888.945,2,1288138,1000,236910,-1
35889.14,1,1288231,1000,236910,-1
35889.154,2,1288231,1000,236910,-1
35890.362,1,1288854,100,236800,1
35890.636,1,1289017,1000,237500,-1
35890.734,2,1185093,300,239500,-1
35893.343,2,1229459,100,237500,-1
35893.851,5,1290759,700,236970,-1
35893.851,4,1279042,200,237000,-1
35893.851,4,1285251,100,237000,-1
35894.887,1,1291841,1000,237190,-1
35895.168,2,1291841,1000,237190,-1
35895.501,2,1277200,100,236720,1
35895.519,1,1292357,400,236900,1
35895.526,2,1288854,100,236800,1
35895.592,4,1292357,400,236900,1
35896.859,1,1293429,1000,236510,1
35896.887,1,1293468,1000,237190,-1
35897.517,2,1293429,1000,236510,1
35897.684,2,1293468,1000,237190,-1
35898.175,5,1294428,65,236920,1
35898.86,1,1295521,700,236510,1
35900.137,5,1294428,435,236920,1
35900.137,5,1294471,65,236920,1
35900.793,1,1297174,300,236900,1
35902.257,1,1298290,100,236400,1
35904.548,1,1300323,100,237000,-1
35904.809,2,1295521,700,236510,1
35905.525,2,1265602,200,237200,-1
35906.618,1,1302151,500,215000,1
35907.176,5,1301789,500,236910,1
35907.176,4,1297174,300,236900,1
35908.887,1,1304046,1000,236510,1
35909.382,2,1246000,200,237800,-1
35912.018,4,1300323,100,237000,-1
35912.84,2,1304046,1000,236510,1
35913.32,1,1307079,100,234500,1
35913.4,1,1307107,500,237900,-1
35914.634,1,1307724,1000,237200,-1
35914.891,1,1307858,600,236510,1
35914.913,1,1307867,500,236600,1
35915.08,2,1307858,600,236510,1
35915.402,2,1244778,500,233800,1
35915.585,4,1264943,100,237200,-1
35915.585,4,1307724,400,237200,-1
35916.885,1,1308834,500,236610,1
35916.891,2,1307867,500,236600,1
35916.912,2,1308834,500,236610,1
35917.129,4,1307724,100,237200,-1
35918.883,1,1309836,1000,236510,1
35918.898,1,1309841,500,231800,1
35919.031,2,1309836,1000,236510,1
35920.858,1,1310664,600,236510,1
35921.277,2,1310664,600,236510,1
35922.646,1,1311651,400,237100,-1
35922.857,1,1311827,600,236510,1
35926.508,1,1313798,2000,237500,-1
35926.678,2,1256268,800,237600,-1
35930.276,5,1311870,500,237060,-1
35930.276,4,1311651,400,237100,-1
35930.276,1,1315931,100,237100,1
35931.115,2,1218402,500,237800,-1
35931.265,1,1316522,400,237100,1
35931.862,4,1307724,500,237200,-1
35932.051,2,1298290,100,236400,1
35932.148,2,1311827,600,236510,1
35933.637,4,1251372,210,237300,-1
35935.975,5,1318238,100,237150,1
35936.03,1,1320024,990,237200,1
35937.303,2,1316522,400,237100,1
35939.126,2,1315931,100,237100,1
35939.444,1,1321626,100,237300,-1
35939.722,1,1321739,100,237100,1
35940.636,4,1321626,100,237300,-1
35947.079,2,1307107,500,237900,-1
35947.895,1,1326167,500,238000,-1
35948.373,2,1262252,1000,237700,-1
35949.41,4,1229722,200,237500,-1
35949.576,2,1321739,100,237100,1
35949.583,1,1327644,100,237300,1
35949.98,1,1327972,200,236300,1
35950.207,1,1328141,100,237400,1
35950.671,1,1328470,1000,238700,-1
35953.787,4,1229722,300,237500,-1
35953.787,4,1229728,1500,237500,-1
35953.787,4,1247593,2000,237500,-1
35953.787,4,1256545,3000,237500,-1
35953.787,4,1289017,1000,237500,-1
35953.787,4,1313798,1200,237500,-1
35953.799,1,1330660,500,237500,-1
35954.308,4,1313798,800,237500,-1
35954.308,4,1330660,100,237500,-1
35954.676,4,1330660,400,237500,-1
35954.676,5,1229724,1600,237500,-1
35954.687,1,1331207,400,237500,-1
35954.847,4,1331207,400,237500,-1
35955.202,2,1328141,100,237400,1
35955.205,1,1331509,100,237500,1
35955.567,1,1331688,500,232000,1
35956.374,1,1332213,400,237500,1
35956.506,4,1225512,500,237600,-1
35956.887,1,1332474,1000,237790,-1
35957.16,2,1332474,1000,237790,-1
35957.22,5,1331805,500,237540,1
35957.558,2,1223003,2500,237800,-1
35957.565,1,1332899,800,237800,-1
35958.815,2,1331509,100,237500,1
35959.33,1,1333900,500,245000,-1
35959.796,1,1334204,100,237600,1
35959.834,5,1333926,200,237610,-1
35960.555,2,1212282,1500,238000,-1
35960.705,2,1320024,990,237200,1
35960.794,2,1332213,400,237500,1
35961.463,2,1332899,800,237800,-1
35964.401,4,1334204,100,237600,1
35965.549,5,1337245,200,237350,1
35965.549,5,1337246,200,237340,1
35965.549,4,1327644,100,237300,1
35966.858,1,1339114,400,236510,1
35968.194,1,1340043,500,237800,-1
35968.356,1,1340138,500,237700,-1
35968.391,2,1340043,500,237800,-1
35968.4,1,1340160,500,237700,-1
35968.428,1,1340177,1000,237500,-1
35970.055,1,1341253,100,237300,1
35971.696,5,1341669,100,237330,1
35972.527,2,1340177,1000,237500,-1
35972.95,5,1341669,300,237330,1
35975.26,2,1339114,400,236510,1
35978.233,2,1340160,500,237700,-1
35978.884,1,1346654,1000,237690,-1
35979.415,1,1346960,1500,238200,-1
35979.559,2,1346654,1000,237690,-1
35980.438,1,1347614,100,235000,1
35982.733,1,1348785,990,237500,1
35983.119,1,1349003,1300,237600,-1
35984.436,4,1348785,990,237500,1
35985.029,5,1349545,200,237570,-1
35985.309,2,1341253,100,237300,1
35986.888,1,1350930,900,236510,1
35988.831,2,1080765,2500,236000,1
35988.85,1,1351839,2500,236500,1
35989.386,2,1326167,500,238000,-1
35991.382,1,1352876,500,237120,1
35991.4,2,1351839,2500,236500,1
35991.416,1,1352887,2500,237100,1
35991.77,2,1352887,2500,237100,1
35993.462,1,1353918,500,237220,1
35994.813,5,1352272,200,237450,-1
35994.813,5,1352182,300,237470,-1
35995.177,5,1352830,300,237490,-1
35995.177,5,1354961,500,237500,-1
35995.789,1,1355526,990,237300,1
35996.681,5,1355851,1000,237570,-1
35996.681,5,1352881,200,237580,-1
35996.681,5,1352882,200,237590,-1
35996.681,4,1349003,1300,237600,-1
35996.715,1,1356194,70,237500,1
35996.751,2,1355526,990,237300,1
35997.552,1,1357071,200,239000,-1
35997.563,4,1340138,500,237700,-1
35999.698,2,1356194,70,237500,1
35999.844,5,1336550,70,237700,-1
36000.037,1,1359215,500,237200,1
36000.132,2,1359215,500,237200,1
36001.202,1,1360151,100,237500,1
36001.373,1,1360349,1000,237300,1
36002.865,2,1352876,500,237120,1
36002.894,2,1353918,500,237220,1
36004.175,5,1336550,100,237700,-1
36004.258,5,1336550,100,237700,-1
36005.445,2,1360151,100,237500,1
36005.511,2,1350930,900,236510,1
36006.526,2,1360349,1000,237300,1
36006.553,1,1364973,600,236500,1
36006.895,1,1365362,1000,236610,1
36006.895,1,1365363,1000,238000,-1
36006.959,2,1364973,600,236500,1
36006.983,1,1365506,600,236600,1
36009.381,5,1336550,30,237700,-1
36010.49,5,1358709,28,237790,-1
36012.243,5,1367973,470,237710,1
36012.243,5,1368079,300,237710,1
36012.243,1,1371517,230,237700,-1
36012.657,2,1371517,230,237700,-1
36013.873,1,1373702,100,241900,-1
36014.026,1,1373915,400,237700,1
36015.055,4,1213765,32,237800,-1
36015.641,2,1373915,400,237700,1
36017.426,4,1213765,100,237800,-1
36019.688,5,1379915,25,237790,-1
36021.023,5,1380662,300,237690,-1
36021.21,5,1380662,200,237690,-1
36021.21,4,1213765,500,237800,-1
36021.329,4,1213765,100,237800,-1
36021.448,4,1213765,1000,237800,-1
36023.007,2,1365506,600,236600,1
36023.024,1,1384800,3000,236600,1
36023.213,2,1365362,1000,236610,1
36023.275,1,1385201,1000,237700,-1
36023.451,5,1384541,475,237660,-1
36023.451,5,1385265,200,237670,-1
36023.451,5,1384798,225,237690,-1
36023.68,1,1385856,131,237400,-1
36024.932,1,1387142,1000,236610,1
36026.307,2,36904,800,240000,-1
36026.308,1,1388970,500,237700,-1
36026.724,5,1385134,500,237150,1
36026.724,5,1385673,300,237110,1
36027.274,5,1389522,44,237350,-1
36027.724,1,1390700,1000,237300,-1
36027.895,5,1390909,500,237290,-1
36027.895,4,1390700,500,237300,-1
36028.024,1,1391087,100,237100,-1
36028.09,4,1391087,100,237100,-1
36028.09,1,1391178,500,237120,1
36028.382,2,1390700,500,237300,-1
36028.485,5,1391236,1000,237150,1
36028.485,5,1391332,100,237150,1
36028.485,4,1391178,500,237120,1
36029.103,5,1389522,456,237350,-1
36029.103,5,1391806,1000,237370,-1
36029.103,5,1391099,44,237380,-1
36029.121,5,1391099,1600,237380,-1
36029.558,5,1391099,1400,237380,-1
36029.826,1,1393450,500,236700,1
36029.978,2,1387142,1000,236610,1
36030.172,1,1393878,1000,236710,1
36030.19,2,1384800,3000,236600,1
36030.201,5,1391099,300,237380,-1
36030.234,1,1393948,3000,236700,1
36030.44,1,1394195,990,237200,1
36031.292,2,1393878,1000,236710,1
36031.308,1,1395310,500,230000,1
36031.661,2,1388970,500,237700,-1
36031.661,2,1385201,1000,237700,-1
36031.728,1,1395828,100,237400,-1
36032.971,2,1395828,100,237400,-1
36033.223,1,1397890,200,237300,1
36033.236,4,1397890,20,237300,1
36034.452,4,1385856,131,237400,-1
36034.526,1,1399646,500,237800,-1
36035.267,2,1393450,500,236700,1
36035.712,1,1401143,100,237300,1
36035.87,1,1401327,1000,237790,-1
36036.476,2,1401143,100,237300,1
36037.27,1,1402677,500,237320,1
36037.673,2,1394195,990,237200,1
36037.885,2,1397890,180,237300,1
36037.952,2,1399646,500,237800,-1
36038.775,2,1401327,1000,237790,-1
36039.096,1,1404683,100,237400,-1
36039.801,2,1346960,1500,238200,-1
36040.167,2,1402677,500,237320,1
36040.754,2,1404683,100,237400,-1
36041.892,1,1408124,1000,236710,1
36041.897,1,1408130,1000,237790,-1
36043.042,1,1409639,22,237300,-1
36043.243,1,1409877,100,237400,-1
36043.437,1,1410108,500,237120,1
36044.089,2,1408124,1000,236710,1
36044.125,2,1409877,100,237400,-1
36045.082,5,1410139,68,237150,1
36045.423,5,1410139,200,237150,1
36045.948,1,1413043,100,237300,-1
36047.309,2,1409639,22,237300,-1
36047.483,1,1414413,22,237200,-1
36048.404,5,1410139,300,237150,1
36049.451,1,1416387,200,237200,-1
36050.774,4,1414413,22,237200,-1
36050.774,4,1416387,78,237200,-1
36051.446,1,1418594,2500,242000,-1
36051.573,2,1413043,100,237300,-1
36051.661,1,1418790,100,237200,-1
36051.865,4,1416387,122,237200,-1
36051.865,4,1418790,100,237200,-1
36053.915,2,1393948,3000,236700,1
36054.089,1,1421590,100,237200,1
36055.344,1,1423138,400,237100,1
36055.792,2,1115500,500,230000,1
36061.271,5,1421702,100,237250,1
36061.313,5,1421702,100,237250,1
36061.313,5,1422713,400,237250,1
36061.598,5,1421704,200,237240,1
36061.598,4,1421590,100,237200,1
36061.598,4,1410108,300,237120,1
36061.67,4,1410108,200,237120,1
36061.67,5,1420145,200,237110,1
36062.019,2,1423138,400,237100,1
36062.052,1,1430087,3000,236500,1
36062.651,1,1430801,200,237200,-1
36062.995,5,1429653,200,237190,-1
36063.861,1,1432108,1000,236510,1
36064.015,1,1432274,100,237200,-1
36064.918,5,1432931,300,237090,-1
36065.03,2,1432274,100,237200,-1
36066.603,1,1434591,200,237200,-1
36066.901,1,1434819,100,237200,-1
36067.17,2,1434591,200,237200,-1
36067.19,1,1434998,500,236600,1
36067.23,2,1432108,1000,236510,1
36067.264,1,1435051,500,236610,1
36067.285,2,1430087,3000,236500,1
36067.307,1,1435079,3000,236600,1
36067.326,5,1431687,200,237150,-1
36067.326,5,1431692,200,237160,-1
36067.398,2,1434998,500,236600,1
36067.937,4,1430801,200,237200,-1
36067.937,4,1434819,100,237200,-1
36067.993,5,1435543,500,237230,1
36068.153,1,1435665,100,237000,1
36068.197,2,1435051,500,236610,1
36069.634,2,1435665,100,237000,1
36069.894,1,1437262,700,236610,1
36070.3,1,1437577,500,237800,-1
36070.747,1,1437954,500,237100,1
36070.856,2,1437577,500,237800,-1
36070.888,2,1437262,700,236610,1
36072.03,5,1437619,100,237200,-1
36072.363,5,1438058,200,237150,1
36072.457,5,1438066,200,237140,1
36072.457,5,1437976,460,237130,1
36072.823,2,1437954,500,237100,1
36072.96,1,1439882,100,237200,-1
36073.61,1,1440529,600,237100,-1
36073.887,1,1440774,800,236610,1
36074.102,4,1440529,300,237100,-1
36074.445,2,1439882,100,237200,-1
36074.575,2,1440774,800,236610,1
36075.17,5,1441662,200,236710,1
36075.185,5,1441662,300,236710,1
36075.185,5,1441675,500,236710,1
36075.185,5,1435056,361,236660,1
36075.246,5,1435056,200,236660,1
36075.287,5,1441737,300,236610,1
36075.287,4,1435079,1700,236600,1
36075.318,1,1441966,100,237200,-1
36075.527,2,1435079,1300,236600,1
36075.535,1,1442125,400,236600,1
36075.711,2,1442125,400,236600,1
36075.932,2,1441966,100,237200,-1
36076.003,1,1442608,100,237100,-1
36076.64,2,1408130,1000,237790,-1
36077.939,1,1444106,2000,236500,1
36077.967,1,1444145,200,236610,1
36078.053,1,1444203,300,237100,-1
36078.789,1,1444697,100,237100,-1
36078.9,2,1444106,2000,236500,1
36079.262,2,1444697,100,237100,-1
36079.317,2,1444203,300,237100,-1
36079.32,2,1442608,100,237100,-1
36079.87,1,1445833,700,237090,-1
36080.575,1,1446367,100,237100,-1
36081.077,5,1444179,200,236640,1
36083.116,2,1444145,200,236610,1
36083.262,2,1440529,300,237100,-1
36083.819,1,1449326,300,237100,-1
36084.312,1,1449813,200,236600,1
36084.524,1,1449967,400,236700,-1
36085.036,2,1449326,300,237100,-1
36085.041,2,1445833,700,237090,-1
36085.224,4,1449967,200,236700,-1
36085.624,2,1449813,200,236600,1
36086.04,2,1446367,100,237100,-1
36086.139,1,1451020,100,236700,-1
36087.245,1,1451727,300,236700,-1
36088.01,2,1449967,200,236700,-1
36089.056,1,1452987,500,236700,-1
36089.967,5,1452991,200,236680,-1
36089.967,5,1452992,100,236690,-1
36090.127,2,1395310,500,230000,1
36090.3,1,1453633,400,236700,-1
36090.865,1,1453959,494,237200,-1
36091.434,2,1453633,400,236700,-1
36092.583,1,1455176,400,236700,-1
36094.708,2,1455176,400,236700,-1
36095.18,5,1452992,100,236690,-1
36095.18,4,1451020,100,236700,-1
36095.18,4,1451727,300,236700,-1
36095.18,4,1452987,400,236700,-1
36096.515,5,1457742,500,236690,-1
36096.515,5,1457746,500,236690,-1
36096.515,4,1452987,100,236700,-1
36097.882,1,1458975,500,237190,-1
36100.861,1,1461106,500,237200,-1
36101.269,1,1461419,1000,236800,-1
36102.759,2,1458975,500,237190,-1
36102.972,1,1462784,15,236700,-1
36105.798,1,1464926,400,236700,-1
36106.053,5,1465058,200,236670,-1
36106.053,5,1465054,200,236680,-1
36106.768,2,1461106,500,237200,-1
36106.813,5,1465655,34,236670,-1
36107.198,1,1466433,400,236800,-1
36107.421,2,1461419,1000,236800,-1
36107.423,1,1466636,900,236700,-1
36107.552,5,1450737,372,236530,1
36107.552,5,1463127,128,236530,1
36107.775,5,1466701,1000,236670,-1
36107.775,5,1465054,100,236680,-1
36109.699,1,1469012,500,237500,-1
36110.476,1,1469700,1000,236500,1
36111.147,2,1464926,400,236700,-1
36112.598,2,1462784,15,236700,-1
36112.769,1,1471549,15,236600,-1
36113.508,2,1466636,900,236700,-1
36113.511,1,1472179,900,236600,-1
36113.635,1,1472314,100,236700,-1
36114.076,2,1472314,100,236700,-1
36114.148,1,1472851,100,236600,-1
36114.561,5,1463127,500,236530,1
36115.114,2,1328470,1000,238700,-1
36116.004,1,1474421,1000,237700,-1
36116.141,2,1472851,100,236600,-1
36117.006,4,1471549,15,236600,-1
36117.006,4,1472179,900,236600,-1
36117.006,1,1475380,85,236600,1
36117.033,4,1475380,85,236600,1
36117.033,1,1475405,15,236600,-1
36117.046,4,1475405,15,236600,-1
36119.615,1,1477416,200,237800,-1
36119.697,2,1466433,400,236800,-1
36119.864,1,1477619,300,237190,-1
36121.012,2,1477619,300,237190,-1
36122.027,1,1479073,700,237190,-1
36122.056,2,1479073,700,237190,-1
36123.859,1,1480522,500,237190,-1
36127.562,5,1460218,400,236750,-1
36130.673,5,1484215,300,236890,-1
36132.352,2,1480522,500,237190,-1
36133.857,1,1487413,800,237190,-1
36135.867,5,1487681,265,236780,-1
36135.867,5,1487127,30,236790,-1
36136.888,1,1490142,500,237200,-1
36137.352,1,1490482,990,237000,-1
36137.378,2,1490142,500,237200,-1
36137.383,2,1487413,800,237190,-1
36137.385,1,1490508,500,237000,-1
36140.225,2,1490508,500,237000,-1
36140.884,1,1492816,700,236990,-1
36141.709,2,1492816,700,236990,-1
36142.885,1,1493901,1000,236990,-1
36145.574,2,1373702,100,241900,-1
36145.582,1,1495293,100,239500,-1
36149.649,5,1475502,100,236530,1
36150.639,5,1475502,100,236530,1
36151.622,5,1475502,100,236530,1
36152.165,5,1475502,100,236530,1
36152.937,5,1475502,100,236530,1
36153.651,5,1475502,100,236530,1
36153.705,5,1475502,200,236530,1
36156.238,5,1475502,161,236530,1
36156.978,1,1504350,300,236500,1
36157.701,5,1475502,24,236530,1
36157.701,5,1493919,76,236520,1
36157.886,2,1477416,200,237800,-1
36158.892,1,1506270,2550,239800,-1
36161.026,5,1506123,300,236550,1
36161.064,1,1508075,188,236700,-1
36161.274,1,1508225,1000,242000,-1
36162.853,5,1493919,124,236520,1
36162.853,5,1493920,200,236510,1
36162.853,4,1198431,500,236500,1
36162.853,4,1469700,1000,236500,1
36162.853,4,1504350,276,236500,1
36163.842,2,1504350,24,236500,1
36167.225,2,1490482,990,237000,-1
36167.539,2,1508075,188,236700,-1
36167.541,1,1513064,188,236500,-1
36167.705,4,1327972,200,236300,1
36167.738,1,1513234,2000,235500,1
36167.746,1,1513240,500,235500,1
36167.94,1,1513374,100,236160,-1
36167.963,2,1495293,100,239500,-1
36167.989,1,1513426,100,239500,-1
36168.211,2,1513064,188,236500,-1
36168.215,1,1513581,188,236700,-1
36168.493,2,1513581,188,236700,-1
36168.497,1,1513774,188,236500,-1
36168.862,1,1514084,1000,235510,1
36168.913,2,1513374,100,236160,-1
36168.949,2,1513240,500,235500,1
36169.181,2,1513774,188,236500,-1
36169.183,1,1514386,188,236400,-1
36169.344,2,1514386,188,236400,-1
36169.346,1,1514495,188,236300,-1
36170.021,1,1515050,2000,236000,-1
36170.043,2,1513234,2000,235500,1
36170.051,4,1515050,200,236000,-1
36170.089,4,1515050,1800,236000,-1
36170.089,1,1515118,200,236000,1
36170.095,4,1515118,200,236000,1
36170.097,1,1515127,100,236500,-1
36170.153,1,1515186,200,235600,1
36170.197,2,1514084,1000,235510,1
36170.373,1,1515363,1000,235610,1
36170.403,2,1515186,200,235600,1
36170.423,1,1515395,300,235700,1
36170.463,2,1515363,1000,235610,1
36170.593,1,1515536,1000,235710,1
36170.614,2,1515395,300,235700,1
36170.633,1,1515590,300,235800,1
36170.807,2,1515536,1000,235710,1
36170.842,1,1515761,1000,235810,1
36170.866,2,1515590,300,235800,1
36170.884,1,1515801,300,235900,1
36170.998,2,1515127,100,236500,-1
36171.212,2,1515761,1000,235810,1
36171.994,1,1516615,100,236500,-1
36172.163,2,1515801,300,235900,1
36172.171,1,1516749,100,235900,1
36172.232,2,1516749,100,235900,1
36172.269,1,1516844,3000,235500,1
36172.428,2,1513426,100,239500,-1
36173.89,1,1518198,1000,235510,1
36174.506,2,1516615,100,236500,-1
36174.577,1,1518848,100,236300,-1
36174.626,2,1514495,188,236300,-1
36174.628,1,1518897,188,236200,-1
36175.131,5,1519018,200,236160,-1
36175.131,5,1518917,500,236170,-1
36175.962,2,1518897,188,236200,-1
36175.966,1,1520046,188,236100,-1
36176.449,5,1520080,300,236070,-1
36176.449,4,1520046,188,236100,-1
36176.486,1,1520453,100,236000,1
36176.644,5,1520514,100,236040,1
36176.764,5,1520514,100,236040,1
36176.89,5,1520514,100,236040,1
36177.026,5,1520943,100,236040,1
36177.037,2,1518848,100,236300,-1
36177.072,1,1520992,500,237000,-1
36177.106,1,1521020,100,236200,-1
36177.162,5,1520943,100,236040,1
36177.297,5,1520486,100,236030,1
36177.425,5,1520486,100,236030,1
36177.564,5,1520486,100,236030,1
36177.702,5,1520486,100,236030,1
36177.836,5,1520486,100,236030,1
36177.956,5,1520486,100,236030,1
36177.967,2,1521020,100,236200,-1
36178.011,2,1520992,500,237000,-1
36178.052,1,1521822,100,236100,-1
36178.105,5,1520486,100,236030,1
36178.238,5,1520486,100,236030,1
36178.344,5,1521853,600,236070,-1
36178.344,4,1521822,100,236100,-1
36178.344,1,1522022,300,236100,1
36178.369,5,1522035,100,236150,1
36178.454,5,1522035,100,236150,1
36178.454,5,1522036,200,236140,1
36179.688,1,1523132,200,237800,-1
36181.272,5,1523262,600,236130,1
36181.272,4,1522022,200,236100,1
36183.631,4,1522022,100,236100,1
36184.127,1,1527067,1000,236100,-1
36184.147,1,1527102,100,236500,-1
36184.825,1,1527830,300,236100,-1
36186.752,1,1529841,500,235700,1
36187.121,2,1527830,300,236100,-1
36188.2,1,1531341,200,237300,-1
36190.625,1,1533496,100,326100,-1
36190.652,4,1520453,100,236000,1
36190.734,2,1518198,1000,235510,1
36190.894,1,1533738,1000,235710,1
36191.049,2,1533738,1000,235710,1
36193.634,2,1357071,200,239000,-1
36194.757,5,1535761,361,235950,-1
36194.757,5,1534688,500,236000,-1
36194.757,1,1536686,1139,236000,1
36194.824,4,1536686,990,236000,1
36194.993,4,1536686,149,236000,1
36198.9,1,1540840,2000,236000,-1
36199.108,5,1537752,500,235950,-1
36199.108,5,1540953,200,235980,-1
36199.108,5,1540958,200,235990,-1
36199.108,4,1540840,200,236000,-1
36199.695,1,1541530,250,227500,1
36200.606,5,1542198,500,235910,1
36200.606,5,1542200,300,235910,1
36200.641,4,1540840,100,236000,-1
36200.975,1,1542644,200,235100,1
36201.039,2,1540840,1700,236000,-1
36201.19,1,1542805,800,235600,1
36201.244,1,1542846,1000,236500,-1
36202.496,1,1544154,100,235900,1
36204.008,2,1529841,500,235700,1
36204.931,2,1226478,200,239800,-1
36206.935,2,1213765,1268,237800,-1
36207.306,4,1544154,100,235900,1
36207.325,2,1365363,1000,238000,-1
36207.394,2,1309841,500,231800,1
36207.912,1,1548803,2000,232500,1
36208.614,1,1549260,200,235500,1
36210.778,2,1542846,1000,236500,-1
36210.819,1,1550741,800,236200,-1
36211.041,2,1542805,800,235600,1
36211.043,1,1550924,900,235400,1
36212.074,5,1551749,500,236000,-1
36212.227,1,1552135,500,235600,1
36213.177,1,1553181,200,236000,-1
36213.196,2,1552135,500,235600,1
36213.525,1,1553492,10000,235800,-1
36213.705,2,1553181,200,236000,-1
36213.768,4,1553492,800,235800,-1
36214.325,4,1553492,500,235800,-1
36214.884,1,1554945,1000,235510,1
36215.922,2,1553492,8700,235800,-1
36218.012,2,1550924,900,235400,1
36218.034,2,1550741,800,236200,-1
36218.055,1,1557997,800,235700,1
36218.093,2,1554945,1000,235510,1
36218.098,1,1558029,1000,236500,-1
36218.102,1,1558030,200,236000,-1
36218.323,1,1558194,100,235900,-1
36218.607,2,1558030,200,236000,-1
36219.162,1,1558766,600,236000,-1
36219.503,4,1558194,100,235900,-1
36219.503,4,1558766,300,236000,-1
36219.579,5,1559096,68,235910,1
36219.674,4,1558766,300,236000,-1
36220.045,1,1559508,1000,235900,1
36220.2,1,1559654,400,235900,1
36220.605,2,1559508,1000,235900,1
36221.785,2,1559654,400,235900,1
36222.554,4,1527067,1000,236100,-1
36222.578,1,1561234,500,236500,-1
36222.588,2,1493901,1000,236990,-1
36223.811,1,1562136,1000,236110,-1
36223.82,2,1561234,500,236500,-1
36223.822,4,1562136,234,236110,-1
36223.855,1,1562177,700,235710,1
36224.205,1,1562472,200,236900,-1
36224.209,2,1558029,1000,236500,-1
36224.735,4,1562136,500,236110,-1
36224.805,2,1562177,700,235710,1
36225.179,1,1563375,700,235800,1
36225.858,1,1563948,1000,235810,1
36225.961,2,1562136,266,236110,-1
36226.082,1,1564153,1266,236200,-1
36227.22,4,1564153,749,236200,-1
36227.683,2,1563948,1000,235810,1
36228.357,4,1564153,517,236200,-1
36228.715,2,1533496,100,326100,-1
36228.753,2,1563375,700,235800,1
36228.865,2,1516844,3000,235500,1
36228.897,1,1566365,3000,235700,1
36228.941,2,1562472,200,236900,-1
36228.943,1,1566410,800,236500,-1
36229.886,1,1567030,1000,235710,1
36229.893,1,1567038,1000,236490,-1
36231.354,2,1567030,1000,235710,1
36231.742,1,1568524,1000,236200,-1
36231.948,1,1568657,700,235710,1
36233.636,2,74147,316,230000,1
36233.943,2,1549260,200,235500,1
36233.951,1,1570187,200,235600,1
36234.795,1,1570879,100,236100,1
36235.453,1,1571446,400,236100,1
36236.055,2,1568657,700,235710,1
36236.457,1,1572278,400,236100,1
36240.473,4,1568524,1000,236200,-1
36240.481,1,1576194,1000,236200,-1
36240.7,1,1576433,700,235800,1
36241.457,1,1577071,2000,237400,-1
36241.56,4,1576194,100,236200,-1
36242.388,4,1576194,900,236200,-1
36242.388,5,1568525,1100,236200,-1
36242.396,1,1577932,1000,236200,-1
36243.242,1,1578494,40,236200,-1
36243.559,4,1577932,1000,236200,-1
36243.559,4,1578494,40,236200,-1
36243.559,5,1568525,1860,236200,-1
36243.568,1,1578710,40,236200,-1
36245.219,2,1566410,800,236500,-1
36245.262,1,1579759,800,236800,-1
36245.268,2,1571446,400,236100,1
36245.468,1,1579895,2000,236200,-1
36245.573,4,1578710,40,236200,-1
36245.573,4,1579895,60,236200,-1
36245.629,4,1579895,100,236200,-1
36245.638,2,1572278,400,236100,1
36245.783,2,1579895,1840,236200,-1
36246.2,1,1580377,400,236200,1
36247.265,2,1570879,100,236100,1
36249.832,2,1557997,800,235700,1
36249.834,1,1583258,800,236000,1
36252.671,2,1580377,400,236200,1
36253.762,1,1586345,400,236200,1
36253.93,1,1586461,100,236200,1
36254.275,2,1586345,400,236200,1
36254.456,2,1586461,100,236200,1
36255.456,1,1587305,100,236200,1
36255.568,5,1587344,200,236220,1
36255.568,5,1587382,200,236210,1
36255.568,4,1587305,100,236200,1
36255.568,5,1583011,200,236200,1
36255.568,5,1585679,200,236050,1
36257.233,2,1583258,800,236000,1
36257.236,1,1588584,100,235700,1
36257.251,2,1566365,3000,235700,1
36257.271,1,1588615,3000,235800,1
36257.602,1,1588856,500,236500,-1
36257.884,1,1589048,1000,235810,1
36258.764,2,1588856,500,236500,-1
36267.352,2,1567038,1000,236490,-1
36267.64,1,1596562,500,235900,1
36267.679,2,1589048,1000,235810,1
36268.855,1,1597263,1000,235910,1
36269.492,1,1597561,1000,236300,-1
36270.254,5,1597573,200,236280,-1
36270.254,5,1597579,200,236290,-1
36270.254,4,1597561,600,236300,-1
36270.629,1,1598141,316,232500,1
36271.587,2,73302,500,239900,-1
36271.926,1,1598780,500,237900,-1
36272.483,1,1599073,400,236000,1
36272.501,2,1596562,500,235900,1
36272.509,1,1599079,500,236000,1
36274.436,1,1600116,300,238100,-1
36274.439,1,1600119,200,235500,1
36276.617,2,1570187,200,235600,1
36276.635,1,1601682,200,235900,1
36278.385,4,1597561,400,236300,-1
36279.244,2,1599079,500,236000,1
