34200.206,1,164183,500,179200,-1
34201.283,4,163736,25,178200,-1
34202.039,2,163736,69,178200,-1
34204.755,1,166530,1000,176800,1
34206.298,1,167555,1000,177610,1
34206.503,2,167555,1000,177610,1
34206.796,1,167883,300,178400,-1
34206.923,1,167964,1000,177610,1
34207.36,2,167964,1000,177610,1
34208.735,1,168964,700,178390,-1
34212.391,1,170570,1000,177610,1
34212.97,2,168964,700,178390,-1
34213.36,2,170570,1000,177610,1
34213.362,1,171068,700,178390,-1
34213.376,1,171072,800,177610,1
34213.89,2,171072,800,177610,1
34217.545,5,167565,169,177660,1
34217.743,5,167565,331,177660,1
34217.743,5,171303,37,177650,1
34217.819,5,171303,200,177650,1
34218.488,5,171303,148,177650,1
34218.67,5,171303,100,177650,1
34218.672,5,171303,100,177650,1
34218.776,5,171303,15,177650,1
34218.776,5,171304,85,177640,1
34218.805,5,171304,100,177640,1
34219.4,1,174598,500,177100,1
34220.117,5,171304,200,177640,1
34220.809,5,171304,15,177640,1
34220.809,4,99541,585,177600,1
34221.056,1,175601,200,178600,-1
34221.099,1,175625,300,176000,1
34221.159,4,99541,15,177600,1
34221.346,4,37763,30,177500,1
34221.346,4,94818,70,177500,1
34222.487,4,94818,48,177500,1
34223.708,4,94818,800,177500,1
34225.031,4,94818,200,177500,1
34226.098,5,175878,100,177600,-1
34226.098,5,178215,200,177690,-1
34227.937,5,179052,200,177510,1
34227.937,4,94818,200,177500,1
34231.87,4,94818,282,177500,1
34231.87,4,101723,1000,177500,1
34231.87,4,141935,218,177500,1
34232.857,4,141935,200,177500,1
34238.066,5,184410,200,177610,1
34239.328,1,185129,500,178400,-1
34239.656,2,174598,500,177100,1
34244.577,1,187177,200,167100,1
34249.127,1,189369,500,177600,1
34251.12,2,185129,500,178400,-1
34251.414,2,175601,200,178600,-1
34251.441,2,175625,300,176000,1
34252.037,4,189369,69,177600,1
34252.198,1,190868,302,165500,1
34252.585,2,189369,431,177600,1
34256.234,1,192965,100,177600,1
34257.467,1,193818,200,178200,-1
34257.485,2,171068,700,178390,-1
34257.499,1,193842,1000,178190,-1
34257.501,1,193845,300,175400,1
34261.988,4,192965,36,177600,1
34262.825,2,192965,64,177600,1
34266.168,4,141935,78,177500,1
34267.905,2,193842,1000,178190,-1
34267.922,1,199891,500,178190,-1
34268.262,1,200109,42,177800,1
34268.29,4,200109,42,177800,1
34270.327,1,201245,1000,177510,1
34271.89,2,201245,1000,177510,1
34271.905,1,202012,900,177510,1
34274.472,2,199891,500,178190,-1
34286.0,1,208842,5,178500,-1
34286.768,1,209213,500,177600,1
34286.78,2,202012,900,177510,1
34286.796,1,209227,1000,177610,1
34287.718,2,193818,200,178200,-1
34287.721,2,193845,300,175400,1
34293.405,1,212514,58,178190,-1
34294.737,2,166530,1000,176800,1
34295.033,1,213383,1000,176800,1
34298.822,2,212514,58,178190,-1
34299.363,2,209213,500,177600,1
34300.9,2,208842,5,178500,-1
34313.473,1,222640,3000,175800,1
34314.826,2,209227,1000,177610,1
34314.841,1,223364,600,177510,1
34315.7,5,223084,800,178150,-1
34316.209,5,224022,100,178010,1
34319.883,1,226183,100,177900,1
34324.915,5,228068,50,178010,1
34329.011,1,229783,100,178000,1
34351.169,2,223364,600,177510,1
34370.363,5,244842,800,178050,1
34370.363,4,229783,100,178000,1
34372.612,1,248933,400,178390,-1
34372.771,4,226183,100,177900,1
34372.793,1,249000,900,177510,1
34373.069,1,249113,100,177900,1
34373.34,2,249000,900,177510,1
34373.517,1,249269,658,178000,-1
34373.97,2,248933,400,178390,-1
34374.313,2,249269,658,178000,-1
34374.34,1,249644,700,178390,-1
34374.51,1,249736,500,178400,-1
34374.518,4,249113,69,177900,1
34374.824,2,249113,31,177900,1
34374.856,1,249926,700,177510,1
34375.027,2,249926,700,177510,1
34375.043,1,249998,400,177510,1
34379.699,2,249736,500,178400,-1
34379.775,1,252040,200,177800,1
34380.693,1,252851,700,177990,-1
34381.98,2,252040,200,177800,1
34382.778,2,249644,700,178390,-1
34390.975,5,255739,1,177890,-1
34393.277,2,249998,400,177510,1
34395.419,1,260869,600,177980,-1
34395.538,5,260755,69,177510,1
34396.387,2,260869,600,177980,-1
34396.605,1,261737,1000,177980,-1
34397.621,2,261737,1000,177980,-1
34398.074,1,262842,900,177980,-1
34399.418,2,262842,900,177980,-1
34399.449,1,263650,600,177980,-1
34399.812,2,263650,600,177980,-1
34399.84,1,263894,500,177980,-1
34400.763,2,263894,500,177980,-1
34407.309,1,268332,42,177700,1
34411.153,5,266666,500,177850,-1
34411.578,5,255739,199,177890,-1
34411.578,5,266801,500,177890,-1
34411.578,5,270745,301,177940,-1
34411.822,5,270745,199,177940,-1
34411.822,4,252851,700,177990,-1
34411.855,1,271122,1000,178390,-1
34411.978,1,271190,500,178400,-1
34412.73,2,271122,1000,178390,-1
34412.761,1,271771,900,178390,-1
34412.89,2,271771,900,178390,-1
34413.324,5,271864,600,178350,-1
34413.324,5,271865,400,178360,-1
34413.902,1,272591,1000,177710,1
34414.243,2,268332,42,177700,1
34414.623,4,167883,300,178400,-1
34414.623,4,271190,500,178400,-1
34415.496,2,272591,1000,177710,1
34415.501,4,64275,1,178500,-1
34415.527,1,273759,500,177510,1
34415.923,2,273759,500,177510,1
34416.214,1,274223,1000,177510,1
34416.373,2,274223,1000,177510,1
34416.949,1,274730,1000,177510,1
34417.152,2,274730,1000,177510,1
34417.183,1,274897,500,177510,1
34417.401,2,274897,500,177510,1
34417.421,1,275049,400,177510,1
34418.876,5,275023,200,178410,1
34419.792,2,275049,400,177510,1
34420.057,1,276660,800,177600,1
34420.231,1,276812,400,177610,1
34422.877,2,276660,800,177600,1
34426.933,2,276812,400,177610,1
34427.261,1,281189,500,177510,1
34427.498,2,281189,500,177510,1
34428.104,1,281768,1000,178490,-1
34428.957,5,282195,500,178050,1
34429.074,2,281768,1000,178490,-1
34429.105,1,282357,900,178490,-1
34429.451,2,282357,900,178490,-1
34429.479,1,282597,600,178490,-1
34429.694,5,282353,500,177950,1
34429.932,2,282597,600,178490,-1
34429.964,1,282955,400,178490,-1
34430.183,5,282650,500,177910,1
34430.917,1,283563,800,177510,1
34431.465,2,283563,800,177510,1
34431.685,1,284059,900,177510,1
34431.807,2,284059,900,177510,1
34432.06,1,284277,2000,177500,1
34432.261,1,284401,600,177510,1
34432.546,2,284401,600,177510,1
34434.116,5,285570,100,178000,1
34435.151,1,286442,300,177510,1
34435.23,2,286442,300,177510,1
34435.605,1,286776,1000,177510,1
34435.728,1,286898,500,177600,1
34435.746,2,286776,1000,177510,1
34435.776,1,286938,1000,177610,1
34436.237,5,287305,100,178010,1
34439.261,2,282955,400,178490,-1
34440.964,2,286938,1000,177610,1
34440.995,1,290754,800,177610,1
34443.181,5,290602,500,178350,-1
34443.21,5,290602,300,178350,-1
34443.671,5,291040,100,178390,-1
34443.671,5,292602,200,178450,-1
34443.671,4,64275,200,178500,-1
34443.702,4,64275,251,178500,-1
34443.702,4,131601,449,178500,-1
34443.933,2,290754,800,177610,1
34443.964,1,292889,700,177610,1
34444.085,5,292841,400,178400,-1
34444.085,4,131601,551,178500,-1
34444.104,1,292965,1000,178990,-1
34445.325,2,292889,700,177610,1
34445.354,1,293794,600,177610,1
34445.492,2,286898,500,177600,1
34446.355,2,293794,600,177610,1
34446.386,1,294942,500,177510,1
34447.597,1,296159,700,178390,-1
34447.634,4,296159,700,178390,-1
34449.517,1,298134,88,178300,-1
34449.539,4,298134,88,178300,-1
34450.042,2,294942,500,177510,1
34450.073,1,298576,400,177510,1
34450.088,2,298576,400,177510,1
34450.604,1,299013,400,177510,1
34450.854,2,299013,400,177510,1
34451.156,5,299367,200,178250,1
34452.324,1,300503,700,177510,1
34454.505,2,71027,2000,179800,-1
34457.964,2,300503,700,177510,1
34457.997,1,305118,500,177510,1
34462.072,2,305118,500,177510,1
34462.104,1,308342,400,177510,1
34462.714,2,308342,400,177510,1
34463.432,1,309503,500,177510,1
34464.12,2,309503,500,177510,1
34464.909,5,310368,200,177900,-1
34464.909,5,310081,200,177950,-1
34464.909,5,309239,500,178000,-1
34464.909,1,310672,100,178000,1
34464.936,4,310672,69,178000,1
34464.958,4,310672,31,178000,1
34466.023,1,311523,400,158510,1
34466.948,5,310725,58,177550,1
34466.951,5,310725,58,177550,1
34466.955,5,310725,45,177550,1
34468.145,1,313281,2000,177500,1
34468.685,5,313070,15,177650,1
34468.76,5,313070,29,177650,1
34468.764,5,313070,15,177650,1
34468.934,5,313070,200,177650,1
34469.486,1,314427,100,177600,1
34469.98,5,314447,439,177650,1
34469.98,5,314451,400,177640,1
34469.98,4,314427,100,177600,1
34474.52,1,318250,42,177600,1
34474.529,4,318250,42,177600,1
34474.529,5,317860,27,177550,1
34474.655,5,317860,214,177550,1
34474.655,5,316635,500,177510,1
34474.655,4,141935,4,177500,1
34474.655,4,284277,282,177500,1
34475.028,4,284277,1000,177500,1
34478.448,5,318670,500,177550,1
34478.448,4,284277,500,177500,1
34484.345,1,326021,100,178000,-1
34487.139,1,327923,1000,178500,-1
34492.731,1,331950,1000,177510,1
34496.504,4,326021,100,178000,-1
34496.526,2,292965,1000,178990,-1
34498.3,1,336177,500,177600,1
34498.322,2,331950,1000,177510,1
34498.355,1,336218,1000,177610,1
34501.385,1,338187,1000,178490,-1
34501.65,2,338187,1000,178490,-1
34501.682,1,338363,700,178490,-1
34501.861,1,338467,100,178500,-1
34501.948,2,338363,700,178490,-1
34509.281,2,338467,100,178500,-1
34510.979,2,336218,1000,177610,1
34511.01,1,345701,700,177610,1
34511.042,2,345701,700,177610,1
34511.073,1,345743,500,177610,1
34514.995,1,348541,1000,178490,-1
34515.104,2,345743,500,177610,1
34515.177,1,348727,200,177900,1
34515.885,2,348541,1000,178490,-1
34515.918,1,349337,500,178490,-1
34515.978,2,349337,500,178490,-1
34516.215,1,349582,700,178490,-1
34516.34,1,349671,1000,177910,1
34516.964,2,349671,1000,177910,1
34516.975,2,336177,500,177600,1
34516.984,1,350211,500,177900,1
34517.136,1,350353,1000,177910,1
34517.386,2,350353,1000,177910,1
34517.886,1,350941,900,177910,1
34518.901,2,350941,900,177910,1
34519.232,2,349582,700,178490,-1
34520.557,1,352694,600,177910,1
34520.619,2,352694,600,177910,1
34520.761,1,352830,900,177910,1
34520.949,2,352830,900,177910,1
34521.058,1,353065,600,177910,1
34521.303,2,159001,400,184990,-1
34521.901,2,353065,600,177910,1
34522.308,1,353763,900,177910,1
34522.337,2,353763,900,177910,1
34522.372,1,353792,700,177910,1
34524.01,2,155271,400,173710,1
34524.432,2,353792,700,177910,1
34524.947,1,355349,500,177910,1
34524.999,2,350211,500,177900,1
34525.306,1,355592,7045,175100,1
34532.79,2,355349,500,177910,1
34534.164,2,313281,2000,177500,1
34534.314,1,363008,1000,178490,-1
34536.104,2,363008,1000,178490,-1
34536.135,1,364315,900,178490,-1
34539.372,5,366617,100,177910,1
34539.878,4,348727,84,177900,1
34540.011,2,364315,900,178490,-1
34540.042,1,367505,1000,178490,-1
34540.12,2,367505,1000,178490,-1
34540.151,1,367599,900,178490,-1
34540.479,2,367599,900,178490,-1
34540.51,1,367850,600,178490,-1
34541.258,4,348727,116,177900,1
34541.291,1,368414,1000,177510,1
34541.993,2,368414,1000,177510,1
34542.292,1,369248,1000,177510,1
34542.62,2,369248,1000,177510,1
34542.841,5,369410,68,177640,1
34545.587,5,371522,200,177520,1
34551.639,1,376586,100,177600,1
34553.928,1,378219,500,178500,-1
34573.304,2,378219,500,178500,-1
34574.287,1,391885,700,177800,1
34574.916,2,391885,700,177800,1
34576.686,1,393651,500,178500,-1
34576.888,5,392955,500,177810,1
34580.989,5,396680,100,177810,1
34581.852,1,397347,1000,177610,1
34585.465,2,367850,600,178490,-1
34585.939,1,400385,500,177700,1
34585.961,2,397347,1000,177610,1
34585.992,1,400416,1000,177710,1
34587.835,2,400416,1000,177710,1
34587.87,1,401699,900,177710,1
34588.118,2,401699,900,177710,1
34588.148,1,401882,600,177710,1
34588.497,2,401882,600,177710,1
34588.508,1,402134,400,177710,1
34589.192,2,400385,500,177700,1
34599.194,2,393651,500,178500,-1
34601.208,2,376586,100,177600,1
34601.522,5,400037,600,178450,-1
34601.953,5,400039,400,178460,-1
34602.319,4,327923,400,178500,-1
34602.338,4,327923,100,178500,-1
34602.851,4,327923,500,178500,-1
34602.887,1,412071,1000,178990,-1
34602.939,1,412104,500,179000,-1
34608.722,1,416021,100,178600,-1
34622.729,1,426190,2000,178500,-1
34624.247,2,426190,2000,178500,-1
34624.988,1,428100,500,177700,1
34630.36,2,428100,500,177700,1
34630.371,1,432659,500,177800,1
34630.399,2,402134,400,177710,1
34630.428,1,432722,1000,177810,1
34631.66,5,432891,15,178310,1
34633.976,5,434558,200,178210,1
34635.834,2,412071,1000,178990,-1
34635.85,1,437460,1000,178590,-1
34636.412,2,432722,1000,177810,1
34637.365,2,432659,500,177800,1
34637.373,2,412104,500,179000,-1
34637.388,1,439062,500,178600,-1
34637.398,1,439077,1000,177510,1
34638.242,2,439077,1000,177510,1
34638.261,1,440113,800,177510,1
34639.127,1,440937,200,177600,1
34639.151,2,440113,800,177510,1
34639.179,1,440989,1000,177610,1
34639.331,2,440937,200,177600,1
34639.348,1,441183,200,177700,1
34639.365,2,440989,1000,177610,1
34639.38,1,441215,1000,177710,1
34639.427,2,441215,1000,177710,1
34639.474,2,441183,200,177700,1
34639.488,1,441298,200,177800,1
34639.495,1,441303,1000,177510,1
34640.114,1,441796,1000,177900,1
34640.256,2,441298,200,177800,1
34640.272,1,441941,200,177900,1
34640.377,1,442009,4000,172600,1
34641.058,2,416021,100,178600,-1
34641.412,2,441941,200,177900,1
34641.745,5,441813,200,177950,1
34642.114,5,441813,161,177950,1
34642.4,4,441796,100,177900,1
34643.506,4,441796,229,177900,1
34644.466,4,441796,200,177900,1
34645.85,4,441796,288,177900,1
34646.061,4,441796,100,177900,1
34649.184,4,441796,83,177900,1
34650.896,2,441303,1000,177510,1
34650.927,1,451017,900,177510,1
34651.755,2,451017,900,177510,1
34652.663,5,451794,88,177550,1
34653.033,5,451794,151,177550,1
34653.033,5,452655,49,177550,1
34653.527,1,453175,50,178500,-1
34653.553,2,437460,1000,178590,-1
34653.59,1,453243,1000,178490,-1
34653.655,2,439062,500,178600,-1
34653.669,1,453335,500,178500,-1
34654.415,2,453335,500,178500,-1
34654.421,1,454051,500,178500,-1
34656.132,1,455393,100,177100,1
34656.639,5,451796,200,177540,1
34657.966,1,456950,400,177500,1
34671.271,1,468213,1000,177600,1
34671.352,2,456950,400,177500,1
34671.367,1,468313,400,177600,1
34680.722,5,468238,200,177640,1
34680.722,4,468213,168,177600,1
34680.939,4,468213,132,177600,1
34681.204,4,468213,200,177600,1
34681.984,4,468213,288,177600,1
34682.576,4,468213,100,177600,1
34683.069,4,468213,112,177600,1
34683.069,4,468313,88,177600,1
34683.102,2,468313,312,177600,1
34683.17,1,479014,500,178000,-1
34683.193,2,453243,1000,178490,-1
34683.208,1,479046,1000,177990,-1
34683.283,2,454051,500,178500,-1
34683.291,1,479126,500,178000,-1
34684.177,2,479046,1000,177990,-1
34684.215,1,480005,800,177990,-1
34684.889,4,284277,61,177500,1
34685.062,4,284277,100,177500,1
34687.116,2,479126,500,178000,-1
34687.122,1,482354,500,178000,-1
34687.523,1,482616,1000,178400,-1
34688.136,1,483066,100,177900,-1
34688.145,2,480005,800,177990,-1
34688.161,1,483088,1000,177890,-1
34688.253,2,482354,500,178000,-1
34688.255,2,483066,100,177900,-1
34688.262,1,483187,500,177900,-1
34688.271,1,483191,100,177800,-1
34688.366,2,483187,500,177900,-1
34688.385,1,483310,500,177800,-1
34688.544,2,483191,100,177800,-1
34688.567,1,483473,100,177700,-1
34689.957,2,483088,1000,177890,-1
34692.418,5,486139,200,177590,-1
34695.325,1,488782,600,177600,-1
34695.491,2,483473,100,177700,-1
34695.51,1,488939,100,177600,-1
34695.976,2,483310,500,177800,-1
34695.978,2,488782,600,177600,-1
34695.979,2,488939,100,177600,-1
34695.989,1,489382,1000,177990,-1
34696.096,1,489467,500,178000,-1
34698.652,2,489382,1000,177990,-1
34698.677,1,491380,900,177990,-1
34698.81,2,489467,500,178000,-1
34698.818,1,491496,500,177400,1
34699.076,1,491676,300,177900,-1
34699.365,2,479014,500,178000,-1
34700.037,2,491380,900,177990,-1
34701.802,1,493982,900,178100,-1
34701.958,1,494110,1000,177510,1
34701.993,2,491676,300,177900,-1
34702.006,1,494142,1000,178090,-1
34702.092,2,491496,500,177400,1
34702.101,1,494211,500,177500,1
34702.753,2,494211,500,177500,1
34703.983,2,493982,900,178100,-1
34704.176,2,494142,1000,178090,-1
34704.191,1,496004,1000,178390,-1
34705.238,2,494110,1000,177510,1
34705.911,1,497373,1100,178300,-1
34705.927,2,496004,1000,178390,-1
34705.973,1,497441,1000,178290,-1
34706.169,1,497623,100,178200,-1
34706.382,2,497441,1000,178290,-1
34706.402,1,497844,1000,178190,-1
34706.472,2,497623,100,178200,-1
34706.494,1,497935,100,178100,-1
34706.599,1,498030,400,177510,1
34707.184,2,498030,400,177510,1
34707.26,2,497935,100,178100,-1
34707.324,5,498537,100,177650,1
34707.332,1,498701,100,178100,-1
34707.432,1,498806,300,177300,1
34707.441,2,497844,1000,178190,-1
34708.226,1,499570,700,178090,-1
34708.338,2,498701,100,178100,-1
34708.356,1,499675,100,178000,-1
34708.379,2,499570,700,178090,-1
34708.489,1,499806,300,177990,-1
34708.566,2,499675,100,178000,-1
34708.584,1,499910,100,177900,-1
34708.599,2,499806,300,177990,-1
34708.911,2,498806,300,177300,1
34708.912,2,497373,1100,178300,-1
34708.913,5,500090,700,177840,1
34711.134,5,501409,200,177510,1
34711.134,4,284277,57,177500,1
34712.666,5,502781,43,177450,1
34712.792,5,502781,61,177450,1
34712.993,2,213383,1000,176800,1
34713.129,1,503552,1000,177890,-1
34713.221,2,499910,100,177900,-1
34713.237,1,503647,100,177800,-1
34713.436,1,503814,1000,177500,1
34713.46,4,503814,200,177500,1
34713.479,4,503814,800,177500,1
34713.499,5,503677,57,177410,1
34714.523,2,503552,1000,177890,-1
34714.818,1,505038,1000,177790,-1
34714.876,2,503647,100,177800,-1
34714.893,1,505103,100,177700,-1
34719.264,4,50907,69,177310,1
34720.229,2,505038,1000,177790,-1
34725.786,2,453175,50,178500,-1
34726.427,1,514766,50,178000,-1
34734.315,2,505103,100,177700,-1
34734.332,1,520868,1000,177990,-1
34734.383,1,520920,500,178400,-1
34734.433,2,520920,500,178400,-1
34734.441,1,520970,500,178000,-1
34734.648,2,520868,1000,177990,-1
34734.66,1,521220,900,177990,-1
34734.894,2,521220,900,177990,-1
34734.909,1,521396,800,177990,-1
34735.441,2,521396,800,177990,-1
34735.456,1,521914,600,177990,-1
34738.735,1,524629,900,177500,1
34738.817,2,520970,500,178000,-1
34739.363,2,521914,600,177990,-1
34739.379,1,525042,500,177990,-1
34741.094,5,526479,200,177690,-1
34753.112,1,535773,200,177800,1
34753.847,2,525042,500,177990,-1
34753.911,2,524629,900,177500,1
34754.338,2,535773,200,177800,1
34754.364,1,536671,1000,177320,1
34754.474,1,536762,500,177400,1
34754.487,2,536671,1000,177320,1
34754.492,1,536778,1000,177500,1
34754.574,2,536762,500,177400,1
34754.582,1,536853,500,177500,1
34754.816,1,537048,1000,177510,1
34755.071,1,537307,500,178100,-1
34755.113,2,537048,1000,177510,1
34755.127,1,537344,800,177510,1
34755.415,2,537307,500,178100,-1
34755.457,2,537344,800,177510,1
34758.128,1,539528,1000,177510,1
34758.346,2,539528,1000,177510,1
34758.362,1,539679,800,177510,1
34758.55,2,539679,800,177510,1
34758.565,1,539794,700,177510,1
34762.472,2,539794,700,177510,1
34762.486,1,542926,500,177510,1
34768.484,1,547837,1200,177600,1
34768.502,2,542926,500,177510,1
34768.519,1,547863,1000,177610,1
34768.59,2,536853,500,177500,1
34768.598,1,547925,500,177600,1
34770.062,4,514766,50,178000,-1
34770.081,1,549077,1000,178390,-1
34772.776,2,547837,1200,177600,1
34772.818,1,551294,800,178400,-1
34774.924,1,553113,500,178400,-1
34777.596,2,547863,1000,177610,1
34777.611,1,555460,400,177610,1
34779.505,2,547925,500,177600,1
34780.113,2,555460,400,177610,1
34780.128,1,557630,500,177510,1
34784.121,1,561153,100,178100,-1
34791.158,2,557630,500,177510,1
34791.455,2,553113,500,178400,-1
34791.465,1,567343,500,178100,-1
34792.814,1,568380,900,177400,1
34793.44,2,549077,1000,178390,-1
34793.471,1,568902,1000,178090,-1
34793.866,2,455393,100,177100,1
34794.253,2,561153,100,178100,-1
34795.228,2,568380,900,177400,1
34796.314,2,568902,1000,178090,-1
34796.335,1,571225,900,178090,-1
34798.208,2,567343,500,178100,-1
34801.026,1,575676,1000,177400,1
34801.705,2,571225,900,178090,-1
34801.72,1,576273,1000,178390,-1
34804.315,1,578659,1000,177800,1
34806.361,2,578659,1000,177800,1
34806.377,1,580534,1000,177510,1
34808.13,1,582263,3000,177500,1
34809.97,2,580534,1000,177510,1
34809.989,1,584018,800,177510,1
34816.071,1,589347,100,177900,-1
34821.315,2,589347,100,177900,-1
34822.655,5,569961,36,178040,-1
34825.312,2,551294,800,178400,-1
34827.917,1,600777,500,178400,-1
34827.926,1,600784,500,177600,1
34827.955,2,584018,800,177510,1
34827.986,1,600836,1000,177610,1
34828.208,2,582263,3000,177500,1
34828.224,1,601091,3000,177600,1
34828.496,2,536778,1000,177500,1
34828.702,1,601458,1000,177500,1
34835.437,2,600784,500,177600,1
34841.141,2,600836,1000,177610,1
34841.517,1,612689,1000,177610,1
34842.161,2,612689,1000,177610,1
34843.535,1,614285,700,177610,1
34844.166,2,600777,500,178400,-1
34844.646,2,575676,1000,177400,1
34844.708,1,615495,800,177700,1
34844.735,2,614285,700,177610,1
34844.75,1,615538,1000,177710,1
34844.862,2,615538,1000,177710,1
34845.095,1,615885,1000,177710,1
34845.122,2,601091,3000,177600,1
34845.141,1,615935,3000,177700,1
34845.97,2,615935,3000,177700,1
34846.143,2,615885,1000,177710,1
34846.642,1,617532,700,177710,1
34848.704,2,617532,700,177710,1
34848.72,1,619301,300,177710,1
34848.891,2,619301,300,177710,1
34848.998,1,619487,500,177710,1
34849.626,2,615495,800,177700,1
34850.189,2,619487,500,177710,1
34850.203,1,620431,1000,177510,1
34850.335,1,620536,3000,177500,1
34851.486,2,620431,1000,177510,1
34851.95,1,621894,300,177500,1
34852.422,1,622286,1000,177510,1
34852.861,2,622286,1000,177510,1
34853.827,2,620536,3000,177500,1
34853.835,1,623343,1300,177500,1
34855.328,2,621894,300,177500,1
34855.656,1,624672,1200,178300,-1
34855.673,2,576273,1000,178390,-1
34855.688,1,624699,1000,178290,-1
34858.502,2,623343,1300,177500,1
34861.955,2,624699,1000,178290,-1
34861.985,1,630119,900,178290,-1
34863.944,5,628361,500,177760,1
34863.944,5,631101,200,177750,1
34866.362,2,222640,3000,175800,1
34866.595,2,630119,900,178290,-1
34866.61,1,634017,800,178290,-1
34866.628,1,634037,1000,177510,1
34871.502,2,624672,1200,178300,-1
34873.831,1,639759,500,178300,-1
34876.668,2,639759,500,178300,-1
34877.98,1,642967,10,177900,1
34879.173,1,643796,100,177800,1
34880.825,4,642967,10,177900,1
34880.825,4,643796,100,177800,1
34881.123,5,645352,100,177830,1
34882.047,2,634037,1000,177510,1
34882.468,1,646542,1000,177510,1
34882.496,5,645352,400,177830,1
34882.922,2,646542,1000,177510,1
34883.47,5,646652,90,177700,1
34884.641,1,648213,1000,177510,1
34884.861,1,648437,900,177400,1
34886.063,2,648213,1000,177510,1
34886.108,2,648437,900,177400,1
34886.189,1,649480,500,177400,1
34889.89,1,652276,1000,177510,1
34891.219,2,652276,1000,177510,1
34891.734,1,653786,1000,177510,1
34892.377,2,653786,1000,177510,1
34896.328,2,634017,800,178290,-1
34896.343,1,657369,600,178280,-1
34897.395,1,658374,100,178900,-1
34900.697,2,649480,500,177400,1
34900.701,1,661356,1000,177300,1
34901.043,1,661687,700,178200,-1
34901.067,2,657369,600,178280,-1
34901.093,1,661723,1000,178190,-1
34904.626,1,665033,300,177870,-1
34905.288,2,665033,300,177870,-1
34906.014,1,666149,500,178200,-1
34907.37,2,661356,1000,177300,1
34912.606,5,671774,10,177610,1
34913.827,2,661723,1000,178190,-1
34913.858,1,672782,1000,178190,-1
34915.582,1,674107,800,177200,1
34924.74,1,681166,1,177700,-1
34926.698,1,682590,91,177600,-1
34929.567,2,666149,500,178200,-1
34930.609,2,672782,1000,178190,-1
34930.63,2,674107,800,177200,1
34931.391,2,661687,700,178200,-1
34931.392,1,686517,1200,177900,-1
34932.207,4,601458,88,177500,1
34934.33,5,688584,432,177510,1
34934.33,4,601458,568,177500,1
34935.133,1,689608,2500,172200,1
34937.381,4,682590,91,177600,-1
34937.729,2,686517,1200,177900,-1
34937.895,1,691575,3000,178400,-1
34938.616,5,683639,200,177600,-1
34939.959,1,693285,900,178000,-1
34942.481,1,695236,750,175200,1
34948.146,1,699343,94,177600,-1
34957.276,2,601458,344,177500,1
34957.599,1,705369,1000,177500,1
34963.972,1,709806,2000,181500,-1
34965.549,1,710890,200,178700,-1
34965.568,1,710913,300,176100,1
34968.072,4,699343,94,177600,-1
34968.072,1,712758,906,177600,1
34969.325,1,713640,1100,177200,1
34970.841,5,713764,900,177640,1
34972.402,2,712758,906,177600,1
34972.499,4,681166,1,177700,-1
34972.528,1,716026,800,177990,-1
34973.264,2,716026,800,177990,-1
34973.483,1,716733,1000,177990,-1
34973.503,2,693285,900,178000,-1
34978.986,2,705369,1000,177500,1
34979.935,2,691575,3000,178400,-1
34989.19,2,713640,1100,177200,1
34989.193,1,728602,200,178000,-1
34989.406,2,716733,1000,177990,-1
34989.435,1,728833,700,177990,-1
34991.27,1,730350,500,178000,-1
35001.138,2,728833,700,177990,-1
35001.168,1,738311,500,177990,-1
35001.421,2,738311,500,177990,-1
35001.454,1,738532,500,177990,-1
35002.123,2,738532,500,177990,-1
35002.153,1,739105,400,177990,-1
35003.125,5,739143,200,177600,-1
35019.707,2,728602,200,178000,-1
35019.902,1,751721,1200,177200,1
35019.996,1,751795,400,177510,1
35021.503,2,751795,400,177510,1
35022.679,2,140084,5000,150000,1
35023.66,2,751721,1200,177200,1
35027.221,1,758014,1100,177900,-1
35027.248,2,739105,400,177990,-1
35027.28,1,758075,1000,177890,-1
35027.34,2,730350,500,178000,-1
35027.351,1,758145,500,177900,-1
35029.547,2,758075,1000,177890,-1
35029.58,1,759821,800,177890,-1
35029.705,2,759821,800,177890,-1
35029.733,1,759929,600,177890,-1
35032.165,2,758145,500,177900,-1
35040.546,1,767250,2000,137500,1
35044.584,1,771210,200,177400,1
35045.731,1,772583,900,177500,-1
35045.863,4,771210,100,177400,1
35046.199,4,771210,100,177400,1
35046.54,2,772583,900,177500,-1
35046.853,4,50907,1100,177310,1
35047.767,4,50907,300,177310,1
35047.931,1,774583,500,176900,1
35047.951,1,774607,1300,176900,1
35048.759,4,50907,31,177310,1
35048.794,1,775319,1000,176910,1
35048.828,2,658374,100,178900,-1
35050.62,2,775319,1000,176910,1
35050.921,1,776986,1200,176800,1
35052.532,2,776986,1200,176800,1
35053.364,2,774583,500,176900,1
35053.385,5,778461,200,177190,-1
35054.604,5,778461,300,177190,-1
35054.604,5,779441,200,177190,-1
35054.604,1,780026,500,177200,1
35054.949,4,780026,100,177200,1
35055.545,4,780026,200,177200,1
35055.612,2,774607,1300,176900,1
35055.622,1,780880,500,176900,1
35055.896,2,780026,200,177200,1
35059.233,2,758014,1100,177900,-1
35059.277,1,784044,1000,177400,-1
35059.311,2,759929,600,177890,-1
35059.341,1,784091,1000,177390,-1
35062.301,1,786491,500,177400,-1
35064.718,1,788512,5000,177000,1
35064.841,2,780880,500,176900,1
35064.855,1,788624,200,177000,1
35066.302,1,789727,95,177100,-1
35067.091,5,790403,100,177090,1
35067.529,2,784044,1000,177400,-1
35067.625,4,789727,95,177100,-1
35067.809,2,784091,1000,177390,-1
35067.845,1,791305,1000,177390,-1
35068.672,1,792101,100,177100,1
35068.784,2,786491,500,177400,-1
35068.975,1,792432,1100,176700,1
35070.013,2,791305,1000,177390,-1
35070.044,1,793304,1000,178200,-1
35070.175,1,793390,3000,178200,-1
35071.153,1,794189,800,177500,-1
35071.183,2,793304,1000,178200,-1
35071.215,1,794239,800,177490,-1
35071.646,1,794613,10,177200,1
35071.84,4,794613,10,177200,1
35071.84,5,792733,255,177140,1
35071.84,4,792101,35,177100,1
35077.361,1,798558,100,177200,-1
35077.909,2,794189,800,177500,-1
35079.951,1,800733,200,177200,-1
35086.823,2,794239,800,177490,-1
35087.374,2,767250,2000,137500,1
35087.553,4,798558,100,177200,-1
35087.848,4,800733,200,177200,-1
35087.872,1,805975,1000,178190,-1
35088.248,1,806279,2000,177000,1
35091.002,5,794835,200,177130,1
35092.236,5,794835,200,177130,1
35092.236,4,792101,65,177100,1
35092.413,5,809609,100,177110,1
35093.17,1,810253,1000,177200,-1
35094.216,5,809582,400,177060,1
35094.569,2,793390,3000,178200,-1
35102.709,1,817069,10,177100,1
35107.933,2,806279,2000,177000,1
35111.829,1,824496,100,177500,-1
35119.39,1,831006,1100,177500,-1
35119.691,2,831006,1100,177500,-1
35122.684,5,832588,200,177190,-1
35122.684,4,810253,200,177200,-1
35123.02,1,833321,900,177500,-1
35124.104,4,810253,100,177200,-1
35124.257,4,810253,700,177200,-1
35124.291,2,805975,1000,178190,-1
35124.323,1,834254,1000,177490,-1
35124.35,5,833487,100,177110,1
35124.401,2,833321,900,177500,-1
35128.462,1,836898,1100,177500,-1
35128.628,2,836898,1100,177500,-1
35132.09,1,839490,500,177500,-1
35140.375,2,788624,200,177000,1
35140.39,1,845828,400,177100,1
35140.475,5,844764,109,177130,1
35140.475,4,817069,10,177100,1
35140.475,4,845828,400,177100,1
35140.475,5,842562,181,177100,1
35140.881,1,846171,200,177100,1
35143.455,4,846171,200,177100,1
35143.455,5,842562,19,177100,1
35143.455,5,846787,100,177100,1
35147.717,1,851907,2000,177100,-1
35157.383,2,834254,1000,177490,-1
35157.526,4,788512,5000,177000,1
35157.808,2,792432,1100,176700,1
35158.088,4,146899,200,176900,1
35158.103,5,858423,25,176850,1
35158.171,5,858423,58,176850,1
35158.171,4,37689,100,176800,1
35158.197,1,858506,1000,176510,1
35158.35,1,858623,300,176600,1
35158.368,2,858506,1000,176510,1
35158.385,1,858652,1000,176610,1
35158.902,2,858623,300,176600,1
35159.016,1,859171,1100,177400,-1
35159.096,2,851907,2000,177100,-1
35159.12,1,859263,1000,177390,-1
35159.192,2,839490,500,177500,-1
35159.2,1,859347,500,177400,-1
35159.201,5,859045,500,176990,-1
35159.201,5,859063,200,177000,-1
35159.201,5,859076,200,177000,-1
35159.29,1,859437,2000,176900,-1
35159.307,2,858652,1000,176610,1
35159.321,1,859458,1000,176510,1
35159.368,2,859458,1000,176510,1
35159.413,1,859558,800,176500,1
35159.425,1,859570,500,176500,1
35160.63,1,860432,1200,176300,1
35161.67,2,859570,500,176500,1
35161.877,5,861237,500,176510,1
35161.877,4,39081,245,176500,1
35161.877,4,39082,300,176500,1
35161.877,4,859558,766,176500,1
35161.939,2,859558,34,176500,1
35161.989,1,861390,300,176300,1
35162.104,2,860432,1200,176300,1
35162.15,2,859171,1100,177400,-1
35162.151,1,861504,1200,177100,-1
35163.393,2,824496,100,177500,-1
35163.936,2,861390,300,176300,1
35164.213,2,859263,1000,177390,-1
35164.227,1,862831,1000,176890,-1
35164.37,2,710913,300,176100,1
35164.374,1,862919,300,175700,1
35165.037,2,859347,500,177400,-1
35165.046,1,863415,500,176900,-1
35165.613,1,863867,1000,176800,-1
35166.206,1,864246,1200,176200,1
35166.225,2,863867,1000,176800,-1
35166.355,1,864332,1000,176900,-1
35166.85,1,864664,150,177000,-1
35169.493,2,864332,1000,176900,-1
35173.147,2,864246,1200,176200,1
35181.483,1,876215,1000,176100,1
35183.52,2,695236,750,175200,1
35186.249,2,862919,300,175700,1
35186.256,1,880028,300,176300,1
35193.022,2,876215,1000,176100,1
35193.046,2,880028,300,176300,1
35193.049,1,884669,300,176200,1
35193.583,1,884977,1200,176100,1
35196.131,1,886352,100,176500,-1
35196.479,4,886352,100,176500,-1
35198.004,1,887423,10,176500,1
35198.023,2,862831,1000,176890,-1
35198.039,1,887442,700,176890,-1
35199.205,2,863415,500,176900,-1
35204.07,2,887442,700,176890,-1
35204.089,1,891762,500,176890,-1
35204.133,2,891762,500,176890,-1
35206.421,1,893151,10,176600,1
35208.296,1,894311,1500,177100,-1
35211.34,2,861504,1200,177100,-1
35215.894,1,900144,100,176600,1
35216.336,5,899360,200,176690,-1
35216.595,5,900142,300,176610,1
35222.868,1,905514,10,176700,1
35222.906,4,905514,10,176700,1
35224.473,1,906569,1,176700,1
35226.057,1,907668,100,176900,-1
35230.158,5,876404,1000,176840,-1
35230.158,5,910132,500,176890,-1
35230.158,4,859437,600,176900,-1
35233.508,2,884977,1200,176100,1
35233.51,1,912534,1200,176500,1
35235.599,2,907668,100,176900,-1
35236.036,1,914166,10,176800,1
35237.2,4,859437,1000,176900,-1
35237.388,4,859437,100,176900,-1
35243.123,2,912534,1200,176500,1
35243.836,4,859437,300,176900,-1
35248.005,1,921142,10,176900,1
35250.496,1,922757,500,176600,1
35251.999,1,923769,1200,176500,1
35254.724,2,923769,1200,176500,1
35254.738,1,925924,1100,177300,-1
35255.025,4,921142,10,176900,1
35256.47,2,922757,500,176600,1
35258.911,4,914166,10,176800,1
35260.246,1,930267,100,176900,-1
35261.287,2,884669,300,176200,1
35261.29,1,931033,300,175800,1
35263.791,1,932641,1000,176600,1
35264.153,2,930267,100,176900,-1
35269.877,5,929187,1000,176750,1
35269.885,5,928883,200,176710,1
35269.885,5,929801,300,176710,1
35271.231,1,936336,1000,176500,1
35272.621,1,936917,200,176400,1
35273.125,5,929801,200,176710,1
35273.125,4,906569,1,176700,1
35274.086,1,937662,200,176710,1
35274.334,4,937662,200,176710,1
35275.964,2,900144,100,176600,1
35280.025,4,893151,10,176600,1
35280.025,4,932641,74,176600,1
35282.146,1,944092,1000,176990,-1
35283.859,5,944512,200,176690,-1
35283.859,5,942865,200,176700,-1
35283.859,5,944918,500,176700,-1
35283.859,1,945721,70,176700,1
35284.365,2,944092,1000,176990,-1
35284.525,4,945721,70,176700,1
35284.818,5,946357,200,176700,-1
35284.983,1,946650,100,176900,-1
35285.471,4,932641,100,176600,1
35285.759,4,932641,826,176600,1
35287.498,5,947255,68,176510,1
35287.571,2,887423,10,176500,1
35287.735,4,936336,500,176500,1
35287.742,4,936336,500,176500,1
35288.397,1,949758,2000,176600,-1
35288.806,2,925924,1100,177300,-1
35288.818,1,950159,1200,177000,-1
35288.842,4,936917,200,176400,1
35288.842,4,50977,100,176310,1
35289.894,2,949758,2000,176600,-1
35289.912,1,951372,1000,176890,-1
35290.302,1,951707,2000,176500,-1
35290.664,2,951372,1000,176890,-1
35290.919,2,951707,2000,176500,-1
35290.943,1,952268,900,176890,-1
35291.015,4,50977,288,176310,1
35291.026,4,50977,100,176310,1
35291.139,1,952435,2000,176400,-1
35291.336,2,931033,300,175800,1
35291.339,1,952646,300,175300,1
35291.412,2,952268,900,176890,-1
35291.463,4,50977,100,176310,1
35291.493,2,952435,2000,176400,-1
35291.505,1,952833,800,176890,-1
35291.654,4,50977,200,176310,1
35291.729,4,50977,258,176310,1
35291.761,1,953107,2000,176400,-1
35292.383,1,953761,200,176300,1
35293.031,5,953205,1000,176360,-1
35293.102,4,50977,454,176310,1
35293.267,4,953761,200,176300,1
35293.289,1,954503,1000,176010,1
35295.556,2,954503,1000,176010,1
35295.584,1,956144,800,176010,1
35297.255,2,956144,800,176010,1
35297.271,1,957359,700,176010,1
35297.561,2,957359,700,176010,1
35297.655,1,957663,1200,175900,1
35297.672,5,954540,500,176030,1
35297.672,4,88607,1000,176000,1
35297.695,1,957698,1000,175910,1
35297.83,2,953107,2000,176400,-1
35297.881,2,957698,1000,175910,1
35297.934,1,957880,500,176900,-1
35298.119,1,957989,2000,176100,-1
35298.288,1,958100,57,176000,-1
35298.599,1,958356,500,175910,1
35298.771,2,958356,500,175910,1
35299.003,2,957663,1200,175900,1
35299.021,1,958621,1000,175710,1
35299.175,1,958723,300,175700,1
35299.47,4,958100,57,176000,-1
35299.47,5,958731,500,176050,-1
35299.47,5,958622,443,176060,-1
35299.912,2,958621,1000,175710,1
35299.977,2,958723,300,175700,1
35300.74,5,958936,500,175760,1
35300.74,4,136276,4000,175700,1
35300.824,1,959858,300,175600,1
35300.869,1,959887,1200,175600,1
35301.074,2,959858,300,175600,1
35301.499,1,960476,400,175700,1
35301.567,4,960476,400,175700,1
35301.693,4,51130,2400,175610,1
35303.069,2,959887,1200,175600,1
35303.114,1,961628,1200,175400,1
35303.167,1,961662,1200,175300,1
35303.199,2,961628,1200,175400,1
35303.216,2,950159,1200,177000,-1
35303.241,1,961700,1200,176200,-1
35303.256,2,961662,1200,175300,1
35304.079,4,51130,100,175610,1
35304.079,4,38179,500,175600,1
35304.103,2,961700,1200,176200,-1
35304.147,1,962358,900,175400,1
35304.214,1,962403,400,175300,1
35304.24,1,962425,200,175700,1
35304.249,4,962425,200,175700,1
35304.315,2,962403,400,175300,1
35304.33,1,962495,100,175500,1
35305.318,2,952833,800,176890,-1
35305.333,1,963206,1000,176090,-1
35305.366,2,962358,900,175400,1
35305.408,1,963266,1200,176100,-1
35305.444,5,963149,10,175510,1
35305.444,4,962495,100,175500,1
35305.614,1,963396,300,175300,1
35306.219,1,963782,100,175700,-1
35306.251,1,963810,400,175100,1
35307.04,2,963396,300,175300,1
35307.052,2,963206,1000,176090,-1
35309.889,2,952646,300,175300,1
35309.908,1,966656,300,175400,1
35309.911,1,966660,1000,175110,1
35310.289,2,946650,100,176900,-1
35310.856,1,967493,500,175500,1
35311.03,4,967493,500,175500,1
35311.223,1,967811,300,176700,-1
35311.332,4,966656,300,175400,1
35311.564,1,968087,300,171800,1
35311.963,2,963782,100,175700,-1
35311.989,1,968432,1000,176090,-1
35312.086,2,957880,500,176900,-1
35312.095,1,968550,500,176100,-1
35314.13,2,966660,1000,175110,1
35314.911,1,971104,1000,175110,1
35315.614,2,971104,1000,175110,1
35316.741,2,864664,150,177000,-1
35317.453,2,963810,400,175100,1
35317.481,1,973305,600,175000,1
35317.742,1,973506,300,175400,-1
35317.786,1,973550,400,175200,1
35317.884,1,973628,1000,175300,-1
35318.215,5,973675,57,175260,-1
35318.215,4,973628,943,175300,-1
35318.228,4,973628,57,175300,-1
35318.228,5,973692,143,175390,-1
35318.228,5,973692,57,175390,-1
35318.228,4,973506,300,175400,-1
35318.558,2,973305,600,175000,1
35318.561,1,974059,1000,174900,1
35319.529,4,973550,69,175200,1
35319.66,2,973550,331,175200,1
35320.316,1,975455,400,175200,1
35323.891,2,66251,900,175000,1
35325.242,2,968550,500,176100,-1
35325.468,2,975455,400,175200,1
35325.489,1,979555,1000,175110,1
35325.911,2,979555,1000,175110,1
35325.942,1,979977,900,175110,1
35326.061,5,978551,200,175210,1
35326.161,2,979977,900,175110,1
35326.288,1,980307,900,175110,1
35326.52,2,980307,900,175110,1
35326.828,5,980542,700,175160,1
35326.828,4,42074,400,175100,1
35327.852,1,981562,5,175600,-1
35328.035,1,981679,100,175500,-1
35328.477,1,981962,300,175500,-1
35328.603,2,38180,600,168700,1
35328.8,5,981934,100,175400,-1
35328.8,5,980919,500,175450,-1
35329.408,2,963266,1200,176100,-1
35329.45,1,982787,1200,175800,-1
35329.589,1,982889,300,175400,-1
35330.379,2,981562,5,175600,-1
35330.909,2,982787,1200,175800,-1
35333.386,2,116022,500,180500,-1
35335.262,1,987694,100,175200,1
35340.048,2,982889,300,175400,-1
35340.055,2,981962,300,175500,-1
35340.121,1,992150,300,175400,1
35341.023,2,987694,100,175200,1
35341.048,1,992825,100,175300,1
35341.227,2,981679,100,175500,-1
35341.324,5,992781,200,175440,1
35341.328,5,992781,1300,175440,1
35341.38,2,992150,300,175400,1
35341.831,5,993283,200,175440,1
35342.073,2,992825,100,175300,1
35344.181,1,995708,3000,176100,-1
35344.759,1,996193,10,175300,1
35345.15,2,995708,3000,176100,-1
35346.434,5,996879,100,175310,1
35347.001,4,996193,10,175300,1
35350.844,1,1002630,3000,176100,-1
35353.596,4,355592,300,175100,1
35356.868,1,1008524,500,176100,-1
35357.955,5,1004223,200,175190,-1
35361.497,1,1012360,300,175100,1
35362.511,2,1002630,3000,176100,-1
35362.529,1,1013192,300,176000,-1
35362.552,2,968432,1000,176090,-1
35362.582,1,1013243,1000,175990,-1
35362.66,2,1008524,500,176100,-1
35362.667,1,1013379,500,176000,-1
35362.679,2,1013192,300,176000,-1
35362.693,1,1013402,300,175900,-1
35362.707,2,1013243,1000,175990,-1
35362.722,1,1013425,1000,175890,-1
35362.826,2,1013402,300,175900,-1
35362.833,2,1013379,500,176000,-1
35362.844,1,1013547,300,175800,-1
35362.851,1,1013550,500,175900,-1
35362.864,2,1013425,1000,175890,-1
35362.896,1,1013573,1000,175790,-1
35362.903,2,1013550,500,175900,-1
35362.911,1,1013588,500,175800,-1
35363.036,2,1013547,300,175800,-1
35363.064,1,1013711,300,175700,-1
35363.082,2,1013573,1000,175790,-1
35363.099,1,1013738,1000,175690,-1
35363.121,2,1013588,500,175800,-1
35363.129,1,1013760,500,175700,-1
35363.234,2,1013711,300,175700,-1
35363.251,1,1013849,300,175600,-1
35363.27,2,1013738,1000,175690,-1
35363.285,1,1013888,1000,175590,-1
35363.366,2,1013849,300,175600,-1
35363.377,2,1013760,500,175700,-1
35363.385,1,1014005,300,175500,-1
35363.394,1,1014015,500,175600,-1
35363.411,2,1013888,1000,175590,-1
35363.435,1,1014068,1000,175490,-1
35363.483,2,1014015,500,175600,-1
35363.496,1,1014155,500,175500,-1
35363.558,2,1014005,300,175500,-1
35363.576,1,1014246,300,175400,-1
35363.666,2,1014155,500,175500,-1
35363.678,1,1014336,500,175400,-1
35364.517,5,1011483,300,175140,1
35364.517,4,355592,700,175100,1
35365.118,1,1015595,100,175200,-1
35365.436,4,355592,400,175100,1
35365.982,4,355592,200,175100,1
35366.835,4,355592,80,175100,1
35366.889,2,1014246,300,175400,-1
35366.896,4,355592,100,175100,1
35366.974,4,1015595,100,175200,-1
35367.479,4,355592,1000,175100,1
35367.676,2,974059,1000,174900,1
35367.686,1,1017995,1000,174800,1
35368.089,4,355592,130,175100,1
35368.41,4,355592,600,175100,1
35375.069,2,147167,1000,190000,-1
35375.195,2,1014336,500,175400,-1
35376.53,1,1025903,300,175100,1
35376.57,1,1025947,900,173100,1
35381.099,1,1030445,100,175100,1
35381.101,1,1030446,100,175110,1
35381.849,2,1014068,1000,175490,-1
35381.879,1,1031179,1000,176090,-1
35382.096,1,1031322,3000,176100,-1
35382.215,5,1031306,400,175350,-1
35382.259,2,1025903,300,175100,1
35384.318,1,1033094,1200,175800,-1
35384.348,2,1031179,1000,176090,-1
35384.364,1,1033138,900,175790,-1
35384.395,2,1033138,900,175790,-1
35384.492,1,1033228,500,175100,1
35385.753,1,1034379,1000,175790,-1
35385.847,2,1030445,100,175100,1
35385.91,2,1030446,100,175110,1
35385.959,1,1034576,200,175300,1
35386.128,2,1034379,1000,175790,-1
35386.159,1,1034761,900,175790,-1
35386.445,2,1033094,1200,175800,-1
35386.487,2,1017995,1000,174800,1
35386.527,1,1035116,300,175200,1
35386.527,1,1035117,1100,175100,1
35386.598,5,1033123,100,175550,-1
35386.598,5,1034788,600,175770,-1
35386.598,5,1034789,300,175780,-1
35386.636,5,1035220,500,175490,-1
35386.841,5,1034789,100,175780,-1
35386.841,4,1034761,900,175790,-1
35386.963,1,1035573,10,175400,1
35387.127,2,1031322,3000,176100,-1
35387.299,2,1035117,1100,175100,1
35387.465,1,1035975,1200,175000,1
35388.695,2,1034576,200,175300,1
35388.978,1,1037227,200,175400,1
35389.429,2,1033228,500,175100,1
35389.693,1,1037960,1000,176090,-1
35389.739,2,1037960,1000,176090,-1
35389.925,1,1038178,1000,176090,-1
35390.381,2,1035975,1200,175000,1
35390.384,1,1038470,1100,175300,1
35390.585,1,1038603,10,175500,1
35390.758,2,1037227,200,175400,1
35390.861,1,1038839,200,175500,1
35390.879,2,1038178,1000,176090,-1
35390.941,5,1038402,100,175710,1
35390.941,5,1038497,200,175710,1
35390.941,5,1038450,600,175550,1
35390.963,5,1038450,400,175550,1
35390.963,5,1038864,100,175550,1
35391.222,1,1039113,1000,176100,-1
35391.224,1,1039117,1000,176090,-1
35391.363,1,1039256,800,175400,1
35391.524,1,1039383,100,175200,1
35391.604,2,1038839,200,175500,1
35391.644,2,1039117,1000,176090,-1
35391.899,1,1039627,200,175510,1
35392.016,1,1039695,10,175600,1
35392.86,2,1039627,200,175510,1
35394.815,1,1041587,1000,176090,-1
35394.816,2,1038470,1100,175300,1
35394.861,1,1041620,400,176100,-1
35394.939,2,1041620,400,176100,-1
35394.996,1,1041726,700,175400,1
35395.44,5,1041302,200,175790,-1
35395.6,2,1039256,800,175400,1
35395.691,2,1041587,1000,176090,-1
35395.721,1,1042316,900,176090,-1
35396.191,2,1042316,900,176090,-1
35396.205,2,1039113,1000,176100,-1
35396.66,2,1039383,100,175200,1
35397.641,1,1043670,1000,176300,-1
35397.669,2,1035116,300,175200,1
35399.817,1,1045322,1000,176090,-1
35399.921,2,1043670,1000,176300,-1
35400.643,2,1045322,1000,176090,-1
35400.693,5,1045819,200,175790,-1
35400.693,5,1045889,100,175790,-1
35400.802,1,1046097,1000,176090,-1
35401.665,2,1046097,1000,176090,-1
35401.906,1,1047057,200,176200,-1
35402.722,1,1047750,1000,176090,-1
35403.033,2,1047057,200,176200,-1
35403.13,2,1047750,1000,176090,-1
35403.206,1,1048198,1000,176090,-1
35403.332,1,1048313,400,176300,-1
35404.019,5,1048462,500,175850,-1
35404.019,5,982214,500,175990,-1
35406.042,5,1050089,100,175790,-1
35406.274,1,1050643,500,176100,-1
35409.541,1,1052870,100,175700,1
35411.256,4,1052870,100,175700,1
35413.726,2,1041726,700,175400,1
35414.912,2,1035573,10,175400,1
35414.935,1,1057413,1000,175700,1
35415.011,4,1057413,1000,175700,1
35415.122,2,1038603,10,175500,1
35415.256,2,1039695,10,175600,1
35415.284,1,1057732,1000,175110,1
35420.798,1,1062393,2000,175770,-1
35421.325,2,145562,300,175000,1
35421.814,1,1063092,1100,175300,1
35421.835,2,1057732,1000,175110,1
35421.863,1,1063132,700,175310,1
35421.898,2,1063132,700,175310,1
35421.923,1,1063169,400,175310,1
35424.453,5,1062400,500,175720,-1
35424.453,4,1062393,400,175770,-1
35428.436,1,1068655,200,175610,1
35428.447,1,1068662,200,175600,1
35431.02,2,1063092,1100,175300,1
35435.503,1,1073746,1100,175300,1
35435.905,4,1062393,1600,175770,-1
35436.069,1,1074175,1000,170000,1
35436.845,2,1050643,500,176100,-1
35437.196,2,1068662,200,175600,1
35437.296,1,1075052,200,175700,1
35438.064,2,1075052,200,175700,1
35438.158,2,1048198,1000,176090,-1
35438.163,1,1075595,200,175600,1
35438.19,1,1075621,800,176090,-1
35438.345,2,1075621,800,176090,-1
35438.377,1,1075749,400,176090,-1
35438.41,2,1075595,200,175600,1
35438.659,2,1075749,400,176090,-1
35438.69,1,1076025,300,176090,-1
35438.745,1,1076066,200,175700,1
35439.973,2,1076025,300,176090,-1
35440.495,2,1068655,200,175610,1
35440.499,2,1076066,200,175700,1
35440.602,1,1077368,200,175800,1
35440.63,1,1077389,500,175400,1
35442.182,2,1048313,400,176300,-1
35442.264,2,1073746,1100,175300,1
35442.267,1,1078676,900,175600,1
35443.505,2,1077368,200,175800,1
35443.534,2,1063169,400,175310,1
35443.564,1,1079672,1000,175610,1
35443.603,1,1079724,200,175900,1
35443.65,2,1077389,500,175400,1
35443.658,1,1079784,500,175600,1
35444.074,2,1078676,900,175600,1
35444.089,4,957989,2000,176100,-1
35444.112,1,1080152,1000,176690,-1
35444.197,1,1080242,1000,176700,-1
35444.986,2,1079672,1000,175610,1
35447.155,1,1082599,1000,176300,-1
35447.19,2,1080152,1000,176690,-1
35447.221,1,1082639,1000,176290,-1
35450.127,2,1082639,1000,176290,-1
35450.463,2,1079724,200,175900,1
35450.486,1,1084927,1000,175610,1
35450.543,1,1084971,1200,175600,1
35450.549,1,1084978,1000,176290,-1
35450.57,1,1084991,200,176000,1
35450.599,5,1085003,1000,176040,1
35450.617,1,1085022,3000,175600,1
35450.751,5,1084981,600,176010,1
35450.751,4,1084991,200,176000,1
35451.642,2,1084978,1000,176290,-1
35451.892,2,1084927,1000,175610,1
35452.122,2,1080242,1000,176700,-1
35452.194,1,1086258,1000,175610,1
35452.962,1,1086773,100,176400,-1
35453.439,2,1086258,1000,175610,1
35453.845,1,1087458,700,175610,1
35455.098,5,1086018,100,175920,1
35456.394,1,1089159,400,177000,-1
35456.849,2,1087458,700,175610,1
35457.162,1,1089685,1000,176290,-1
35457.58,1,1090025,900,175610,1
35458.682,1,1090839,900,176400,-1
35458.689,2,1084971,1200,175600,1
35460.403,2,1082599,1000,176300,-1
35460.715,1,1092250,1000,176000,-1
35462.897,4,1092250,500,176000,-1
35464.593,4,1092250,100,176000,-1
35465.844,2,1090839,900,176400,-1
35465.846,1,1096095,1200,175600,1
35466.703,4,1092250,100,176000,-1
35467.603,4,1092250,200,176000,-1
35467.941,2,150750,300,175000,1
35468.565,1,1098017,300,170000,1
35468.617,4,1092250,100,176000,-1
35468.836,5,1097005,100,176090,-1
35471.559,1,1100329,10,176000,1
35471.915,2,1085022,3000,175600,1
35472.552,2,1089685,1000,176290,-1
35472.579,1,1101257,1000,176390,-1
35473.175,2,1086773,100,176400,-1
35474.024,1,1102250,10,176100,1
35474.088,2,1079784,500,175600,1
35474.617,4,1102250,10,176100,1
35475.641,2,1090025,900,175610,1
35476.065,4,1100329,10,176000,1
35476.427,1,1104064,700,175610,1
35476.857,1,1104408,200,176010,1
35476.858,1,1104410,200,176000,1
35476.881,4,1104408,200,176010,1
35476.881,5,1104406,190,176010,1
35477.018,5,1104406,500,176010,1
35477.17,2,1104410,200,176000,1
35477.49,2,1104064,700,175610,1
35477.517,1,1104920,300,175610,1
35479.17,2,1096095,1200,175600,1
35479.206,1,1106214,1200,176400,-1
35480.212,1,1106996,500,176400,-1
35482.792,1,1108819,100,176900,-1
35489.033,2,1104920,300,175610,1
35489.063,1,1112614,1000,175110,1
35489.109,1,1112642,3000,175100,1
35494.081,2,1106214,1200,176400,-1
35494.094,1,1116378,100,175600,1
35494.127,2,1112614,1000,175110,1
35494.16,1,1116422,1000,175610,1
35494.829,2,1116422,1000,175610,1
35494.86,1,1116910,500,175610,1
35500.294,1,1120703,1000,179700,-1
35502.632,5,1114425,500,175910,1
35503.116,1,1122848,200,175910,1
35503.181,5,1122847,500,176070,-1
35503.198,1,1122890,200,175900,1
35504.204,2,1116910,500,175610,1
35504.228,2,1116378,100,175600,1
35506.169,2,1122890,200,175900,1
35506.238,2,1101257,1000,176390,-1
35506.339,1,1125359,200,176000,1
35507.345,5,1123678,69,176060,-1
35507.355,1,1126408,600,176000,1
35507.833,1,1126852,1200,176600,-1
35508.305,2,1126852,1200,176600,-1
35508.306,1,1127147,1200,175700,1
35508.599,2,1122848,200,175910,1
35508.611,2,1125359,200,176000,1
35508.823,1,1127522,100,176000,1
35509.192,1,1127825,1000,176390,-1
35509.427,2,1127147,1200,175700,1
35509.469,1,1128101,1200,176600,-1
35509.501,2,1106996,500,176400,-1
35509.704,2,1127825,1000,176390,-1
35509.735,1,1128336,1000,176590,-1
35510.301,1,1128758,50,176000,1
35510.487,1,1128927,50,176000,1
35511.567,2,1127522,100,176000,1
35511.636,1,1129820,100,176100,1
35515.256,2,1128758,50,176000,1
35515.437,2,1128927,50,176000,1
35515.637,2,1128101,1200,176600,-1
35518.112,2,1128336,1000,176590,-1
35518.14,1,1134375,1000,176690,-1
35519.664,2,1108819,100,176900,-1
35519.681,2,1126408,600,176000,1
35519.685,2,1129820,100,176100,1
35519.718,1,1135363,1000,175200,1
35519.836,1,1135445,200,176200,1
35519.863,2,1112642,3000,175100,1
35519.871,1,1135470,500,175300,1
35519.883,1,1135480,3000,175200,1
35520.408,1,1135821,700,175900,1
35522.956,2,1135445,200,176200,1
35522.986,2,1135363,1000,175200,1
35523.016,1,1137338,1000,175910,1
35523.056,1,1137359,200,176300,1
35523.095,2,1135470,500,175300,1
35523.103,1,1137387,500,175900,1
35523.176,5,1136899,200,176310,1
35524.751,2,1137338,1000,175910,1
35527.138,1,1140077,100,176400,-1
35527.255,4,1140077,100,176400,-1
35531.604,1,1143534,300,176400,1
35534.879,2,894311,1500,177100,-1
35536.362,2,1143534,300,176400,1
35536.659,1,1147072,800,176300,1
35539.212,2,1135821,700,175900,1
35539.658,1,1149188,200,176310,1
35540.073,5,1149063,10,176410,1
35542.752,2,1134375,1000,176690,-1
35542.955,2,1137359,200,176300,1
35542.962,2,1147072,800,176300,1
35543.178,1,1151957,200,176400,1
35546.865,1,1154648,50,176400,1
35547.119,1,1154899,50,176400,1
35549.986,2,1149188,200,176310,1
35550.004,2,1151957,200,176400,1
35550.013,1,1157400,1100,176900,-1
35550.087,1,1157450,200,176510,1
35550.197,1,1157531,200,176500,1
35551.692,4,967811,300,176700,-1
35551.894,2,1154648,50,176400,1
35551.988,2,1154899,50,176400,1
35552.075,2,1157531,200,176500,1
35552.919,1,1159672,5700,176500,1
35553.943,2,1157450,200,176510,1
35554.494,1,1161097,200,176700,1
35555.018,5,1160012,300,176710,1
35555.018,5,1160745,100,176710,1
35555.018,5,1161010,800,176710,1
35555.018,4,1161097,200,176700,1
35555.018,5,1159698,500,176650,1
35555.018,4,1159672,400,176500,1
35555.131,1,1161641,200,176710,1
35555.264,2,1161641,200,176710,1
35556.603,1,1162732,1200,177100,-1
35556.634,2,1157400,1100,176900,-1
35558.437,2,1159672,5300,176500,1
35558.47,1,1164041,1000,175910,1
35558.574,2,1135480,3000,175200,1
35558.594,1,1164120,3000,175900,1
35559.08,2,1162732,1200,177100,-1
35564.533,5,1162035,100,176880,-1
35565.821,1,1168696,1000,177100,-1
35566.133,1,1168898,50,176800,1
35568.367,2,710890,200,178700,-1
35568.381,1,1170704,200,177200,-1
35570.36,2,1168898,50,176800,1
35572.159,5,1171293,100,176810,1
35574.859,2,1168696,1000,177100,-1
35575.713,2,1089159,400,177000,-1
35576.506,1,1177370,1100,177300,-1
35577.434,5,1162035,200,176880,-1
35578.026,5,1162035,200,176880,-1
35578.265,2,1177370,1100,177300,-1
35579.397,1,1179547,1200,177300,-1
35579.86,1,1180021,100,176100,1
35579.891,2,1164041,1000,175910,1
35579.924,1,1180073,1000,176110,1
35579.941,2,1164120,3000,175900,1
35579.948,2,1137387,500,175900,1
35579.956,1,1180101,500,176100,1
35579.964,1,1180105,3000,176100,1
35588.283,1,1186482,10,176900,-1
35588.34,4,1186482,10,176900,-1
35589.928,1,1187578,10,177000,-1
35592.99,2,1170704,200,177200,-1
35592.992,1,1190081,200,177400,-1
35595.158,1,1191922,1200,176300,1
35595.201,2,1180073,1000,176110,1
35595.233,1,1192007,1000,176310,1
35595.294,2,1180105,3000,176100,1
35595.297,2,1180101,500,176100,1
35595.305,1,1192065,500,176300,1
35595.312,1,1192069,3000,176300,1
35595.445,1,1192167,5700,176900,1
35595.479,4,1192167,1800,176900,1
35595.49,4,1192167,1800,176900,1
35595.602,4,1192167,100,176900,1
35595.905,4,1192167,2000,176900,1
35598.084,5,1194059,100,176850,-1
35598.185,2,1187578,10,177000,-1
35598.217,1,1194185,1000,177290,-1
35599.122,2,1192069,3000,176300,1
35602.076,1,1197043,10,176900,-1
35603.33,1,1197985,500,177300,-1
35604.083,5,1198210,10,176810,1
35604.239,2,1197043,10,176900,-1
35605.081,2,1192065,500,176300,1
35605.084,2,1197985,500,177300,-1
35605.915,1,1200003,3000,176300,1
35606.053,1,1200096,10,176900,-1
35608.02,2,1179547,1200,177300,-1
35611.261,5,1194531,100,176700,1
35611.559,1,1203915,1200,177300,-1
35611.61,2,1203915,1200,177300,-1
35612.488,1,1204434,1200,177300,-1
35612.929,2,1191922,1200,176300,1
35613.547,2,1192007,1000,176310,1
35613.577,1,1205070,600,176310,1
35614.929,2,1200003,3000,176300,1
35615.252,1,1206150,1000,176850,-1
35615.371,1,1206223,500,176300,1
35615.405,2,1205070,600,176310,1
35615.437,1,1206253,400,176310,1
35615.556,1,1206311,10,176800,-1
35615.952,2,1206253,400,176310,1
35617.726,2,1206150,1000,176850,-1
35618.584,1,1208403,10,176700,-1
35618.994,1,1208693,100,176400,1
35619.024,2,1206223,500,176300,1
35619.644,1,1209463,1200,176200,1
35628.557,1,1216647,1,10000,1
35629.1,2,1208693,100,176400,1
35629.123,1,1217090,900,176210,1
35629.5,2,1209463,1200,176200,1
35630.295,2,1217090,900,176210,1
35630.325,1,1218214,800,176110,1
35635.189,1,1222038,500,177300,-1
35635.197,1,1222044,500,176200,1
35635.217,2,1218214,800,176110,1
35635.249,1,1222076,1000,176210,1
35636.416,1,1222797,1000,176300,1
35636.454,2,1222076,1000,176210,1
35636.482,1,1222852,900,176310,1
35636.595,2,1222044,500,176200,1
35636.61,1,1222946,500,176300,1
35636.896,1,1223122,10,176600,-1
35637.089,2,1180021,100,176100,1
35643.723,2,1222797,1000,176300,1
35644.456,1,1228799,2000,177500,-1
35645.305,1,1229497,1200,176300,1
35649.344,1,1232047,700,176500,1
35649.579,2,1229497,1200,176300,1
35653.85,2,1232047,700,176500,1
35653.858,4,1223122,10,176600,-1
35653.858,1,1235191,590,176600,1
35653.985,2,1200096,10,176900,-1
35654.024,2,1206311,10,176800,-1
35654.067,2,1208403,10,176700,-1
35655.577,2,1222852,900,176310,1
35655.602,5,1236107,500,176770,-1
35655.602,5,1236327,200,176790,-1
35658.546,2,1235191,590,176600,1
35658.559,1,1239185,900,176310,1
35658.863,2,1222946,500,176300,1
35660.841,1,1241120,700,176600,1
35665.211,1,1244577,10,176800,-1
35673.886,4,1241120,69,176600,1
35674.855,5,1250438,100,176620,1
35675.76,5,1251663,200,176700,-1
35676.519,2,1204434,1200,177300,-1
35676.562,1,1252538,1000,177000,-1
35676.64,2,1222038,500,177300,-1
35676.647,1,1252617,500,177000,-1
35676.864,5,1252656,75,176610,1
35679.158,4,1241120,269,176600,1
35679.514,4,1241120,65,176600,1
35679.561,4,1241120,100,176600,1
35681.602,4,1241120,197,176600,1
35683.132,1,1258557,10,176700,-1
35685.871,2,1190081,200,177400,-1
35685.889,1,1260863,100,176900,-1
35685.994,2,1252617,500,177000,-1
35686.002,1,1260971,500,176900,-1
35686.848,1,1261621,10,176600,-1
35691.7,1,1265476,100,176800,-1
35694.097,2,1265476,100,176800,-1
35698.26,2,1252538,1000,177000,-1
35698.849,4,1261621,10,176600,-1
35698.987,2,1244577,10,176800,-1
35699.029,2,1258557,10,176700,-1
35699.897,2,1260863,100,176900,-1
35699.9,1,1271726,200,177000,-1
35703.639,1,1274626,200,177000,-1
35703.827,1,1274787,700,179600,-1
35711.389,1,1279942,1100,177000,-1
35713.606,1,1281625,100,176800,-1
35716.582,2,355592,3535,175100,1
35717.586,2,1281625,100,176800,-1
35725.116,2,1279942,1100,177000,-1
35726.589,1,1290732,100,176900,-1
35729.092,2,1271726,200,177000,-1
35729.095,1,1292722,200,177200,-1
35730.852,2,1290732,100,176900,-1
35734.581,2,1292722,100,177200,-1
35735.497,5,1292431,200,176700,1
35735.497,5,1293578,100,176700,1
35736.402,1,1297089,1500,176500,1
35739.172,1,1298614,100,176900,-1
35739.53,5,1298318,500,176620,1
35739.53,5,1294049,200,176610,1
35743.546,2,1260971,500,176900,-1
35747.436,2,1298614,100,176900,-1
35747.45,2,1194185,1000,177290,-1
35747.494,1,1302684,1000,176990,-1
35747.932,2,1302684,1000,176990,-1
35748.791,1,1303398,1000,176990,-1
35749.02,2,147123,200,172100,1
35749.682,2,1303398,1000,176990,-1
35749.745,1,1303876,1000,176990,-1
35750.338,2,1303876,1000,176990,-1
35750.553,1,1304484,1000,176990,-1
35750.889,1,1304724,100,176700,-1
35750.931,2,1304484,1000,176990,-1
35751.137,1,1304834,100,176700,-1
35754.678,5,1304748,11,176660,-1
35756.315,1,1307711,1200,177000,-1
35758.184,2,1307711,1200,177000,-1
35758.508,2,1292722,100,177200,-1
35758.525,1,1309020,200,177300,-1
35759.867,1,1310016,1200,176300,1
35762.078,4,1304724,100,176700,-1
35762.871,4,1304834,100,176700,-1
35762.885,1,1312585,1000,176990,-1
35764.736,2,1312585,1000,176990,-1
35764.76,1,1314053,600,176990,-1
35765.307,2,1314053,600,176990,-1
35765.325,1,1314494,500,176990,-1
35765.832,2,1309020,200,177300,-1
35765.851,1,1314916,200,177700,-1
35766.463,2,1314494,500,176990,-1
35766.478,1,1315358,400,176990,-1
35767.853,2,1315358,400,176990,-1
35768.393,2,1310016,1200,176300,1
35770.294,1,1318022,500,176990,-1
35771.118,2,1318022,500,176990,-1
35777.712,5,1322888,30,176800,-1
35781.462,1,1326095,1200,176400,1
35781.953,2,145353,400,173000,1
35784.322,2,1239185,900,176310,1
35784.337,1,1327635,1000,176510,1
35784.385,1,1327652,500,176600,1
35784.4,2,1327635,1000,176510,1
35784.415,1,1327665,1000,176610,1
35785.917,2,1327665,1000,176610,1
35787.408,1,1329217,1000,176610,1
35788.948,5,1330098,35,176990,-1
35791.687,1,1332675,1200,177300,-1
35792.037,2,1216647,1,10000,1
35792.85,5,1332375,200,176960,-1
35793.566,5,1332375,200,176960,-1
35796.523,2,1332675,1200,177300,-1
35798.58,4,1274626,200,177000,-1
35798.603,1,1338186,1000,177490,-1
35798.712,1,1338261,500,177500,-1
35800.624,1,1339714,10,177000,1
35801.052,2,1326095,1200,176400,1
35801.054,1,1340019,1200,176700,1
35801.189,2,1327652,500,176600,1
35801.204,1,1340133,500,176700,1
35801.8,2,1340019,1200,176700,1
35803.631,1,1341761,1200,176700,1
35804.389,2,1341761,1200,176700,1
35807.879,1,1344278,1200,176700,1
35808.886,1,1344916,10,177100,1
35809.84,1,1345433,30,176000,1
35810.033,4,1344916,10,177100,1
35810.033,1,1345540,1690,177100,-1
35814.105,5,1347689,300,177060,-1
35816.06,1,1348928,200,177010,1
35816.084,1,1348943,200,177000,1
35822.303,2,1344278,1200,176700,1
35822.344,1,1352566,1100,177400,-1
35824.412,4,1348928,100,177010,1
35825.526,4,1348928,100,177010,1
35828.727,5,1348941,100,177010,1
35831.027,2,1340133,500,176700,1
35831.514,5,1348941,600,177010,1
35831.611,5,1348941,100,177010,1
35831.611,4,1339714,10,177000,1
35831.611,4,1348943,90,177000,1
35831.739,2,1348943,110,177000,1
35833.754,2,1345540,1690,177100,-1
35833.758,2,1329217,1000,176610,1
35833.774,2,1338186,1000,177490,-1
35833.776,1,1359864,1000,176510,1
35833.789,1,1359885,1000,177390,-1
35833.878,1,1359936,3000,176500,1
35833.884,2,1338261,500,177500,-1
35833.894,1,1359943,500,177400,-1
35833.966,1,1359972,1200,176500,1
35834.083,2,1359936,3000,176500,1
35835.385,2,1359972,1200,176500,1
35836.737,1,1361796,1490,176900,-1
35838.864,1,1363179,200,170600,1
35840.633,5,1362359,900,176860,-1
35841.765,1,1364914,1100,176500,1
35843.131,5,1362019,500,176890,-1
35843.131,4,1361796,1490,176900,-1
35843.181,2,1359943,500,177400,-1
35843.649,1,1365967,10,177000,1
35844.952,4,1365967,10,177000,1
35844.952,1,1366604,90,176900,-1
35845.001,4,1366604,90,176900,-1
35846.446,5,1367045,500,177010,1
35846.627,1,1367504,90,176600,1
35846.648,2,1359864,1000,176510,1
35846.664,1,1367535,1000,176610,1
35856.777,1,1373481,2500,177000,1
35857.7,1,1374105,200,177010,1
35857.708,1,1374112,200,177000,1
35865.15,2,1352566,1100,177400,-1
35868.311,1,1380217,2500,177000,1
35874.618,1,1383869,10,177100,1
35875.182,2,1359885,1000,177390,-1
35875.2,1,1384177,1000,177490,-1
35876.697,1,1385131,500,177500,-1
35877.513,4,1383869,10,177100,1
35877.517,2,1385131,500,177500,-1
35877.705,5,1374120,90,177030,1
35888.914,5,1374120,310,177030,1
35888.914,5,1374122,400,177020,1
35888.914,4,1374105,200,177010,1
35888.914,5,1374102,90,177010,1
35896.1,2,1374112,200,177000,1
35898.927,2,1364914,1100,176500,1
35898.969,1,1398161,1200,176800,1
35901.079,1,1399209,1500,177000,1
35904.005,5,1397711,300,177130,1
35905.742,1,1401504,10,177100,1
35917.039,1,1407734,10,177200,1
35917.867,2,1398161,1200,176800,1
35923.844,1,1411264,1500,177000,1
35929.601,1,1414310,1100,177500,-1
35933.851,2,1414310,1100,177500,-1
35935.718,4,1407734,10,177200,1
35939.963,1,1419301,200,176200,1
35941.068,2,1384177,1000,177490,-1
35941.164,1,1419815,1200,177700,-1
35941.302,5,1365968,400,177340,-1
35946.029,2,1419301,200,176200,1
35948.812,5,1422821,39,177210,1
35949.078,1,1423332,1656,178000,-1
35949.984,1,1423815,10,177200,1
35955.931,1,1427068,10,177300,1
35958.044,4,1427068,10,177300,1
35958.199,4,1423815,10,177200,1
35962.97,1,1430499,800,180000,-1
35973.581,5,1435458,10,177280,-1
35975.526,1,1436504,10,177300,1
35975.555,4,1436504,10,177300,1
35985.583,2,1367535,1000,176610,1
35994.091,1,1444624,400,177200,-1
35995.295,2,1012360,300,175100,1
35998.346,5,1445782,389,177160,-1
35998.346,4,1444624,310,177200,-1
35998.615,4,1444624,7,177200,-1
35998.948,4,1444624,36,177200,-1
35999.347,2,1401504,10,177100,1
35999.65,1,1447078,200,176200,1
35999.692,2,1444624,47,177200,-1
36001.056,2,1419815,1200,177700,-1
36001.056,1,1447733,1000,177800,-1
36003.502,5,1448655,1100,177440,-1
36003.502,5,1448130,500,177490,-1
36003.502,4,1228799,400,177500,-1
36003.695,4,1228799,1600,177500,-1
36004.099,2,1314916,200,177700,-1
36004.105,1,1449963,200,177900,-1
36004.114,1,1449968,1000,177010,1
36004.186,2,1447733,1000,177800,-1
36004.196,1,1450045,500,177800,-1
36004.207,1,1450055,1000,177890,-1
36004.229,1,1450070,1200,176900,1
36004.251,2,1450045,500,177800,-1
36004.364,2,1450070,1200,176900,1
36004.408,1,1450202,1200,177800,-1
36004.58,1,1450345,800,177500,1
36004.606,4,1450345,70,177500,1
36005.285,2,1450202,1200,177800,-1
36006.192,2,1449968,1000,177010,1
36006.877,2,1447078,200,176200,1
36007.066,2,1450055,1000,177890,-1
36007.11,1,1452498,900,177900,-1
36007.726,1,1453001,1100,178000,-1
36007.728,2,1452498,900,177900,-1
36010.755,5,1454881,100,177790,-1
36011.598,2,1449963,200,177900,-1
36011.604,1,1455887,200,177800,-1
36012.553,2,1455887,200,177800,-1
36012.558,1,1456715,200,178000,-1
36012.573,2,1453001,1100,178000,-1
36012.582,1,1456740,1200,178200,-1
36013.246,5,1454881,400,177790,-1
36014.588,2,1456715,200,178000,-1
36014.59,1,1458311,200,178200,-1
36016.866,1,1459868,1500,177500,1
36017.48,2,1458311,200,178200,-1
36017.5,1,1460480,200,178700,-1
36018.268,1,1461341,1000,177510,1
36018.407,1,1461461,3000,177500,1
36018.631,4,1423332,96,178000,-1
36020.568,2,1461341,1000,177510,1
36020.597,1,1463573,800,177510,1
36021.429,4,1423332,1560,178000,-1
36025.285,5,1464445,88,178150,-1
36025.991,1,1468774,500,177600,1
36026.019,2,1463573,800,177510,1
36026.05,1,1468815,1000,177610,1
36026.168,2,1461461,3000,177500,1
36026.185,1,1468937,3000,177600,1
36026.256,2,1460480,200,178700,-1
36026.27,2,1468815,1000,177610,1
36026.282,5,1468054,100,178100,1
36026.294,2,968087,300,171800,1
36026.311,1,1469095,300,153500,1
36026.379,1,1469170,1000,177610,1
36026.397,2,1469170,1000,177610,1
36026.44,1,1469226,1000,177610,1
36026.46,2,1469226,1000,177610,1
36026.488,1,1469291,1000,177610,1
36026.816,2,1469291,1000,177610,1
36027.19,2,1456740,1200,178200,-1
36027.475,1,1470117,800,178100,-1
36027.499,4,1470117,800,178100,-1
36028.691,1,1470999,1000,177610,1
36028.972,2,1470999,1000,177610,1
36029.364,1,1471571,900,177610,1
36029.582,2,1471571,900,177610,1
36030.144,1,1472139,1000,177610,1
36030.19,2,1472139,1000,177610,1
36030.222,1,1472182,800,177610,1
36031.582,1,1473409,1000,178390,-1
36031.972,2,1472182,800,177610,1
36032.285,2,1473409,1000,178390,-1
36032.441,1,1474253,1000,178390,-1
36033.302,2,1474253,1000,178390,-1
36034.003,1,1475584,700,177610,1
36035.169,1,1476501,1000,178400,-1
36035.602,2,1468774,500,177600,1
36036.351,2,1468937,3000,177600,1
36037.743,1,1479012,500,178100,-1
36037.771,5,1474488,500,178090,-1
36037.771,4,1479012,500,178100,-1
36038.131,1,1479315,1000,178390,-1
36038.386,2,1450345,730,177500,1
36038.458,2,1479315,1000,178390,-1
36038.563,1,1479731,100,178000,-1
36038.594,1,1479763,80,178100,-1
36038.802,4,1479731,100,178000,-1
36038.827,4,1479763,80,178100,-1
36038.827,5,1479819,920,178100,-1
36038.848,1,1479978,1000,178390,-1
36039.113,2,1479978,1000,178390,-1
36039.237,1,1480303,1000,178390,-1
36039.8,2,1480303,1000,178390,-1
36039.834,1,1480821,800,178390,-1
36040.915,2,1475584,700,177610,1
36041.063,1,1481745,100,178000,-1
36041.172,1,1481830,3000,177500,1
36041.659,1,1482153,700,177510,1
36041.738,2,1482153,700,177510,1
36041.762,2,1476501,1000,178400,-1
36041.996,1,1482493,600,178000,-1
36042.456,1,1482769,700,177510,1
36042.548,1,1482828,200,178200,-1
36043.082,1,1483271,1000,178000,-1
36043.332,2,1482769,700,177510,1
36043.571,5,1483473,100,177750,1
36045.17,2,1481830,3000,177500,1
36045.434,5,1485003,400,177750,1
36045.434,5,1485234,100,177710,1
36045.648,2,1482493,600,178000,-1
36051.504,5,1485350,500,177550,1
36051.504,4,1459868,200,177500,1
36051.722,1,1490359,1200,177200,1
36052.112,4,1459868,200,177500,1
36052.279,1,1490824,200,177700,-1
36052.353,1,1490875,1600,177800,-1
36052.716,2,1490359,1200,177200,1
36053.326,2,1490824,200,177700,-1
36053.851,2,1482828,200,178200,-1
36053.868,1,1492229,100,177800,-1
36054.692,4,1459868,100,177500,1
36054.858,4,1459868,100,177500,1
36054.973,4,1459868,300,177500,1
36055.205,4,1459868,600,177500,1
36055.205,1,1493339,400,177500,-1
36055.237,1,1493378,1000,177010,1
36055.296,1,1493441,3000,177000,1
36055.398,1,1493546,1300,177800,-1
36060.159,4,1493339,400,177500,-1
36060.526,2,1492229,100,177800,-1
36060.543,1,1497854,200,177900,-1
36062.054,1,1499012,2000,177600,-1
36062.18,2,1481745,100,178000,-1
36062.183,1,1499134,100,177500,-1
36062.366,2,1493441,3000,177000,1
36063.761,1,1500483,400,177500,-1
36068.836,2,1493546,1300,177800,-1
36070.01,1,1504866,47,177500,-1
36070.655,2,1469095,300,153500,1
36070.667,1,1505443,300,171600,1
36071.817,1,1506304,500,177100,1
36071.847,2,1493378,1000,177010,1
36071.879,1,1506344,1000,177110,1
36072.333,2,1497854,200,177900,-1
36072.353,1,1506684,200,178200,-1
36073.681,4,1499134,100,177500,-1
36073.681,4,1500483,400,177500,-1
36073.72,4,1504866,47,177500,-1
36074.914,2,1506684,200,178200,-1
36074.936,1,1508611,300,179800,-1
36075.673,2,1490875,1600,177800,-1
36080.911,4,1499012,500,177600,-1
36080.969,4,1499012,400,177600,-1
36081.247,4,1499012,153,177600,-1
36081.28,4,1499012,200,177600,-1
36081.721,4,1499012,500,177600,-1
36081.881,5,1513703,500,177540,1
36081.881,5,1514322,15,177510,1
36081.936,1,1514754,1200,177900,-1
36081.98,2,1505443,300,171600,1
36081.981,4,1499012,247,177600,-1
36081.998,1,1514817,300,176100,1
36082.003,2,1480821,800,178390,-1
36082.04,1,1514854,700,177890,-1
36082.531,1,1515295,200,177000,1
36082.846,2,1514854,700,177890,-1
36083.504,5,1514861,46,177840,-1
36084.237,2,1514754,1200,177900,-1
36084.283,1,1516656,1100,178100,-1
36084.531,1,1516833,3000,177100,1
36092.083,1,1522541,500,177980,-1
36092.364,1,1522733,800,178200,-1
36092.401,2,1516656,1100,178100,-1
36092.877,2,1506344,1000,177110,1
36092.91,1,1523161,700,177110,1
36094.133,2,1522541,500,177980,-1
36094.381,2,1506304,500,177100,1
36094.979,1,1524758,500,177800,-1
36096.295,2,1524758,500,177800,-1
36096.723,5,1525367,100,177790,-1
36098.6,2,1508611,300,179800,-1
36098.604,1,1527877,200,179100,-1
36100.716,1,1529215,500,177780,-1
36102.126,5,1529371,400,177770,-1
36102.126,4,1529215,500,177780,-1
36102.126,5,1529995,1327,177800,-1
36106.439,1,1533384,700,184800,-1
36108.949,2,1516833,3000,177100,1
36112.806,1,1537562,1200,177300,1
36114.113,2,1523161,700,177110,1
36114.145,1,1538456,1000,177310,1
36114.596,2,1538456,1000,177310,1
36114.628,1,1538761,700,177310,1
36114.833,2,1537562,1200,177300,1
36117.996,1,1541134,700,177300,1
36118.769,2,105645,2000,182000,-1
36119.916,1,1542233,200,175500,1
36125.903,2,1542233,200,175500,1
36126.613,2,1541134,700,177300,1
36126.893,2,1538761,700,177310,1
36126.923,1,1546877,1000,177010,1
36127.003,1,1546948,500,177100,1
36127.012,1,1546955,3000,177000,1
36127.018,2,1546877,1000,177010,1
36127.035,1,1546973,1000,177110,1
36127.248,2,1546955,3000,177000,1
36127.292,1,1547238,3000,177100,1
36127.593,1,1547477,1100,177200,1
36127.627,2,1546973,1000,177110,1
36127.642,1,1547518,1000,177210,1
36127.732,2,1546948,500,177100,1
36127.74,1,1547593,500,177200,1
36128.455,1,1548221,1000,177990,-1
36132.841,2,1547238,3000,177100,1
36133.03,2,1483271,1000,178000,-1
36133.238,1,1551467,1000,178000,-1
36133.461,1,1551632,500,178000,-1
36135.643,2,1547518,1000,177210,1
36136.532,2,1547477,1100,177200,1
36136.535,1,1554072,700,177100,1
36136.97,2,1548221,1000,177990,-1
36138.159,1,1555433,900,177210,1
36138.268,2,1555433,900,177210,1
36138.451,2,1547593,500,177200,1
36138.831,1,1556135,800,177110,1
36139.016,2,1556135,800,177110,1
36139.63,1,1556943,800,177110,1
36140.441,2,1556943,800,177110,1
36140.893,1,1558024,1000,177990,-1
36141.236,2,1558024,1000,177990,-1
36141.44,1,1558391,1000,177990,-1
36142.345,2,1558391,1000,177990,-1
36142.376,1,1559239,900,177990,-1
36142.647,1,1559491,1000,177110,1
36143.159,2,1559491,1000,177110,1
36143.535,1,1560295,1000,177110,1
36143.711,2,1559239,900,177990,-1
36144.05,2,1560295,1000,177110,1
36144.08,1,1560763,900,177110,1
36144.142,2,1560763,900,177110,1
36144.173,1,1560859,400,177110,1
36144.474,1,1561077,1000,177990,-1
36145.315,2,1561077,1000,177990,-1
36145.563,5,1561756,10,177450,1
36145.582,2,1560859,400,177110,1
36145.614,1,1562043,1000,177990,-1
36146.411,1,1562722,400,177600,-1
36147.215,1,1563372,10,177600,-1
36148.519,2,1562722,400,177600,-1
36148.838,1,1564572,10,177500,-1
36149.346,1,1564898,1000,177110,1
36150.559,4,1564572,10,177500,-1
36150.559,5,1562732,390,177550,-1
36150.598,2,1554072,700,177100,1
36150.641,1,1565856,600,177400,1
36150.702,2,1563372,10,177600,-1
36150.859,5,1565913,10,177450,1
36152.5,1,1567177,400,177690,-1
36152.803,2,1551632,500,178000,-1
36153.268,2,1564898,1000,177110,1
36153.946,2,1567177,400,177690,-1
36154.052,2,1522733,800,178200,-1
36154.095,2,1562043,1000,177990,-1
36154.126,1,1568407,800,177990,-1
36155.641,1,1569634,100,177410,1
36156.516,2,1551467,1000,178000,-1
36156.784,1,1570419,1000,177700,-1
36156.785,2,1568407,800,177990,-1
36158.987,1,1572285,200,177700,-1
36159.957,4,1570419,300,177700,-1
36160.016,4,1570419,200,177700,-1
36160.206,2,1565856,600,177400,1
36162.428,4,1570419,300,177700,-1
36165.271,1,1576842,400,177690,-1
36166.204,4,1576842,300,177690,-1
36167.704,2,1576842,100,177690,-1
36169.99,1,1580387,10,177600,-1
36170.965,1,1581203,400,177500,1
36172.902,2,1581203,400,177500,1
36175.314,2,1572285,200,177700,-1
36178.433,1,1586955,200,177500,-1
36182.129,1,1589727,100,177490,-1
36182.672,4,1569634,100,177410,1
36182.706,1,1590278,800,177010,1
36182.838,1,1590381,3000,177000,1
36183.879,2,1590381,3000,177000,1
36183.985,2,1589727,100,177490,-1
36185.081,1,1592179,100,177300,-1
36186.219,2,1590278,800,177010,1
36186.249,1,1593068,700,177010,1
36186.272,2,1592179,100,177300,-1
36186.288,2,1593068,700,177010,1
36189.333,1,1595663,10,177200,-1
36189.478,1,1595812,500,177500,-1
36192.067,1,1597681,1000,177300,-1
36194.188,4,1595663,10,177200,-1
36194.199,4,1597681,500,177300,-1
36194.203,4,1597681,500,177300,-1
36194.341,2,1580387,10,177600,-1
36194.693,5,1599182,500,177290,-1
36196.188,1,1600783,1000,177010,1
36196.611,2,1600783,1000,177010,1
36196.626,1,1601158,700,177010,1
36196.938,2,1601158,700,177010,1
36196.969,1,1601461,600,177010,1
36197.583,2,1586955,200,177500,-1
36198.942,5,1601563,500,177440,-1
36199.375,2,1601461,600,177010,1
36199.39,1,1603773,400,177010,1
36200.527,2,1595812,500,177500,-1
36202.327,1,1606544,200,186500,-1
36202.468,2,1603773,400,177010,1
36205.967,5,1605875,500,177450,-1
36206.46,1,1609523,500,177490,-1
36206.493,5,1609533,84,177440,-1
36206.493,4,1609523,500,177490,-1
36206.493,5,1604218,416,177490,-1
36208.343,1,1610999,1000,177010,1
36210.348,1,1612796,400,177900,-1
36210.35,1,1612798,500,175700,1
36210.484,2,1610999,1000,177010,1
36210.484,5,1612047,100,177350,1
36210.515,1,1612975,400,177010,1
36212.779,1,1614722,200,177600,-1
36212.829,5,1614152,500,177490,-1
36212.829,5,1614748,500,177540,-1
36213.018,5,1614748,100,177540,-1
36213.018,5,1614793,200,177570,-1
36213.018,4,1614722,200,177600,-1
36213.059,5,1611062,100,177310,1
36213.549,2,1612975,400,177010,1
36213.578,1,1615275,700,177010,1
36213.638,5,1615081,100,177480,-1
36214.359,2,1615275,700,177010,1
36214.906,1,1616197,1000,177010,1
36215.109,2,1616197,1000,177010,1
36215.139,1,1616362,800,177010,1
36215.172,1,1616384,500,177500,1
36216.953,1,1617749,300,177690,-1
36217.004,2,1612796,400,177900,-1
36217.017,1,1617820,200,177800,-1
36217.062,2,1616362,800,177010,1
36218.285,4,1616384,369,177500,1
36218.359,2,1617749,300,177690,-1
36221.168,1,1621382,100,176600,1
36221.266,1,1621491,100,176600,1
36221.283,2,1617820,200,177800,-1
36221.288,1,1621510,200,177700,-1
36222.376,1,1622367,1000,176700,1
36222.478,1,1622453,1000,176700,1
36222.639,1,1622607,1000,176700,1
36222.747,1,1622689,1000,176700,1
36222.778,5,1621540,512,177680,-1
36222.778,5,1622242,488,177680,-1
36223.137,5,1622914,100,177640,-1
36223.137,5,1621542,400,177690,-1
36223.137,4,1570419,200,177700,-1
36223.137,4,1621510,200,177700,-1
36223.171,1,1623034,1000,178390,-1
36223.207,1,1623073,3000,178400,-1
36223.341,1,1623166,500,178900,-1
36223.77,2,1623166,500,178900,-1
36223.782,1,1623572,500,182100,-1
36225.26,5,1623036,88,177550,1
36225.278,2,1623073,3000,178400,-1
36225.992,1,1625365,200,177600,-1
36226.298,1,1625647,100,177700,-1
36226.583,4,1625365,200,177600,-1
36226.666,1,1626017,500,176700,1
36226.935,2,1621491,100,176600,1
36227.015,2,1621382,100,176600,1
36227.656,2,1626017,500,176700,1
36228.776,4,1625647,100,177700,-1
36232.446,1,1630892,500,178400,-1
36233.193,1,1631455,3000,177500,1
36233.25,1,1631498,1000,177510,1
36233.381,2,1622689,1000,176700,1
36233.457,2,1622607,1000,176700,1
36233.459,2,1622453,1000,176700,1
36233.461,2,1622367,1000,176700,1
36234.458,1,1632400,200,177900,-1
36234.606,5,1632483,25,177800,1
36235.762,1,1633461,300,177890,-1
36235.858,2,1631498,1000,177510,1
36236.158,1,1633825,200,177810,1
36236.535,1,1634359,200,177800,1
36236.868,2,1633825,200,177810,1
36236.928,2,1634359,200,177800,1
36236.962,2,1632400,200,177900,-1
36237.087,1,1634975,200,177800,1
36237.573,5,1634949,200,177810,1
36237.798,2,1634975,200,177800,1
36237.884,1,1635842,200,177800,1
36238.163,2,1527877,200,179100,-1
36238.164,2,1514817,300,176100,1
36238.182,1,1636196,200,177900,-1
36238.185,1,1636198,300,173500,1
36239.539,5,1635841,700,177810,1
36239.539,4,1635842,200,177800,1
36239.598,1,1637509,500,170000,1
36239.638,1,1637553,200,175600,1
36239.689,1,1637601,1000,177510,1
36240.315,2,1637601,1000,177510,1
36240.365,4,1633461,300,177890,-1
36240.365,4,1636196,200,177900,-1
36240.624,1,1638316,1000,177510,1
36242.079,1,1639457,300,178900,-1
36243.223,2,1639457,300,178900,-1
36243.226,1,1640512,300,182900,-1
36244.339,1,1641503,500,177600,1
36244.358,2,1638316,1000,177510,1
36244.374,1,1641518,1000,177610,1
36245.402,1,1642351,200,178000,-1
36246.753,2,1637553,200,175600,1
36247.943,5,1642786,121,177990,-1
36247.943,4,1642351,79,178000,-1
36248.296,2,1623034,1000,178390,-1
36248.823,4,1642351,121,178000,-1
36248.842,1,1645004,900,178390,-1
36249.039,2,1630892,500,178400,-1
36249.046,2,1641503,500,177600,1
36249.787,2,1641518,1000,177610,1
36249.81,1,1645853,700,177510,1
36262.808,2,1623572,500,182100,-1
36262.821,1,1656088,400,179000,-1
36265.674,1,1658865,200,177900,1
36265.971,5,1658850,100,177910,1
36266.267,5,1658850,200,177910,1
36266.298,5,1658850,200,177910,1
36266.366,5,1658850,100,177910,1
36266.397,4,1658865,200,177900,1
36271.392,1,1663926,1000,177900,-1
36272.115,2,1631455,3000,177500,1
36273.721,1,1665792,1000,168000,1
36275.265,1,1667110,1000,178900,-1
36278.626,2,1645853,700,177510,1
36279.412,2,1663926,1000,177900,-1
36279.503,1,1671377,3000,178400,-1
36279.51,1,1671384,500,178400,-1
36279.572,1,1671459,10,177800,-1
36279.942,2,1656088,400,179000,-1
36279.988,1,1671938,400,178200,-1
36280.131,2,1671384,500,178400,-1
36280.14,1,1672095,500,178200,-1
36280.163,1,1672125,700,177800,-1
36281.598,1,1673742,10,177700,-1
36282.921,2,1671377,3000,178400,-1
36284.006,2,1672095,500,178200,-1
36284.031,1,1676414,500,177800,-1
36285.343,2,1672125,700,177800,-1
36285.972,4,1616384,100,177500,1
36286.072,1,1678519,3000,177000,1
36286.081,1,1678529,500,177100,1
36286.865,1,1679237,100,177700,-1
36287.142,2,1679237,100,177700,-1
36287.228,4,1616384,10,177500,1
36287.468,2,1671459,10,177800,-1
36287.53,2,1673742,10,177700,-1
36287.564,2,1645004,900,178390,-1
36288.169,1,1680425,1000,177790,-1
36289.577,1,1681763,10,177600,-1
36290.248,4,1616384,21,177500,1
36290.266,1,1682487,1000,177110,1
36291.028,2,1682487,1000,177110,1
36291.557,2,1678519,3000,177000,1
36291.871,2,1680425,1000,177790,-1
36291.888,1,1683966,1000,177590,-1
36292.049,2,1683966,1000,177590,-1
36292.152,1,1684190,10,177400,-1
36292.484,1,1684469,200,177210,1
36292.499,1,1684484,200,177200,1
36292.656,2,1678529,500,177100,1
36292.664,1,1684635,500,177200,1
36293.277,5,1684620,500,177260,1
36293.293,2,1684484,200,177200,1
36293.369,1,1685245,200,177300,1
36293.499,5,1685237,300,177310,1
36293.66,2,1684469,200,177210,1
36293.673,2,1685245,200,177300,1
36294.551,1,1686419,200,177210,1
36294.575,1,1686447,200,177200,1
36294.6,2,1676414,500,177800,-1
36294.604,2,1684635,500,177200,1
36294.606,2,1686419,200,177210,1
36294.691,2,1686447,200,177200,1
36295.768,1,1687611,10,177300,-1
36299.227,1,1691097,100,177200,1
36303.025,2,1681763,10,177600,-1
36303.219,2,1684190,10,177400,-1
36303.479,2,1687611,10,177300,-1
36303.497,1,1694595,1000,178190,-1
36303.67,2,1691097,100,177200,1
36303.692,1,1694801,300,177300,-1
36309.262,1,1699805,100,177100,1
36310.818,2,39236,1000,175000,1
36311.093,5,1692278,100,177220,1
36312.65,5,1699853,300,177150,1
36313.262,1,1703011,1000,177200,-1
36313.962,4,1703011,200,177200,-1
36314.953,2,1694801,300,177300,-1
36315.663,1,1704928,400,177200,-1
36316.277,4,1703011,500,177200,-1
36316.378,4,1703011,300,177200,-1
36316.378,4,1704928,200,177200,-1
36319.199,4,1704928,200,177200,-1
36319.199,1,1707543,300,177200,1
36319.282,1,1707593,3000,178200,-1
36320.51,5,1707560,46,177250,1
36320.514,5,1707560,58,177250,1
36321.098,5,1707560,408,177250,1
36321.098,5,1707570,400,177240,1
36321.098,5,1708825,192,177240,1
36323.229,2,1707543,300,177200,1
36325.169,1,1711470,500,178200,-1
36331.327,1,1715696,300,177400,-1
36332.23,2,1711470,500,178200,-1
36337.175,1,1720663,2000,175000,1
36337.25,4,1699805,69,177100,1
36337.558,4,1699805,31,177100,1
36338.413,4,1373481,69,177000,1
36338.426,4,1373481,88,177000,1
36339.341,4,1373481,100,177000,1
36339.346,4,1373481,100,177000,1
36339.403,4,1373481,300,177000,1
36339.666,4,1373481,148,177000,1
36340.131,2,1715696,300,177400,-1
36340.189,4,1373481,50,177000,1
36340.264,4,1373481,300,177000,1
36340.515,4,1373481,200,177000,1
36340.847,4,1373481,200,177000,1
36340.899,4,1373481,200,177000,1
36340.913,4,1373481,200,177000,1
36341.012,4,1373481,200,177000,1
36341.017,4,1373481,200,177000,1
36341.028,4,1373481,145,177000,1
36341.028,4,1380217,55,177000,1
36341.043,4,1380217,200,177000,1
36341.172,4,1380217,200,177000,1
36341.344,4,1380217,200,177000,1
36341.438,4,1380217,200,177000,1
36341.669,4,1380217,500,177000,1
36341.88,4,1380217,600,177000,1
36341.884,4,1380217,545,177000,1
36341.884,4,1399209,55,177000,1
36341.894,4,1399209,100,177000,1
36342.12,4,1399209,600,177000,1
36342.355,4,1399209,600,177000,1
36342.961,1,1725801,800,176600,1
36343.212,1,1725982,800,176100,1
36343.305,1,1726055,800,175600,1
36343.399,1,1726103,800,175100,1
36343.402,1,1726106,800,174600,1
36343.404,1,1726109,800,174100,1
36343.884,4,1399209,145,177000,1
36343.884,4,1411264,355,177000,1
36354.098,1,1733745,400,178500,-1
36354.387,5,1727671,29,177010,1
36362.529,1,1739829,500,178200,-1
36364.514,1,1741066,100,176700,1
36366.123,5,1727671,7,177010,1
36368.134,2,1636198,300,173500,1
36368.144,1,1743718,300,176200,1
36372.158,1,1746253,100,177900,-1
36372.183,2,1694595,1000,178190,-1
36372.221,1,1746299,1000,177890,-1
36372.291,2,1739829,500,178200,-1
36372.298,1,1746339,500,177900,-1
36381.395,4,1411264,100,177000,1
36381.595,4,1411264,400,177000,1
36381.954,4,1411264,100,177000,1
36383.249,4,1411264,100,177000,1
36384.278,4,1411264,100,177000,1
36386.185,4,1411264,345,177000,1
36386.185,4,1515295,200,177000,1
36386.301,1,1757109,3000,176700,1
36389.465,2,1741066,100,176700,1
36391.839,2,1757109,3000,176700,1
36391.854,1,1761255,900,176610,1
36391.911,1,1761301,3000,176600,1
36392.884,2,1761255,900,176610,1
36392.901,1,1762035,800,176610,1
36393.963,2,1762035,800,176610,1
36393.979,2,1761301,3000,176600,1
36393.983,1,1762936,700,176610,1
36394.697,2,1762936,700,176610,1
36394.713,1,1763380,500,176610,1
36396.245,2,1707593,3000,178200,-1
36396.261,1,1764561,3000,177900,-1
36396.557,2,1763380,500,176610,1
36396.572,1,1764740,400,176610,1
36399.245,2,1764740,400,176610,1
36400.099,1,1767482,500,176700,1
36401.938,4,1767482,48,176700,1
36401.944,4,1767482,300,176700,1
36402.266,2,1767482,152,176700,1
36404.143,2,1746253,100,177900,-1
36407.445,1,1773118,152,176400,1
36407.507,4,1367504,88,176600,1
36410.678,4,1367504,2,176600,1
36410.678,4,1725801,798,176600,1
36411.011,4,1725801,2,176600,1
36412.055,4,1297089,100,176500,1
36412.055,4,1297089,100,176500,1
36413.703,4,1297089,100,176500,1
36415.031,2,1743718,300,176200,1
36415.037,1,1779263,300,176000,1
36417.721,5,1780012,300,176510,1
36420.492,5,1783237,100,176540,1
36420.807,5,1783753,1100,176540,1
36420.995,5,1783982,100,176540,1
36421.216,5,1784103,100,176540,1
36421.507,5,1784235,100,176540,1
36421.908,5,1784437,100,176540,1
36422.227,5,1784706,100,176540,1
36422.525,2,1773118,152,176400,1
36422.58,5,1784901,100,176540,1
36422.857,5,1785139,500,176540,1
36422.881,5,1781949,100,176530,1
36422.923,2,1779263,300,176000,1
36422.925,1,1785277,300,176200,1
36423.099,5,1785267,100,176540,1
36423.311,5,1785267,100,176540,1
36423.487,5,1785267,100,176540,1
36423.694,5,1785267,100,176540,1
36423.987,5,1785267,100,176540,1
36424.192,5,1785267,100,176540,1
36424.283,5,1785267,500,176540,1
36424.498,5,1785267,408,176540,1
36424.498,5,1782927,221,176530,1
36424.498,4,1297089,271,176500,1
36424.507,4,1297089,100,176500,1
36424.758,4,1297089,100,176500,1
36424.8,4,1297089,500,176500,1
36425.211,4,1297089,100,176500,1
36425.284,4,1297089,129,176500,1
36425.284,1,1786836,371,176500,-1
36425.381,1,1786885,3000,176200,1
36426.008,2,1786885,3000,176200,1
36426.851,2,1786836,371,176500,-1
36426.938,5,1787402,500,176450,-1
36426.938,5,1787403,100,176450,-1
36427.34,5,1787959,300,176490,-1
36427.762,5,1787959,136,176490,-1
36429.534,1,1789065,2000,178500,-1
36430.304,2,1785277,300,176200,1
36430.307,1,1789420,300,176100,1
36430.418,1,1789465,3000,176100,1
36430.551,1,1789530,371,176490,-1
36431.082,2,1746339,500,177900,-1
36431.306,1,1789914,1000,176110,1
36432.395,4,1789530,95,176490,-1
36432.471,2,1789530,276,176490,-1
36436.516,1,1792542,276,176590,-1
36437.038,2,1792542,276,176590,-1
36437.473,1,1793014,500,176200,1
36437.493,2,1789914,1000,176110,1
36439.416,1,1794251,1000,176210,1
36442.008,1,1796011,100,176900,-1
36442.039,2,1746299,1000,177890,-1
36442.058,1,1796038,1000,176890,-1
36442.21,1,1796100,276,176500,-1
36443.763,2,1796100,276,176500,-1
36444.102,2,1794251,1000,176210,1
36447.556,1,1799761,1000,176210,1
36447.677,2,1789465,3000,176100,1
36447.695,1,1799878,3000,176200,1
36449.555,2,1799761,1000,176210,1
36450.215,1,1801417,95,176600,1
36450.525,4,1801417,95,176600,1
36451.308,2,1793014,500,176200,1
36453.823,5,1802284,500,176250,1
36453.823,5,1803070,500,176250,1
36453.823,5,1802970,500,176210,1
36453.823,4,1799878,2300,176200,1
36455.093,2,1799878,700,176200,1
36455.102,1,1805159,300,176200,1
36455.146,2,1805159,300,176200,1
36455.533,2,1796011,100,176900,-1
36457.425,2,1667110,1000,178900,-1
36459.541,1,1808502,276,176290,-1
36460.055,2,1789420,300,176100,1
36460.057,1,1808875,300,176000,1
36460.572,2,1808502,276,176290,-1
36461.304,1,1810057,500,176100,1
36463.62,2,1796038,1000,176890,-1
36463.653,1,1812008,1000,177300,-1
36465.171,1,1813194,500,177300,-1
36465.916,2,1764561,3000,177900,-1
36465.934,1,1813854,3000,177300,-1
36467.067,1,1814945,10,176200,1
36470.013,4,1814945,10,176200,1
36470.022,4,1725982,800,176100,1
36470.022,4,1810057,500,176100,1
36471.858,5,1819022,95,176190,-1
36472.743,2,1612798,500,175700,1
36472.745,1,1819832,500,175400,1
36474.599,1,1821379,200,176100,1
36474.622,5,1821376,600,176110,1
36474.622,4,1821379,200,176100,1
36477.05,2,1808875,300,176000,1
36477.059,1,1823457,300,175900,1
36477.102,1,1823500,100,176600,-1
36477.133,2,1812008,1000,177300,-1
36477.164,1,1823555,1000,176590,-1
36477.24,2,1813194,500,177300,-1
36477.248,1,1823639,500,176600,-1
36477.373,2,1823457,300,175900,1
36477.375,1,1823746,300,175800,1
36478.167,1,1824414,2500,175800,1
36478.714,1,1824872,224,176100,1
36478.726,2,1823555,1000,176590,-1
36478.742,1,1824894,800,176590,-1
36479.777,1,1825765,100,175600,1
36479.992,2,1824894,800,176590,-1
36480.01,1,1825922,400,176590,-1
36480.661,2,1823500,100,176600,-1
36482.443,2,1824872,224,176100,1
36482.654,1,1827944,500,175900,1
36482.761,2,1824414,2500,175800,1
36482.779,1,1828016,2500,175900,1
36485.611,1,1829930,10,176200,1
36485.617,1,1829934,100,176300,-1
36490.365,1,1833021,500,176200,1
36491.509,2,1813854,3000,177300,-1
36493.305,4,1829934,100,176300,-1
36494.398,2,1825922,400,176590,-1
36494.499,2,1823639,500,176600,-1
36494.524,1,1836358,1000,177300,-1
36495.065,2,1833021,500,176200,1
36495.359,1,1836989,10,176300,1
36497.08,1,1837971,300,186500,-1
36498.39,4,1836989,10,176300,1
36498.607,4,1829930,10,176200,1
36498.607,5,1826418,80,176200,1
36499.933,1,1840210,100,176300,-1
36500.848,1,1841042,200,176200,1
36500.934,1,1841137,200,176210,1
36503.336,4,1840210,100,176300,-1
36503.501,1,1843503,3000,177300,-1
36505.453,1,1845167,100,176800,-1
36505.476,2,1836358,1000,177300,-1
36505.513,1,1845236,1000,176790,-1
36507.171,2,1843503,3000,177300,-1
36508.444,2,1845236,1000,176790,-1
36508.476,1,1847600,700,176790,-1
36509.359,5,1846573,200,176240,1
36511.187,2,1845167,100,176800,-1
36513.61,2,1841042,200,176200,1
36513.81,1,1851202,200,176300,1
36517.246,2,1851202,200,176300,1
36517.309,2,1841137,200,176210,1
36517.335,1,1853540,1000,176010,1
36517.351,1,1853557,200,176400,1
36517.508,2,1853540,1000,176010,1
36517.582,5,1853545,200,176410,1
36517.776,5,1853545,100,176410,1
36520.019,2,1827944,500,175900,1
36521.662,1,1856256,276,176490,-1
36522.947,2,1856256,276,176490,-1
36523.83,1,1857769,500,176800,-1
36525.436,1,1858773,10,176500,1
36528.09,4,1858773,10,176500,1
36528.09,1,1860610,66,176500,-1
36530.933,1,1862784,250,176400,1
36533.805,2,147891,200,173300,1
36534.537,1,1865124,200,171300,1
36539.704,2,1825765,100,175600,1
36539.972,1,1869295,200,175600,1
36545.246,5,1853545,400,176410,1
36545.328,2,1853557,200,176400,1
36547.934,2,1860610,66,176500,-1
36548.057,4,1862784,250,176400,1
36548.084,1,1874235,1000,176010,1
36549.228,1,1874822,266,176400,-1
36551.671,5,1875453,27,176360,-1
36551.898,2,1874235,1000,176010,1
36551.928,1,1876706,700,176010,1
36551.958,1,1876728,500,176000,1
36553.193,4,1874822,13,176400,-1
36554.156,2,1874822,253,176400,-1
36554.288,2,1857769,500,176800,-1
36555.083,2,1828016,2500,175900,1
36562.13,2,1847600,700,176790,-1
36562.162,1,1884070,1000,177600,-1
36562.289,1,1884169,3000,177600,-1
36562.941,1,1884588,2500,176000,1
36563.221,2,1876728,500,176000,1
36571.344,1,1889383,200,176600,1
36571.387,1,1889401,200,176610,1
36571.763,2,1889383,200,176600,1
36573.934,2,1884169,3000,177600,-1
36574.49,1,1890900,10,176800,1
36576.804,2,1889401,200,176610,1
36579.559,4,1890900,10,176800,1
36579.559,1,1893587,243,176800,-1
36580.034,5,1893605,10,176750,-1
36580.943,5,1893605,590,176750,-1
36580.943,5,1893608,400,176760,-1
36580.943,5,1894312,1973,176760,-1
36580.943,4,1893587,243,176800,-1
36581.045,1,1894776,200,176700,1
36581.143,5,1894803,400,176750,1
36581.838,1,1895426,3000,177600,-1
36582.267,5,1895584,65,176780,-1
36582.437,1,1895870,200,176710,1
36582.443,1,1895883,200,176700,1
36582.685,5,1895929,69,176760,1
36582.928,5,1895929,100,176760,1
36583.658,5,1895929,31,176760,1
36583.658,5,1895933,400,176750,1
36583.658,4,1895870,69,176710,1
36583.751,1,1896825,500,177600,-1
36584.604,4,1895870,131,176710,1
36584.604,5,1894771,600,176710,1
36584.604,5,1895866,69,176710,1
36585.771,2,1869295,200,175600,1
36589.518,5,1895866,88,176710,1
36590.535,5,1895866,100,176710,1
36591.787,5,1900879,10,176800,-1
36592.899,1,1903413,100,177300,-1
36592.929,2,1884070,1000,177600,-1
36592.96,1,1903470,1000,177290,-1
36593.029,2,1896825,500,177600,-1
36593.036,1,1903523,500,177300,-1
36595.228,1,1905361,100,176100,1
36595.799,2,1895883,200,176700,1
36598.154,2,1895426,3000,177600,-1
36598.999,1,1908603,10,176800,1
36599.715,4,1908603,10,176800,1
36603.08,4,1894776,100,176700,1
36605.664,4,1894776,88,176700,1
36605.778,1,1913238,500,176100,1
36605.865,2,1884588,2500,176000,1
36605.882,1,1913311,2500,176100,1
36606.456,4,1894776,12,176700,1
36606.49,2,1876706,700,176010,1
36606.523,1,1913729,1000,176110,1
36607.889,2,1903413,100,177300,-1
36611.074,1,1917142,94,176700,-1
36615.681,4,1917142,94,176700,-1
36620.884,1,1923949,10,176700,1
36626.579,1,1927884,100,176600,1
36633.668,1,1931622,100,177900,-1
36635.27,2,1927884,100,176600,1
36635.275,1,1932716,100,176700,1
36649.422,1,1943851,10,176800,1
36652.827,2,1913238,500,176100,1
36653.285,2,1903470,1000,177290,-1
36653.317,1,1946818,900,177290,-1
36657.089,2,1903523,500,177300,-1
36657.466,1,1949652,400,176900,1
36659.245,5,1949801,100,176940,1
36661.673,1,1952351,10,177000,1
36665.249,4,1952351,10,177000,1
36666.149,1,1955691,800,177800,-1
36666.243,1,1955775,800,178300,-1
36675.13,1,1962355,500,175500,1
36687.705,2,37894,240,171000,1
36688.32,1,1972998,240,176200,1
36688.42,1,1973063,10,177000,1
36705.38,2,1949652,400,176900,1
36705.489,2,1913311,2500,176100,1
36705.505,1,1984755,2500,176700,1
36711.184,2,1984755,2500,176700,1
36712.425,2,1946818,900,177290,-1
36712.456,1,1989917,1000,177790,-1
36712.562,1,1990028,500,177800,-1
36715.144,1,1992655,3000,177800,-1
36717.456,2,1913729,1000,176110,1
36720.669,4,1973063,10,177000,1
36721.194,1,1997277,500,177000,-1
36723.569,2,1997277,500,177000,-1
36724.154,2,1992655,3000,177800,-1
36724.965,1,2000086,400,172300,1
36725.789,2,1990028,500,177800,-1
36726.581,1,2001273,500,177090,-1
36726.696,1,2001349,10,176900,1
36730.995,2,2001273,500,177090,-1
36731.198,1,2004830,3000,177800,-1
36731.546,4,2001349,10,176900,1
36733.014,5,2005735,500,176810,1
36733.014,5,2005990,400,176810,1
36733.014,4,1943851,10,176800,1
36733.247,4,1923949,10,176700,1
36733.247,4,1932716,80,176700,1
36733.39,1,2006545,500,176200,1
36733.398,1,2006552,2500,176200,1
36733.648,4,1932716,20,176700,1
36733.675,1,2006745,1000,176210,1
36734.661,2,2006745,1000,176210,1
36734.691,1,2007435,700,176210,1
36739.045,2,2006552,2500,176200,1
36742.607,1,2012962,500,176500,1
36742.843,2,2006545,500,176200,1
36742.85,1,2013138,500,176500,1
36745.547,2,2013138,500,176500,1
36749.375,5,2017104,10,176710,1
36755.865,1,2022109,500,177800,-1
36757.957,2,2022109,500,177800,-1
36772.158,2,2007435,700,176210,1
36772.173,1,2033466,1000,176510,1
36774.183,1,2034548,100,177000,-1
36775.23,2,1905361,100,176100,1
36777.505,2,2033466,1000,176510,1
36777.94,1,2036925,1000,176510,1
36778.471,2,2036925,1000,176510,1
36779.699,1,2037734,500,176500,1
36783.056,2,2037734,500,176500,1
36789.251,1,2044652,1000,176510,1
36790.274,2,1931622,100,177900,-1
36790.65,2,2012962,500,176500,1
36790.75,2,2034548,100,177000,-1
36792.72,1,2047268,1000,177500,-1
36792.735,2,1989917,1000,177790,-1
36792.757,1,2047295,1000,177490,-1
36793.866,2,2004830,3000,177800,-1
36793.873,1,2047966,2500,176500,1
36794.704,1,2048522,500,177500,-1
36795.997,5,2039957,50,176880,-1
36800.86,2,2047966,2500,176500,1
36801.067,1,2053576,100,177900,-1
36801.345,2,2044652,1000,176510,1
36801.36,1,2053798,1000,176210,1
36801.418,1,2053858,2500,176200,1
36802.689,1,2054836,10,177000,1
36802.73,4,2054836,10,177000,1
36812.063,2,2048522,500,177500,-1
36813.163,1,2062039,500,176300,1
36813.188,2,2053798,1000,176210,1
36813.203,1,2062071,1000,176310,1
36813.257,2,2053858,2500,176200,1
36813.276,1,2062124,2500,176300,1
36817.328,1,2064306,100,178000,-1
36819.632,1,2065733,10,177000,1
36821.236,2,2062071,1000,176310,1
36825.223,1,2069298,100,175600,1
36832.501,2,2064306,100,178000,-1
36833.919,2,2062039,500,176300,1
36834.027,2,1733745,400,178500,-1
36836.024,2,2065733,10,177000,1
36836.046,1,2076055,1000,176310,1
36839.192,1,2078366,10,177000,1
36844.597,1,2082377,200,177000,1
36846.375,1,2084081,500,177500,-1
36857.853,2,1640512,300,182900,-1
36857.86,1,2094178,300,178600,-1
36858.499,1,2094777,1000,175100,1
36862.031,2,2094178,300,178600,-1
36862.035,1,2097688,200,178700,-1
36875.916,4,2078366,10,177000,1
36875.916,4,2082377,90,177000,1
36876.233,4,2082377,100,177000,1
36876.257,4,2082377,10,177000,1
36877.405,2,2076055,1000,176310,1
36877.421,1,2108095,900,176310,1
36881.505,2,2062124,2500,176300,1
36882.805,1,2112597,500,176400,1
36882.827,2,2108095,900,176310,1
36882.842,1,2112636,1000,176410,1
36884.946,5,2113569,200,176900,-1
36886.608,2,2112636,1000,176410,1
36886.623,1,2115313,900,176410,1
36886.904,1,2115519,2000,176900,-1
36913.991,1,2132438,170,177000,-1
36917.36,2,2115519,2000,176900,-1
36917.539,1,2134840,2000,176800,-1
36919.652,1,2136172,100,176800,-1
36923.223,1,2138477,1000,176400,1
36927.389,2,2115313,900,176410,1
36927.62,2,2134840,2000,176800,-1
36927.908,1,2141730,2000,176700,-1
36931.428,2,2138477,1000,176400,1
36931.911,1,2144766,900,176500,1
36932.496,2,2144766,900,176500,1
36932.52,1,2145203,900,176400,1
36934.869,4,2141730,400,176700,-1
36935.492,4,2141730,1000,176700,-1
36937.059,2,2053576,100,177900,-1
36937.204,2,2136172,100,176800,-1
36938.058,1,2149890,1000,176300,1
36938.061,2,2145203,900,176400,1
36945.168,1,2154113,100,177500,-1
36946.026,4,2141730,600,176700,-1
36947.251,1,2155353,400,176700,1
36948.489,5,2156059,100,176760,1
36948.778,2,2155353,400,176700,1
36948.794,1,2156446,1000,176410,1
36962.512,2,2047295,1000,177490,-1
36962.528,1,2166385,1000,176990,-1
36962.731,2,2156446,1000,176410,1
36964.138,2,2166385,1000,176990,-1
36964.543,1,2168042,700,176990,-1
36964.981,2,2168042,700,176990,-1
36965.747,1,2168915,1000,176410,1
36969.856,2,2168915,1000,176410,1
36970.137,1,2171457,1000,176410,1
36970.747,2,2171457,1000,176410,1
36973.908,1,2174009,100,177000,-1
36974.332,1,2174262,1200,177200,-1
36978.606,1,2177125,1000,176410,1
36981.96,1,2179062,100,176900,-1
36983.731,2,2177125,1000,176410,1
36983.84,1,2180446,1000,176410,1
36983.964,2,2180446,1000,176410,1
36984.211,2,2174262,1200,177200,-1
36984.459,1,2180938,400,177500,-1
36985.101,5,2180117,500,176750,-1
36985.101,5,2178326,100,176780,-1
36987.103,2,37897,800,183300,-1
36987.643,1,2183176,800,178800,-1
36992.166,1,2186786,100,176500,1
36995.254,2,2154113,100,177500,-1
36995.522,2,2179062,100,176900,-1
36995.656,2,2084081,500,177500,-1
36995.663,1,2189141,500,177000,-1
36995.824,1,2189249,400,176790,-1
36997.174,2,2186786,100,176500,1
37001.585,2,2189249,400,176790,-1
37001.605,1,2193522,1000,176990,-1
37003.853,1,2195124,100,176900,-1
37003.991,2,2189141,500,177000,-1
37003.999,1,2195210,500,176900,-1
37004.587,1,2195537,100,176500,1
37006.245,2,2195537,100,176500,1
37006.87,2,2193522,1000,176990,-1
37007.359,2,1972998,240,176200,1
37007.744,2,2195210,500,176900,-1
37008.15,1,2197733,240,176500,1
37011.149,2,2112597,500,176400,1
37011.165,1,2199770,500,176500,1
37012.142,2,38182,1500,174500,1
37014.377,2,2199770,500,176500,1
37015.264,1,2202547,100,176500,1
37015.266,1,2202549,100,177200,-1
37015.981,2,2195124,100,176900,-1
37021.135,1,2206165,100,176800,-1
37023.79,4,2206165,100,176800,-1
37025.182,1,2208424,1000,176510,1
37032.509,2,2174009,100,177000,-1
37034.775,2,2202549,100,177200,-1
37034.817,1,2215361,100,177300,-1
37034.818,2,2149890,1000,176300,1
37034.819,1,2215364,1000,176600,1
37036.423,2,2215364,1000,176600,1
37037.607,1,2217407,2500,176500,1
37037.856,2,2217407,2500,176500,1
37039.211,1,2218428,100,177100,-1
37042.192,1,2220013,100,176700,1
37044.17,1,2221080,1000,176500,1
37045.156,2,2220013,100,176700,1
37052.24,2,2218428,100,177100,-1
37053.438,1,2226413,700,174000,1
37054.12,1,2226906,500,176600,1
37054.154,2,2208424,1000,176510,1
37054.182,1,2226947,1000,176610,1
37062.593,2,2226906,500,176600,1
37076.791,4,2132438,100,177000,-1
37076.937,1,2242040,500,177300,-1
37076.963,2,2226947,1000,176610,1
37076.994,1,2242080,1000,176510,1
37077.431,2,2242080,1000,176510,1
37077.75,5,2242046,100,176950,-1
37078.042,2,2242040,500,177300,-1
37078.103,1,2242958,1000,176510,1
37083.516,1,2246723,1200,177400,-1
37085.635,2,2246723,1200,177400,-1
37087.011,1,2249496,100,177000,-1
37090.767,1,2251739,1900,177000,-1
37095.487,5,2254558,500,176810,1
37103.84,2,2242958,1000,176510,1
37107.245,2,2221080,1000,176500,1
37107.282,2,2202547,100,176500,1
37109.23,1,2264100,1200,176400,1
37109.239,1,2264107,100,176500,1
37115.687,1,2268824,500,176790,-1
37116.619,2,2264107,100,176500,1
37116.844,2,2268824,500,176790,-1
37117.08,1,2269995,500,176500,1
37118.978,1,2271207,1000,176510,1
37119.855,1,2271678,1,10000,1
37126.946,2,2271678,1,10000,1
37131.421,1,2278644,100,176600,1
37131.487,2,2269995,500,176500,1
37131.496,1,2278688,500,176600,1
37134.32,2,2271207,1000,176510,1
37134.353,1,2280171,1000,176610,1
37135.024,2,2280171,1000,176610,1
37137.484,5,2280595,55,176970,-1
37137.484,4,2132438,70,177000,-1
37137.484,4,2249496,100,177000,-1
37137.484,4,2251739,1175,177000,-1
37142.635,2,2215361,100,177300,-1
37142.847,1,2284919,100,177400,-1
37143.555,5,2281712,445,176960,-1
37143.555,4,2251739,255,177000,-1
37148.781,1,2288362,1200,177300,-1
37152.089,5,2289556,67,176900,-1
37152.834,2,2278644,100,176600,1
37152.878,1,2290854,100,176500,1
37155.586,1,2292252,100,176800,1
37156.752,2,2288362,1200,177300,-1
37157.074,2,2197733,240,176500,1
